"Quarter end","Shares","Shares split adjusted","Split factor","Assets","Current Assets","Liabilities","Current Liabilities","Shareholders equity","Non-controlling interest","Preferred equity","Goodwill & intangibles","Long-term debt","Revenue","Earnings","Earnings available for common stockholders","EPS basic","EPS diluted","Dividend per share","Cash from operating activities","Cash from investing activities","Cash from financing activities","Cash change during period","Cash at end of period","Capital expenditures","Price","Price high","Price low","ROE","ROA","Book value of equity per share","P/B ratio","P/E ratio","Cumulative dividends per share","Dividend payout ratio","Long-term debt to equity ratio","Equity to assets ratio","Net margin","Asset turnover","Free cash flow per share","Current ratio"
2019-03-31,215395406,215395406,1,15761093000,768395000,9855791000,3429420000,5905302000,0,0,2206456000,5934185000,1403630000,118157000,118157000,0.54,0.54,0,535377000,-221918000,-172602000,140857000,304708000,214559000,48.59,56.67,40.5,0.1633,0.063,27.42,1.77,11.38,0,0,1.0049,0.3747,0.1573,0.4,1.49,0.2241
2018-12-31,217727855,217727855,1,15205970000,550313000,9242969000,3150500000,5963001000,0,0,2206456000,5810873000,1381193000,154634000,154634000,0.7,0.7,0,355070000,-206581000,-271099000,-122610000,163851000,205118000,48.61,57.86,39.36,0.1626,0.0633,27.39,1.74,12.15,0,0,0.9745,0.3921,0.1577,0.4,0.69,0.1747
2018-09-30,221659283,221659283,1,15316122000,727408000,9118032000,3052179000,6198090000,0,0,2206456000,5875252000,1858356000,470378000,470378000,2.12,2.11,0,466300000,-109990000,-274856000,81454000,286461000,110244000,52.13,58.09,46.16,0.1545,0.0607,27.96,2.03,14.36,0,0,0.9479,0.4047,0.1518,0.4,1.61,0.2383
2018-06-30,221468328,221468328,1,15329646000,671490000,9642853000,3306165000,5686793000,0,0,2206456000,6149221000,1522174000,226676000,226676000,1.02,1.01,0,643040000,-1042512000,302731000,-96741000,205007000,1107560000,52.22,57.37,47.06,0.1467,0.057,25.68,2.08,14.96,0,0,1.0813,0.371,0.1451,0.39,-2.1,0.2031
2018-03-31,224689497,224689497,1,14484985000,760775000,8845912000,3093543000,5639073000,0,0,2206456000,5580290000,1293403000,103155000,103155000,0.45,0.45,0,610761000,-143625000,-341578000,125558000,301748000,143874000,56.24,61.18,51.3,0.1462,0.0564,25.1,2.24,16.99,0,0,0.9896,0.3893,0.1446,0.39,2.08,0.2459
2017-12-31,228662733,228662733,1,14094869000,518337000,8345103000,2490021000,5749766000,0,0,2206456000,5688392000,1249553000,98797000,98797000,0.43,0.43,0,226103000,-240129000,-332688000,-346714000,176190000,242700000,56.01,59.66,52.36,0.1454,0.0549,25.15,2.31,17.5,0,0,0.9893,0.4079,0.1408,0.39,-0.07,0.2082
2017-09-30,228463930,228463930,1,14265117000,864834000,8727513000,2528662000,5537604000,0,0,2206456000,6002877000,1651738000,400692000,400692000,1.76,1.74,0,439907000,-64249000,-72069000,303589000,522904000,64249000,56.73,61.48,51.99,0.149,0.0541,24.24,2.59,19.17,0,0,1.084,0.3882,0.1391,0.39,1.64,0.342
2017-06-30,228162188,228162188,1,13946176000,513916000,8954427000,2654127000,4991749000,0,0,2206456000,6083226000,1344103000,198473000,198473000,0.87,0.87,0,484787000,-982743000,497482000,-474000,219315000,947488000,51.63,56.29,46.96,0.1444,0.051,21.88,2.54,18.91,0,0,1.2187,0.3579,0.1322,0.39,-2.03,0.1936
2017-03-31,227910542,227910542,1,13076251000,488351000,8450969000,2506759000,4625282000,0,0,2206456000,5644175000,1150781000,61910000,61910000,0.27,0.27,0,434944000,-117777000,-225725000,91442000,219789000,117777000,47.57,52.5,42.64,0.1396,0.0479,20.29,2.38,17.11,0,0,1.2203,0.3537,0.1257,0.38,1.39,0.1948
2016-12-31,227324137,227324137,1,12973911000,411093000,8436185000,2312818000,4537726000,0,0,2206456000,5838494000,1125137000,72232000,72232000,0.32,0.32,0,150907000,-178678000,687000,-27084000,128347000,176155000,40.36,45.5,35.21,0.1479,0.0494,19.96,2.02,15.35,0,0,1.2867,0.3498,0.1299,0.38,-0.11,0.1777
2016-09-30,227179962,227179962,1,12943340000,436699000,8406613000,2348989000,4536727000,0,0,2206456000,5815248000,1484736000,342378000,342378000,1.51,1.5,0,340721000,-151208000,-180046000,9467000,155431000,151037000,39.43,44.7,34.16,0.1465,0.0474,19.97,2.17,17.76,0,0,1.2818,0.3505,0.1252,0.38,0.83,0.1859
2016-06-30,227114541,227114541,1,12957749000,440030000,8839388000,2592264000,4118361000,0,0,2206456000,5971143000,1186835000,145246000,145246000,0.64,0.64,0,417942000,-665834000,238989000,-8903000,145964000,632872000,46.71,55.25,38.17,0.1292,0.0412,18.13,2.7,20.58,0,0,1.4499,0.3178,0.1109,0.37,-0.95,0.1697
2016-03-31,227006865,227006865,1,12405739000,392916000,8478128000,2490089000,3927611000,0,0,2206456000,5670144000,1077632000,73229000,73229000,0.32,0.32,0,330096000,-133194000,-157972000,38930000,154867000,132027000,47.6,58.19,37.01,0.1358,0.0434,17.3,2.86,25.73,0,0,1.4437,0.3166,0.1164,0.37,0.87,0.1578
2015-12-31,227310627,227310627,1,12264757000,340411000,8483877000,2366519000,3780880000,0,0,2206456000,5767697000,1036523000,38312000,38312000,0.18,0.17,0,67702000,-874695000,692750000,-114243000,115937000,791176000,58.86,64.27,53.46,0.1145,0.0361,16.63,3.45,37.49,0,0,1.5255,0.3083,0.0983,0.37,-3.18,0.1438
2015-09-30,229468539,229468539,1,11747165000,441196000,7828271000,2431282000,3918894000,0,0,2206456000,5096237000,1284910000,251787000,251787000,1.11,1.09,0,281333000,-145054000,-79057000,57222000,230180000,145054000,56.61,63.22,50,0.0991,0.0312,17.08,3.47,39.04,0,0,1.3004,0.3336,0.0886,0.35,0.59,0.1815
2015-06-30,229147263,229147263,1,11687387000,399917000,7946932000,2474088000,3740455000,0,0,2347325000,5178044000,1085433000,158494000,158494000,0.7,0.69,0,392921000,-127941000,-213444000,51536000,172958000,127941000,52.79,57.55,48.03,0.092,0.0296,16.32,3.48,40.61,0,0,1.3843,0.32,0.084,0.35,1.16,0.1616
2015-03-31,229727479,229727479,1,11592737000,324626000,8113345000,2373774000,3479392000,0,0,2365698000,5379082000,938182000,-21456000,-21456000,-0.1,-0.1,0,299222000,-58563000,-204061000,36598000,121422000,58563000,48.95,55.35,42.55,0.0848,0.0281,15.15,3.17,29.85,0,0,1.546,0.3001,0.0781,0.36,1.05,0.1368
2014-12-31,227718824,227718824,1,11573077000,283735000,8054264000,2086599000,3518813000,0,0,2383928000,5607157000,788909000,-25609000,-25609000,-0.11,-0.11,0,-65123000,-1013823000,1107901000,28955000,84824000,187137000,48.16,48.16,48.16,0.1158,0.0403,15.45,3.43,25.21,0,0,1.5935,0.3041,0.1082,0.37,-1.11,0.136
2014-09-30,203302279,203302279,1,7374049000,190636000,4490065000,1303024000,2852612000,31372000,0,611330000,3082346000,907017000,201078000,201078000,0.99,0.97,0,181616000,-77271000,-111959000,-7614000,55869000,77271000,34.71,38.05,31.38,0.1484,0.0558,14.03,2.63,19.72,0,0,1.0805,0.3868,0.1362,0.41,0.51,0.1463
2014-06-30,203203767,203203767,1,7314803000,210224000,4600022000,1379900000,2685659000,29122000,0,611330000,3129337000,765927000,111616000,111616000,0.54,0.54,0,290974000,-41256000,-250995000,-1277000,63483000,41256000,31.63,34.18,29.08,0.1411,0.053,13.22,2.46,26.81,0,0,1.1652,0.3672,0.1308,0.41,1.23,0.1523
2014-03-31,205237204,205237204,1,7318899000,187225000,4648934000,1256890000,2634980000,34985000,0,611330000,3290493000,664028000,51267000,51267000,0.25,0.24,0,228134000,-746310000,526469000,8293000,64760000,746310000,34.45,37.3,31.61,0.0983,None,12.84,2.71,76.56,0,0,1.2488,0.36,0.0921,0.4,-2.52,0.149
2013-12-31,205167499,205167499,1,6650978000,182924000,4019712000,1075488000,2608908000,22358000,0,611330000,2841214000,600345000,36092000,36092000,0.17,0.16,0,76938000,-59086000,-18345000,-493000,56467000,59086000,32.27,35.97,28.57,0.0411,None,12.72,2.59,None,0,0,1.089,0.3923,0.0396,0.4,0.09,0.1701
2013-09-30,205083076,205083076,1,6605549000,187051000,4030661000,1077745000,2552697000,22191000,0,611330000,2830477000,797885000,170858000,170858000,0.84,0.82,0,145563000,-76745000,-94698000,-25880000,56960000,76745000,30.98,33.67,28.28,None,None,12.45,2.68,None,0,None,1.1088,0.3864,None,None,0.34,0.1736
2013-06-30,204014702,204014702,1,6588633000,201019000,4204340000,1171083000,2353653000,30640000,0,0,2918566000,644433000,-8841000,-8841000,-0.04,-0.04,0,170685000,-673868000,504822000,1639000,82840000,673868000,30.46,32.93,28,None,None,11.54,2.62,None,0,None,1.24,0.3572,None,None,-2.47,0.1717
2013-03-31,203997492,203997492,1,5991730000,206767000,3590142000,1046142000,2372715000,28873000,0,0,2416580000,527631000,-96395000,-96395000,-0.49,-0.49,0,82095000,-85152000,38758000,35701000,81201000,85152000,25.45,31.91,19,None,None,11.63,2.57,None,0,None,1.0185,0.396,None,None,-0.01,0.1976
2012-12-31,203997492,203997492,1,5938427000,164929000,3919643000,945089000,2018784000,0,0,611330000,2764120000,None,None,None,None,None,0,None,None,None,None,45500000,0,None,None,None,None,None,9.9,None,None,0,None,1.3692,0.34,None,None,None,0.1745
