"Quarter end","Shares","Shares split adjusted","Split factor","Assets","Current Assets","Liabilities","Current Liabilities","Shareholders equity","Non-controlling interest","Preferred equity","Goodwill & intangibles","Long-term debt","Revenue","Earnings","Earnings available for common stockholders","EPS basic","EPS diluted","Dividend per share","Cash from operating activities","Cash from investing activities","Cash from financing activities","Cash change during period","Cash at end of period","Capital expenditures","Price","Price high","Price low","ROE","ROA","Book value of equity per share","P/B ratio","P/E ratio","Cumulative dividends per share","Dividend payout ratio","Long-term debt to equity ratio","Equity to assets ratio","Net margin","Asset turnover","Free cash flow per share","Current ratio"
2019-03-31,103131661,103131661,1,23158000000,4582000000,21045000000,3725000000,-134000000,2247000000,0,8281000000,14972000000,4545000000,-19000000,-19000000,-0.18,-0.18,0,10000000,-139000000,-30000000,-159000000,252000000,194000000,23.8,30.84,16.77,None,-0.0029,-1.3,None,22.04,0,None,None,None,None,0.81,-1.78,1.2301
2018-12-31,102667337,102667337,1,22409000000,4636000000,20302000000,3857000000,-119000000,2226000000,0,8334000000,14644000000,4619000000,-144963000,-144963000,-0.04,-0.04,0,250000000,-235000000,-104000000,-89000000,411000000,203000000,23.01,29.41,16.61,None,0.0064,-1.16,None,None,0,None,None,None,None,0.81,0.46,1.202
2018-09-30,102498300,102498300,1,22265000000,4492000000,20163000000,4224000000,-108000000,2210000000,0,8403000000,14850000000,4489000000,-9000000,-9000000,-0.09,-0.09,0,338000000,-105000000,-136000000,97000000,500000000,134000000,33.48,39.74,27.21,None,0.0084,-1.05,None,None,0,None,None,None,None,0.82,1.99,1.0634
2018-06-30,102397428,102397428,1,22343000000,4705000000,20338000000,4354000000,-154000000,2159000000,0,9011000000,14204000000,4506000000,108000000,26000000,0.25,0.25,0,348000000,-148000000,-771000000,-571000000,403000000,129000000,30.73,38.81,22.66,None,-0.0039,-1.5,None,None,0,None,None,None,None,0.81,2.14,1.0806
2018-03-31,102050769,102050769,1,23184000000,5634000000,20626000000,4561000000,-65000000,2623000000,0,8828000000,14223000000,4699000000,191000000,99000000,0.98,0.96,0,113000000,373000000,-123000000,363000000,974000000,136000000,19.87,25.24,14.5,None,-0.007,-0.64,None,None,0,None,None,None,None,0.81,-0.23,1.2353
2017-12-31,101107955,101107955,1,23385000000,5573000000,20980000000,4332000000,-147000000,2552000000,0,8784000000,14791000000,4978000000,-99000000,-229000000,-2.27,-2.27,0,491000000,-206000000,-103000000,182000000,611000000,-492328000,14.59,16.92,12.25,None,-0.0134,-1.45,60.79,None,0,None,None,None,None,0.8,9.73,1.2865
2017-09-30,100936869,100936869,1,23208000000,5309000000,20697000000,4139000000,24000000,2487000000,0,8786000000,14741000000,4586000000,-289000000,-367000000,-3.64,-3.64,0,308000000,535000000,-889000000,-46000000,429000000,148000000,16.87,21.19,12.54,None,-0.0082,0.24,4.56,None,0,None,614.2083,0.001,None,0.79,1.59,1.2827
2017-06-30,100820539,100820539,1,24341000000,5382000000,21505000000,4337000000,373000000,2463000000,0,8963000000,15012000000,4802000000,32000000,-55000000,-0.55,-0.55,0,215000000,-119000000,-193000000,-97000000,475000000,150000000,17.33,20,14.66,-0.4462,0.007,3.7,4.05,None,0,None,40.2466,0.0153,None,0.79,0.64,1.2409
2017-03-31,100530372,100530372,1,24510000000,5052000000,20986000000,3767000000,430000000,3094000000,0,9292000000,15071000000,4813000000,36000000,-53000000,-0.53,-0.53,0,186000000,-189000000,-141000000,-144000000,572000000,210000000,18.73,22.72,14.73,-0.392,0.0073,4.28,4.48,None,0,None,35.0488,0.0175,None,0.79,-0.24,1.3411
2016-12-31,99813435,99813435,1,24701000000,5257000000,21226000000,4034000000,417000000,3058000000,0,9270000000,15064000000,4860000000,23000000,-79000000,-0.79,-0.79,0,-293000000,-280000000,640000000,67000000,716000000,277000000,19.09,24.13,14.06,-0.3669,0.0072,4.18,3.6,None,0,None,36.1247,0.0169,None,0.81,-5.71,1.3032
2016-09-30,99635674,99635674,1,24474000000,5116000000,21002000000,4547000000,528000000,2944000000,0,9229000000,14323000000,4849000000,80000000,-8000000,-0.08,-0.08,0,269000000,-204000000,-72000000,-7000000,649000000,213000000,26.38,31.84,20.93,-0.3549,0.0064,5.3,5.02,None,0,None,27.1269,0.0216,None,0.82,0.56,1.1251
2016-06-30,99517920,99517920,1,24240000000,4993000000,20813000000,4430000000,523000000,2904000000,0,9156000000,14320000000,4868000000,39000000,-46000000,-0.46,-0.46,0,435000000,-266000000,-241000000,-72000000,656000000,198000000,29.89,34.08,25.71,-0.3499,0.0043,5.26,4.75,None,0,None,27.3805,0.0216,None,0.83,2.38,1.1271
2016-03-31,99304410,99304410,1,23766000000,5129000000,20459000000,4268000000,625000000,2682000000,0,8808000000,14350000000,5044000000,34000000,-59000000,-0.6,-0.6,0,147000000,320000000,-95000000,372000000,728000000,218000000,25.73,30.07,21.39,-0.3369,0.0015,6.29,3.67,None,0,None,22.96,0.0263,None,0.82,-0.71,1.2017
2015-12-31,98529352,98529352,1,23682000000,5171000000,20458000000,4308000000,691000000,2533000000,0,8645000000,14383000000,5022000000,2000000,-97000000,-0.99,-0.99,0,191000000,-45000000,-240000000,-94000000,356000000,274000000,33.17,39.75,26.6,-0.1786,0.0035,7.01,4.12,221.13,0,None,20.8148,0.0292,None,0.85,-0.84,1.2003
2015-09-30,99669208,99669208,1,23173000000,6296000000,20473000000,4093000000,802000000,1898000000,0,8436000000,14642000000,4692000000,28000000,-29000000,-0.29,-0.29,0,482000000,-287000000,-44000000,151000000,450000000,213000000,48.34,60.93,35.76,0.0233,0.0076,8.05,5.99,91.21,0,0,18.2569,0.0346,0.001,0.88,2.7,1.5382
2015-06-30,99564121,99564121,1,22746000000,6009000000,20137000000,3774000000,803000000,1806000000,0,8496000000,14637000000,4492000000,-28000000,-61000000,-0.61,-0.61,0,410000000,-798000000,502000000,114000000,299000000,177000000,52.77,59.21,46.33,0.074,0.0077,8.07,6.24,60.66,0,0,18.2279,0.0353,0.0032,0.92,2.34,1.5922
2015-03-31,99223484,99223484,1,18425000000,5124000000,17245000000,3734000000,839000000,341000000,0,5352000000,11824000000,4428000000,76000000,47000000,0.48,0.47,0,-57000000,-187000000,236000000,-8000000,185000000,182000000,47.08,52.69,41.47,0.1235,0.0095,8.46,7.12,672.57,0,0,14.093,0.0455,0.0053,0.97,-2.41,1.3723
2014-12-31,98494212,98494212,1,18141000000,4717000000,16955000000,3577000000,651000000,535000000,0,5191000000,11695000000,4468000000,81000000,61000000,0.62,0.58,0,219000000,-408000000,182000000,-7000000,193000000,194000000,52.83,59.65,46.01,0.0169,0.0044,6.61,7.06,None,0,0,17.9647,0.0359,0.0007,0.97,0.25,1.3187
2014-09-30,98280152,98280152,1,17312000000,4201000000,16050000000,3145000000,735000000,527000000,0,4896000000,11455000000,4179000000,18000000,9000000,0.09,0.09,0,221000000,-338000000,-89000000,-206000000,200000000,201000000,53.91,63.61,44.2,-0.0993,-0.0011,7.48,7.3,None,0,None,15.585,0.0425,None,0.96,0.2,1.3358
2014-06-30,97915606,97915606,1,16907000000,4208000000,15757000000,3384000000,723000000,427000000,0,4441000000,10942000000,4042000000,-7000000,-26000000,-0.27,-0.27,0,266000000,-285000000,284000000,265000000,406000000,252000000,44.1,50.25,37.95,-0.0713,-0.0001,7.38,5.92,None,0,None,15.1342,0.0428,None,0.97,0.14,1.2435
2014-03-31,97653460,97653460,1,16484000000,3978000000,15363000000,3336000000,728000000,393000000,0,4299000000,10612000000,3926000000,-16000000,-32000000,-0.33,-0.33,0,-19000000,-291000000,338000000,28000000,141000000,285000000,43.55,48.7,38.4,-0.0974,-0.0029,7.45,5.6,None,0,None,14.5769,0.0442,None,0.99,-3.11,1.1924
2013-12-31,96989632,96989632,1,16130000000,3710000000,15005000000,2928000000,755000000,370000000,0,4315000000,10690000000,3885000000,-14000000,-24000000,-0.24,-0.24,0,255000000,-1655000000,1431000000,31000000,113000000,296000000,43.59,48.48,38.71,-0.1556,-0.0096,7.78,5.25,None,0,None,14.1589,0.0468,None,1.02,-0.42,1.2671
2013-09-30,99226697,99226697,1,9337000000,2560000000,8334000000,1769000000,825000000,178000000,0,1843000000,5690000000,2408000000,36000000,28000000,0.28,0.27,0,206000000,-249000000,35000000,-8000000,82000000,131000000,41.97,47.08,36.87,-0.0637,-0.004,8.31,4.76,None,0,None,6.897,0.0884,None,1.04,0.76,1.4471
2013-06-30,101607990,101607990,1,9156000000,2574000000,8095000000,1658000000,895000000,166000000,0,1670000000,5564000000,2422000000,-43000000,-50000000,-0.49,-0.49,0,160000000,-156000000,-9000000,-5000000,90000000,152000000,43.82,49.47,38.17,-0.0468,-0.0045,8.81,4.68,None,0,None,6.2168,0.0978,None,1.05,0.08,1.5525
2013-03-31,103501059,103501059,1,8915000000,2443000000,7833000000,1549000000,969000000,113000000,0,1618000000,5375000000,2387000000,-83000000,-88000000,-0.85,-0.85,0,-32000000,-104000000,-133000000,-269000000,95000000,104000000,40.63,48.25,33,-0.0045,-0.0019,9.36,3.7,31.74,0,None,5.547,0.1087,None,1.05,-1.31,1.5771
2012-12-31,104123502,104123502,1,9044000000,2681000000,7810000000,1763000000,1143000000,91000000,0,1566000000,5158000000,2283000000,54000000,49000000,0.45,0.43,0,256000000,-316000000,341000000,281000000,364000000,148000000,28.36,33.86,22.86,0.1232,0.0154,10.98,2.56,218.15,0,0,4.5127,0.1264,0.0155,1.06,1.04,1.5207
2012-09-30,106475474,106475474,1,8470000000,2484000000,7185000000,1829000000,1224000000,61000000,45000000,1349000000,4508000000,2221000000,32000000,40000000,0.38,0.37,0,136000000,-98000000,-37000000,1000000,83000000,108000000,21.5,25.76,17.24,0.046,0.0046,11.07,1.98,None,0,0,3.8236,0.1392,0.0061,1,0.26,1.3581
2012-06-30,416742496,104185624,0.25,8485000000,2564000000,7240000000,1872000000,1176000000,69000000,45000000,1275000000,4511000000,2265000000,-20000000,-6000000,-0.01,-0.01,0,243000000,-112000000,-153000000,-22000000,82000000,116000000,19.94,22.56,17.32,0.0153,0.0015,10.86,1.83,62.31,0,0,3.9885,0.1333,0.0021,1.02,1.22,1.3697
2012-03-31,413812581,103453145,0.25,8545000000,2482000000,6998000000,1840000000,1460000000,87000000,334000000,1244000000,4295000000,2350000000,67000000,58000000,0.14,0.13,0,-42000000,-136000000,169000000,-9000000,104000000,136000000,21.28,24.2,18.36,0.0625,0.0104,10.88,2,59.11,0,0,3.8144,0.1318,0.0091,1.03,-1.72,1.3489
2011-12-31,409993592,102498398,0.25,8462000000,2357000000,6954000000,1815000000,1423000000,85000000,334000000,1225000000,4294000000,1632000000,-40000000,-40000000,-0.18,-0.18,0,173000000,-179000000,-66000000,-72000000,113000000,177000000,17.52,21.2,13.84,0.0691,0.0112,10.62,1.39,9.32,0,0,3.9431,0.1287,0.0106,1.05,-0.04,1.2986
2011-09-30,434349003,108587250,0.25,8293000000,2176000000,6516000000,1679000000,1698000000,79000000,334000000,1224000000,3966000000,2342000000,6000000,6000000,0.02,0.02,0,148000000,-93000000,-134000000,-79000000,185000000,100000000,21.12,26.16,16.08,0.1391,0.0238,12.56,1.69,2.48,0,0,2.9076,0.1645,0.0211,1.13,0.44,1.296
2011-06-30,473554717,118388679,0.25,8435000000,2314000000,6545000000,1662000000,1810000000,80000000,334000000,1169000000,3989000000,2374000000,55000000,55000000,0.11,0.11,0,178000000,-102000000,-79000000,-3000000,264000000,82000000,27.18,30.8,23.56,0.7779,0.1326,12.47,2.2,3.28,0,0,2.7026,0.175,0.1193,1.11,0.81,1.3923
2011-03-31,489552540,122388135,0.25,8524000000,2393000000,6616000000,1657000000,1844000000,64000000,334000000,1118000000,4014000000,2506000000,73000000,73000000,0.15,0.14,0,-2000000,-129000000,-7000000,-138000000,267000000,116000000,28.24,30.2,26.28,0.9224,0.1314,12.34,2.39,3.36,0,0,2.6583,0.1771,0.1171,1.12,-0.96,1.4442
2010-12-31,485032624,121258156,0.25,8500000000,2311000000,6681000000,1725000000,1766000000,53000000,334000000,1094000000,3997000000,2301000000,67000000,67000000,0.16,0.2,0,175000000,-149000000,-19000000,7000000,405000000,196000000,21.64,27.44,15.84,None,0.1369,11.81,1.91,2.79,0,0,2.7912,0.1685,0.1208,1.13,-0.17,1.3397
2010-09-30,485533728,121383432,0.25,8535000000,2444000000,6771000000,1696000000,1711000000,53000000,334000000,1040000000,4057000000,2262000000,932000000,932000000,1.92,1.68,0,128000000,-145000000,-296000000,-313000000,398000000,120000000,17.4,19.12,15.68,None,0.1336,11.34,4.82,17.4,0,0,2.9463,0.1613,0.1165,1.14,0.07,1.441
2010-06-30,485225234,121306308,0.25,7834000000,2435000000,7008000000,1558000000,772000000,54000000,334000000,1008000000,4272000000,2303000000,25000000,25000000,0.05,0.05,0,191000000,-58000000,-11000000,122000000,711000000,0,21.56,25.76,17.36,0.214,0.0175,3.61,3.53,31.71,0,0,9.7534,0.0559,0.0143,1.16,1.57,1.5629
2010-03-31,484197074,121049268,0.25,7815000000,2386000000,7024000000,1579000000,739000000,52000000,0,995000000,4271000000,2339000000,95000000,88000000,0.18,0.17,0,-22000000,-68000000,-11000000,-101000000,589000000,160000000,22.76,25.84,19.68,0.1585,0.0125,6.1,4.24,15.38,0,0,5.7794,0.0946,0.01,1.15,-1.5,1.5111
2009-12-31,480816199,120204049,0.25,7953000000,2472000000,7256000000,1783000000,646000000,51000000,0,986000000,4272000000,2244000000,21000000,21000000,0.04,0.04,0,141000000,-180000000,-2000000,-41000000,690000000,192000000,21.82,25.56,18.08,0.3916,0.0235,5.37,4.2,21.82,0,0,6.613,0.0812,0.0201,1.13,-0.42,1.3864
2009-09-30,481129532,120282383,0.25,7876000000,2539000000,7203000000,1772000000,626000000,47000000,0,984000000,4267000000,2262000000,-3000000,-3000000,-0.01,-0.01,0,120000000,-95000000,-52000000,-27000000,731000000,91000000,17.28,24.28,10.28,0.389,0.0166,5.2,7.26,9,0,0,6.8163,0.0795,0.0146,1.09,0.24,1.4328
2009-06-30,481084706,120271176,0.25,7928000000,2562000000,7595000000,1705000000,286000000,47000000,0,986000000,4624000000,2229000000,-14000000,-15000000,-0.03,-0.03,0,170000000,-24000000,-40000000,106000000,758000000,71000000,10.24,16.32,4.16,None,0.0295,2.38,4.21,5.33,0,0,16.1678,0.0361,0.0272,1.06,0.82,1.5026
2009-03-31,479931132,119982783,0.25,8092000000,2631000000,7754000000,1835000000,291000000,47000000,0,970000000,4639000000,2279000000,183000000,178000000,0.38,0.37,0,-6000000,174000000,-23000000,145000000,652000000,102000000,4.52,5.92,3.12,None,0.0291,2.43,5.26,22.6,0,0,15.9416,0.036,0.0273,1.05,-0.9,1.4338
2008-12-31,476483471,119120867,0.25,8174000000,2709000000,8071000000,1949000000,103000000,0,0,932000000,4778000000,1950000000,-33000000,-33000000,-0.08,-0.08,0,67000000,-71000000,-1000000,-5000000,507000000,134000000,12.84,21.72,3.96,0.3333,0.003,0.86,11.26,None,0,0,46.3883,0.0126,0.0029,1.05,-0.56,1.3899
2008-09-30,477170501,119292625,0.25,8294000000,2836000000,8158000000,1975000000,136000000,0,0,937000000,4777000000,2158000000,104000000,104000000,0.22,0.22,0,151000000,8000000,1000000,160000000,512000000,114000000,23.78,26.8,20.76,-0.2709,-0.0021,1.14,99.08,None,0,None,35.125,0.0164,None,1.07,0.31,1.4359
2008-06-30,476804968,119201242,0.25,8243000000,2778000000,8214000000,1973000000,29000000,0,0,920000000,4775000000,2184000000,-15000000,-15000000,-0.03,-0.03,0,123000000,-50000000,1000000,74000000,352000000,110000000,24.08,27.52,20.64,None,-0.0218,0.24,89.19,None,0,None,164.6552,0.0035,None,1.08,0.11,1.408
2008-03-31,479125490,119781372,0.25,8174000000,2317000000,8142000000,1873000000,32000000,0,0,913000000,4773000000,2371000000,-31000000,-31000000,-0.06,-0.06,0,-133000000,-161000000,0,-294000000,278000000,189000000,19.6,23.04,16.16,None,-0.0236,0.27,42.61,None,0,None,149.1563,0.0039,None,1.08,-2.69,1.2371
2007-12-31,473442150,118360537,0.25,8393000000,2560000000,8339000000,2048000000,54000000,0,0,900000000,4771000000,2133000000,-75000000,-75000000,-0.17,-0.17,0,112000000,-197000000,2000000,-83000000,572000000,403000000,18.12,24,12.24,-0.7558,-0.0107,0.46,21.32,None,0,None,88.3519,0.0064,None,1.07,-2.46,1.25
2007-09-30,474099243,118524810,0.25,8235000000,2593000000,8134000000,1873000000,101000000,0,0,870000000,4766000000,2212000000,-59000000,-59000000,-0.12,-0.12,0,83000000,-82000000,-21000000,-20000000,655000000,79000000,19.82,27.2,12.44,None,-0.048,0.85,15.73,None,0,None,47.1881,0.0123,None,1.04,0.03,1.3844
2007-06-30,473863859,118465964,0.25,8253000000,2608000000,8104000000,1843000000,149000000,0,0,874000000,4764000000,2228000000,-30000000,-30000000,-0.06,-0.06,0,285000000,-194000000,0,91000000,675000000,150000000,28.34,31.2,25.48,None,-0.0504,1.26,20.1,None,0,None,31.9732,0.0181,None,1.01,1.14,1.4151
2007-03-31,473020163,118255040,0.25,8275000000,2753000000,8108000000,1833000000,167000000,0,0,857000000,4762000000,2279000000,75000000,75000000,0.16,0.16,0,-154000000,-47000000,1000000,-200000000,584000000,111000000,27.72,30.72,24.72,None,-0.0911,1.41,12.37,None,0,None,28.515,0.0202,None,0.98,-2.24,1.5019
2006-12-31,470653819,117663454,0.25,8539000000,3025000000,8275000000,1925000000,264000000,0,0,832000000,4760000000,1975000000,-386000000,-386000000,-0.82,-0.82,0,-21000000,-257000000,253000000,-25000000,784000000,302000000,30.44,33.96,26.92,None,-0.0889,2.24,5.68,None,0,None,18.0303,0.0309,None,0.96,-2.75,1.5714
2006-09-30,471318334,117829583,0.25,9042000000,3138000000,8411000000,1907000000,631000000,0,0,955000000,4759000000,2117000000,-89000000,-89000000,-0.19,-0.19,0,200000000,44000000,-3000000,241000000,809000000,176000000,28.92,34.76,23.08,-0.8132,-0.0752,5.36,4.82,None,0,None,7.542,0.0698,None,0.97,0.2,1.6455
2006-06-30,471313843,117828460,0.25,9200000000,3349000000,8493000000,1783000000,707000000,0,0,947000000,4787000000,2195000000,-398000000,-398000000,-0.85,-0.85,0,-320000000,-88000000,1000000,-407000000,568000000,126000000,32.08,37.08,27.08,-0.9781,-0.106,6,3.43,None,0,None,6.7709,0.0768,None,0.97,-3.79,1.8783
2006-03-31,470652534,117663133,0.25,9337000000,3078000000,8238000000,1809000000,1099000000,0,0,1031000000,4785000000,2414000000,70000000,70000000,0.15,0.15,0,-321000000,-78000000,1000000,-398000000,975000000,117000000,30.28,33,27.56,-0.5046,-0.066,9.34,3.48,None,0,None,4.354,0.1177,None,0.97,-3.72,1.7015
2005-12-31,468953964,117238491,0.25,9812000000,3508000000,8791000000,2292000000,1021000000,0,0,1041000000,4784000000,2299000000,-286000000,-286000000,-0.61,-0.61,0,78000000,-185000000,0,-107000000,1373000000,211000000,37.52,45.96,29.08,-0.5013,-0.072,8.71,3.33,None,0,None,4.6856,0.1041,None,0.96,-1.13,1.5305
2005-09-30,469406255,117351563,0.25,9967000000,4026000000,8643000000,1982000000,1324000000,0,0,1046000000,4783000000,2394000000,-401000000,-401000000,-0.85,-0.85,0,-15000000,-97000000,-2000000,-114000000,1480000000,143000000,48.02,52.24,43.8,None,-0.2429,11.28,3.29,None,0,None,3.6125,0.1328,None,0.97,-1.35,2.0313
2005-06-30,469014010,117253502,0.25,10252000000,4123000000,8543000000,1976000000,1709000000,0,0,980000000,4784000000,2420000000,-33000000,-33000000,-0.07,-0.07,0,184000000,-88000000,1000000,97000000,1594000000,128000000,48.56,51.72,45.4,-0.9449,-0.1996,14.58,3.3,None,0,None,2.7993,0.1667,None,0.92,0.48,2.0865
2005-03-31,468563558,117140889,0.25,10210000000,4117000000,8487000000,1843000000,1723000000,0,0,978000000,4782000000,2501000000,-4000000,-4000000,-0.01,-0.01,0,516000000,-22000000,349000000,843000000,1497000000,96000000,43.94,48.8,39.08,-0.9014,-0.2264,14.71,2.96,None,0,None,2.7754,0.1688,None,0.9,3.59,2.2339
2004-12-31,466135031,116533757,0.25,10078000000,3992000000,8346000000,2130000000,1732000000,0,0,970000000,4395000000,2467000000,-2022000000,-2022000000,-4.33,-4.33,0,-290000000,-11000000,-368000000,-669000000,654000000,192000000,44.8,49.8,39.8,-0.7688,-0.2272,14.86,1.36,None,0,None,2.5375,0.1719,None,0.87,-4.14,1.8742
2004-09-30,466666511,116666627,0.25,12126000000,4887000000,8277000000,2101000000,3849000000,0,0,1913000000,4487000000,2440000000,-70000000,-70000000,-0.15,-0.15,0,123000000,6000000,1000000,130000000,1323000000,116000000,46.52,53.64,39.4,-0.4196,-0.1536,32.99,1.39,None,0,None,1.1658,0.3174,None,0.88,0.06,2.326
2004-06-30,466135031,116533757,0.25,12150000000,4928000000,8263000000,2073000000,3887000000,0,0,1913000000,4488000000,2570000000,-426000000,-426000000,-0.91,-0.91,0,144000000,49000000,493000000,686000000,1193000000,136000000,47.72,53.72,41.72,-0.438,-0.1685,33.36,1.3,None,0,None,1.1546,0.3199,None,0.93,0.07,2.3772
2004-03-31,465469782,116367445,0.25,12131000000,4864000000,7863000000,2198000000,4268000000,0,0,2039000000,4009000000,2669000000,-122000000,-122000000,-0.26,-0.26,0,-59000000,-56000000,3000000,-112000000,507000000,114000000,55.76,74.92,36.6,-0.3593,-0.146,36.68,1.11,None,0,None,0.9393,0.3518,None,0.97,-1.49,2.2129
2003-12-31,462863619,115715904,0.25,12298000000,3808000000,6474000000,2423000000,5824000000,0,0,3444000000,3872000000,3084000000,-1252000000,-1252000000,-2.71,-2.71,0,118000000,299000000,-17000000,400000000,619000000,318000000,57.1,64.8,49.4,-0.2641,-0.1115,50.33,1.26,129.77,0,None,0.6648,0.4736,None,1,-1.73,1.5716
2003-09-30,464782069,116195517,0.25,13477000000,4223000000,8205000000,2373000000,5272000000,0,0,3041000000,4032000000,3297000000,-308000000,-308000000,-0.66,-0.66,0,137000000,-137000000,-2000000,-2000000,219000000,145000000,55.44,65.6,45.28,0.016,0.0066,45.37,1.16,9.56,0,0,0.7648,0.3912,0.0065,1.02,-0.07,1.7796
2003-06-30,463831663,115957915,0.25,13515000000,4281000000,7984000000,2284000000,5531000000,0,0,3040000000,4026000000,3379000000,-195000000,-195000000,-0.42,-0.42,0,359000000,-162000000,-111000000,86000000,221000000,198000000,57.88,69.88,45.88,0.1277,0.0537,47.7,1.18,6.05,0,0,0.7279,0.4092,0.0514,1.04,1.39,1.8743
2003-03-31,466624622,116656155,0.25,13684000000,4280000000,7941000000,2311000000,5743000000,0,0,3060000000,4025000000,3452000000,278000000,278000000,0.57,0.55,0,224000000,-333000000,34000000,-75000000,135000000,220000000,71.1,77,65.2,0.2061,0.0864,49.23,1.43,7.41,0,0,0.7009,0.4197,0.0812,1.06,0.03,1.852
2002-11-30,473738393,118434598,0.25,13923000000,3594000000,8030000000,2316000000,5893000000,0,0,3457000000,3888000000,3778000000,315000000,315000000,0.65,0.64,0,246000000,-209000000,-39000000,-2000000,40000000,218000000,132.4,210,54.8,0.2089,0.0867,49.76,2.75,17.12,0,0,0.6598,0.4233,0.0812,1.07,0.24,1.5518
2002-08-31,487702672,121925668,0.25,13735000000,3392000000,7854000000,2459000000,5881000000,0,0,3472000000,3551000000,3703000000,338000000,338000000,0.69,0.68,0,696000000,-169000000,-523000000,4000000,42000000,195000000,132.4,210,54.8,0.1739,0.0709,48.23,2.88,21.22,0,0,0.6038,0.4282,0.0676,1.05,4.11,1.3794
2002-05-31,488139358,122034839,0.25,13814000000,3394000000,8195000000,2584000000,5619000000,0,0,3472000000,3919000000,3738000000,261000000,261000000,0.53,0.52,0,822000000,-293000000,-543000000,-14000000,38000000,306000000,175.94,201.2,150.68,0.1449,0.0579,46.04,3.93,34.54,0,0,0.6975,0.4068,0.0564,1.03,4.23,1.3135
2002-02-28,325866355,122199883,0.375,13640000000,3410000000,8175000000,2280000000,5465000000,0,0,3476000000,4288000000,3484000000,280000000,280000000,0.86,0.84,0,475000000,-219000000,-267000000,-11000000,52000000,168000000,164.14,177.08,151.2,0.1212,0.0479,44.72,3.78,36.86,0,0,0.7846,0.4007,0.0478,1,2.51,1.4956
2001-11-30,325457715,122046643,0.375,13423000000,3226000000,8122000000,2226,5301000000,0,0,3485000000,4321000000,3394000000,89000000,89000000,0.27,0.26,0,531000000,-207000000,-327000000,-3000000,63000000,206000000,153.7,167.4,140,0.1083,0.0421,43.43,3.55,29.56,0,0,0.8151,0.3949,0.0431,0.98,2.66,1449236.2983
2001-08-31,325477858,122054196,0.375,13376000000,3281000000,8092000000,2096000000,5284000000,0,0,3515000000,4362000000,3297000000,155000000,155000000,0.48,0.46,0,487000000,-508000000,25000000,4000000,66000000,209000000,138.16,157.04,119.28,0.1295,0.0488,43.29,3.34,26.3,0,0,0.8255,0.395,0.0517,0.94,2.28,1.5654
2001-05-31,327587331,122845249,0.375,12995000000,3226000000,7916000000,2166000000,5079000000,0,0,3398000000,4202000000,3209000000,116000000,116000000,0.35,0.35,0,880000000,-167000000,-708000000,5000000,62000000,205000000,114.33,127.33,101.33,0.1361,0.049,41.34,2.81,25.52,0,0,0.8273,0.3908,0.0533,0.92,5.49,1.4894
2001-02-28,324233770,121587663,0.375,13249000000,3579000000,8309000000,1900000000,4940000000,0,0,3334000000,4856000000,3036000000,198000000,198000000,0.62,0.6,0,213000000,-137000000,-101000000,-25000000,57000000,157000000,112,125.33,98.67,0.1224,0.0416,40.63,2.94,35,0,0,0.983,0.3729,0.0465,0.89,0.46,1.8837
2000-11-30,320887295,120332735,0.375,13121000000,3529000000,8537000000,1932,4584000000,0,0,3360000000,5047000000,2915000000,175000000,175000000,0.55,0.54,0,454000000,-159000000,-296000000,-1000000,82000000,119000000,98.66,115.83,81.5,0.0908,0.0293,38.09,2.73,33.94,0,0,1.101,0.3494,0.0335,0.88,2.78,1826604.5549
2000-08-31,317073037,118902388,0.375,13091000000,3559000000,8798000000,1836,4293000000,0,0,3313000000,5424000000,2893000000,154000000,154000000,0.49,0.48,0,271000000,-111000000,-212000000,-52000000,83000000,120000000,76.59,87.17,66,0.0839,0.0262,36.11,2.22,29.92,0,0,1.2635,0.3279,0.0303,0.86,1.27,1938453.159
2000-05-31,314841441,118065540,0.375,13161000000,3594000000,9095000000,1912000000,4066000000,0,0,3329000000,5668000000,2911000000,20000000,20000000,0.07,0.06,0,547000000,-164000000,-286000000,97000000,135000000,223000000,59.25,72.33,46.17,0.0745,0.0226,34.44,1.69,48.3,0,0,1.394,0.3089,0.0265,0.85,2.74,1.8797
2000-02-29,312758739,117284527,0.375,13392000000,3783000000,9289000000,1800000000,4103000000,0,0,3365000000,5997000000,2850000000,38000000,38000000,0.12,0.12,0,-3000000,-179000000,189000000,7000000,38000000,132000000,59.67,76.67,42.67,0.0362,0.0107,34.98,1.71,30.24,0,0,1.4616,0.3064,0.0127,0.85,-1.15,2.1017
1999-11-30,311933486,116975057,0.375,13275000000,3518000000,9186000000,1925000000,4089000000,0,0,3368000000,5780000000,2780000000,135000000,135000000,0.43,0.43,0,313000000,455000000,-761000000,7000000,31000000,126000000,55,66.67,43.33,0.0582,0.0169,34.96,1.63,29.05,0,0,1.4135,0.308,0.0202,0.84,1.6,1.8275
1999-08-31,311380377,116767641,0.375,13693000000,3951000000,9741000000,1767000000,3952000000,0,0,3384000000,6525000000,2873000000,109000000,109000000,0.35,0.35,0,12000000,-148000000,131000000,-5000000,24000000,138000000,53.75,66.5,41,0.0565,0.0161,33.84,1.62,25.2,0,0,1.6511,0.2886,0.0197,0.82,-1.08,2.236
1999-05-31,311341137,116752926,0.375,13771000000,3962000000,9901000000,2022000000,3870000000,0,0,3401000000,6391000000,2942000000,-137000000,-137000000,-0.44,-0.44,0,267000000,-194000000,-105000000,-32000000,29000000,191000000,57,71.33,42.67,0.0647,0.0183,33.15,1.67,26.72,0,0,1.6514,0.281,0.0229,0.8,0.65,1.9594
1999-02-28,310537022,116451383,0.375,13870000000,3322000000,9897000000,1830000000,3973000000,0,0,3607000000,6496000000,2822000000,124000000,124000000,0.4,0.4,0,18000000,-206000000,217000000,29000000,61000000,160000000,67.92,85.17,50.67,0.065,0.0184,34.12,2.04,29.28,0,0,1.635,0.2864,0.0233,0.79,-1.22,1.8153
1998-11-30,310141816,116303181,0.375,13629000000,3083000000,9765000000,1820000000,3864000000,0,0,3557000000,6309000000,2563000000,125000000,125000000,0.4,0.4,0,256000000,-529000000,284000000,11000000,32000000,134000000,75.83,83.33,68.33,0.0727,0.0206,33.22,2.39,31.25,0,0,1.6328,0.2835,0.0262,0.79,1.05,1.694
1998-08-31,310061805,116273176,0.375,13018000000,2986000000,9325000000,1648000000,3693000000,0,0,3412000000,6025000000,2553000000,137000000,137000000,0.44,0.44,0,41000000,-218000000,175000000,-2000000,21000000,107000000,81,94.33,67.67,0.0783,0.0223,31.76,2.64,35.74,0,0,1.6315,0.2837,0.0279,0.8,-0.57,1.8119
1998-05-31,309356363,116008636,0.375,12774000000,2890000000,9216000000,1708000000,3558000000,0,0,3399000000,5829000000,2571000000,-141000000,-141000000,-0.44,-0.44,0,266000000,-143000000,-117000000,6000000,23000000,163000000,100.92,109.17,92.67,0.0741,0.0211,30.67,3.16,90.11,0,0,1.6383,0.2785,0.0264,0.8,0.89,1.692
1998-02-28,308253598,115595099,0.375,12715000000,2721000000,9022000000,1640000000,3693000000,0,0,3517000000,5755000000,2564000000,148000000,148000000,0.48,0.47,0,125000000,-378000000,256000000,3000000,17000000,156000000,90.5,100,81,0.0326,0.0092,31.95,3,None,0,0,1.5584,0.2904,0.0103,0.9,-0.27,1.6591
1997-11-30,306194567,114822962,0.375,12183000000,2623000000,8723000000,1634000000,3460000000,0,0,3318000000,5520000000,2429000000,138000000,138000000,0.44,0.44,0,11000000,-347000000,247000000,-89000000,14000000,112000000,79.59,88.67,70.5,-0.0441,-0.0126,30.13,2.69,None,0,None,1.5954,0.284,None,0.89,-0.88,1.6053
1997-08-31,305243588,114466345,0.375,11898000000,2418000000,8517000000,1636000000,3381000000,0,0,3161000000,5293000000,2331000000,116000000,116000000,0.38,0.38,0,1000000,-215000000,282000000,68000000,103000000,103000000,76,84,68,-0.0651,-0.0192,29.54,2.69,None,0,None,1.5655,0.2842,None,0.88,-0.89,1.478
1997-05-31,304733190,114274946,0.375,11705000000,2391000000,8481000000,1869000000,3224000000,0,0,3146000000,5022000000,3539400000,-289900000,-289900000,-0.87,-0.87,0,149100000,-291900000,116600000,-26200000,35000000,144600000,70.5,79,62,-0.0825,-0.0252,28.21,2.29,139.14,0,None,1.5577,0.2754,None,0.86,0.04,1.2793
1997-02-28,301478453,113054419,0.375,11586800000,2376400000,8112000000,1556100000,3474800000,0,0,3259500000,4855500000,2236900000,-113300000,-113300000,-0.37,-0.37,0,269100000,-684600000,406100000,-9400000,61300000,166000000,67,77,57,0.0048,0.0015,30.74,1.94,28.23,0,0,1.3973,0.2999,0.0021,0.72,0.91,1.5272
1996-11-30,220051491,82519309,0.375,8572500000,1635800000,5726300000,944900000,2846200000,0,0,2692700000,3332500000,1476100000,76800000,76800000,0.35,0.35,0,-53500000,-132800000,139000000,-47300000,56800000,52000000,58.16,62,54.33,0.0727,0.0235,34.49,1.71,15.69,0,0,1.1709,0.332,0.034,0.69,-1.28,1.7312
1996-08-31,217052014,81394505,0.375,8425500000,1576200000,5661700000,1022700000,2763800000,0,0,2638900000,3183400000,1438600000,72400000,72400000,0.33,0.33,0,39300000,-15700000,-8700000,14900000,104100000,43400000,54.83,60.33,49.33,0.1168,0.0366,33.96,1.69,12.69,0,0,1.1518,0.328,0.0532,0.69,-0.05,1.5412
1996-05-31,216288503,81108188,0.375,8332000000,1545000000,5696000000,1134000000,2636000000,0,0,2621000000,3191000000,1472300000,-21800000,-21800000,-0.12,-0.12,0,115700000,-94600000,-46300000,-25200000,89000000,134700000,54.16,60,48.33,0.1435,0.0428,32.5,1.65,11.47,0,0,1.2105,0.3164,0.063,0.68,-0.23,1.3624
1996-02-29,215407807,80777927,0.375,8322800000,1516700000,5667000000,1027300000,2655800000,0,0,2647900000,3270000000,1431900000,70700000,70700000,0.33,0.33,0,68200000,-38500000,-14300000,15400000,114200000,74800000,53.84,60,47.67,0.166,0.0468,32.88,1.79,11.74,0,0,1.2313,0.3191,0.0694,0.67,-0.08,1.4764
1995-11-30,209084808,78406803,0.375,8140500000,1454600000,5785500000,1178700000,2355000000,0,0,2650000000,3254900000,1370900000,182800000,182800000,0.9,0.85,0,-49700000,-38400000,80500000,-7600000,98800000,65400000,45.5,49.33,41.67,0.1795,0.0522,30.04,1.63,14.97,0,0,1.3821,0.2893,0.0762,0.69,-1.47,1.2341
1995-08-31,201436819,75538807,0.375,7884700000,1441700000,5778800000,1257200000,2105900000,0,0,2655000000,3226100000,1283900000,118300000,118300000,0.59,0.56,0,60800000,-96500000,-12900000,-48600000,106400000,95100000,40.5,45.33,35.67,0.1251,0.0391,27.88,1.54,16.16,0,0,1.5319,0.2671,0.0557,0.7,-0.45,1.1468
1995-05-31,201436819,75538807,0.375,7918000000,1624000000,5932000000,1356000000,1986000000,0,0,2613000000,3273000000,1355865000,5872000,5872000,0.04,0.03,0,233600000,-1515400000,1292500000,10700000,155000000,163500000,43.17,47.67,38.67,0.1049,0.0369,26.29,2.18,None,0,0,1.648,0.2508,0.0497,0.74,0.93,1.1976
1995-02-28,199768144,74913054,0.375,3330700000,1016800000,1845700000,624900000,1485000000,0,0,114300000,725600000,660500000,48900000,48900000,0.29,0.28,0,79900000,-75300000,8100000,12700000,144500000,40900000,38,42.67,33.33,None,None,19.82,1.65,None,0,None,0.4886,0.4459,None,None,0.52,1.6271
1994-11-30,166379049,62392143,0.375,3303400000,1036400000,1868800000,1132400000,1434600000,0,0,112200000,236300000,638800000,46200000,46200000,0.27,0.27,0,56711000,-31111000,-6105000,19495000,131800000,31424000,43.5,52,35,None,None,22.99,1.95,None,0,None,0.1647,0.4343,None,None,0.41,0.9152
1994-08-31,166324747,62371780,0.375,3336346000,1054565000,1888701000,1178260000,1388164000,59481000,0,161771000,243856000,662835000,64028000,64028000,0.38,0.36,0,-377211000,108811000,67505000,-200895000,112304000,28176000,45,50.67,39.33,None,None,22.26,2.12,None,0,None,0.1757,0.4161,None,None,-6.5,0.895
1994-05-31,166194728,62323023,0.375,3697000000,1444000000,2377000000,1640000000,1320000000,0,0,107000000,223000000,None,None,None,None,None,0,92893000,-63039000,-67794000,-37940000,313000000,574538000,43.33,48.33,38.33,None,None,21.18,2.05,None,0,None,0.1689,0.357,None,None,-7.73,0.8805
1994-02-28,165952065,62232024,0.375,3718988000,1536642000,2405279000,1224841000,1313709000,0,0,173455000,722590000,720254000,-164283000,-164283000,-0.99,-0.99,0,-55520000,317119000,-75987000,185612000,350859000,-320771000,37,43.33,30.67,None,None,21.11,1.56,None,0,None,0.55,0.3532,None,None,4.26,1.2546
1993-11-30,165851285,62194231,0.375,3724630000,1526663000,2248888000,1059840000,1475742000,0,0,216831000,756681000,769952000,-226191000,-226191000,-1.36,-1.36,0,None,None,None,None,165247000,0,25.84,32,19.67,None,None,23.73,None,None,0,None,0.5127,0.3962,None,None,None,1.4405
