"Quarter end","Shares","Shares split adjusted","Split factor","Assets","Current Assets","Liabilities","Current Liabilities","Shareholders equity","Non-controlling interest","Preferred equity","Goodwill & intangibles","Long-term debt","Revenue","Earnings","Earnings available for common stockholders","EPS basic","EPS diluted","Dividend per share","Cash from operating activities","Cash from investing activities","Cash from financing activities","Cash change during period","Cash at end of period","Capital expenditures","Price","Price high","Price low","ROE","ROA","Book value of equity per share","P/B ratio","P/E ratio","Cumulative dividends per share","Dividend payout ratio","Long-term debt to equity ratio","Equity to assets ratio","Net margin","Asset turnover","Free cash flow per share","Current ratio"
2019-03-31,950343113,950343113,1,161197000000,42815000000,104692000000,58933000000,51724000000,4781000000,0,68624000000,34419000000,60308000000,3467000000,3467000000,3.62,3.56,0.9,3234000000,-1416000000,-272000000,1541000000,12407000000,562000000,253.5,272.49,234.51,0.2502,0.0815,54.43,4.7,20.8,15.96,0.2735,0.6654,0.3209,0.0545,1.49,2.81,0.7265
2018-12-31,959538515,959538515,1,152221000000,38692000000,95994000000,53209000000,51696000000,4531000000,0,68235000000,34581000000,58417000000,3040000000,3040000000,3.16,3.1,0.9,2396000000,-1140000000,-672000000,603000000,10866000000,558000000,259.88,287.94,231.81,0.2427,0.0781,53.88,5,20.4,15.06,0.2767,0.6689,0.3396,0.053,1.48,1.92,0.7272
2018-09-30,962034200,962034200,1,151087000000,38754000000,96722000000,56377000000,50010000000,4355000000,0,68201000000,32053000000,56556000000,3188000000,3188000000,3.31,3.24,0.9,941000000,-4547000000,-4480000000,-8105000000,10263000000,545000000,257.64,271.16,244.12,0.2595,0.0837,51.98,5.13,21.45,14.16,0.253,0.6409,0.331,0.0571,1.47,0.41,0.6874
2018-06-30,962473363,962473363,1,154611000000,46634000000,101989000000,62052000000,48293000000,4329000000,0,64951000000,32096000000,56086000000,2922000000,2922000000,3.04,2.98,0.9,4007000000,-2181000000,-1635000000,125000000,18368000000,483000000,235.68,256.73,214.63,0.2511,0.0805,50.18,4.76,20.76,13.26,0.2563,0.6646,0.3124,0.0555,1.45,3.66,0.7515
2018-03-31,960981242,960981242,1,155569000000,48353000000,103643000000,67667000000,47553000000,4373000000,0,65883000000,28206000000,55188000000,2836000000,2836000000,2.94,2.87,0.75,8369000000,-4517000000,2422000000,6262000000,18243000000,477000000,229.63,250.79,208.48,0.2442,0.0783,49.48,4.65,21.44,12.36,0.2583,0.5931,0.3057,0.054,1.45,8.21,0.7146
2017-12-31,967662919,967662919,1,139058000000,37084000000,87036000000,50463000000,47776000000,4246000000,0,63045000000,28835000000,52061000000,3617000000,3617000000,3.72,3.65,0.75,-2577000000,-2704000000,1016000000,-4288000000,11981000000,632000000,208.88,231.77,186,0.2371,0.0761,49.37,4.47,23.74,11.61,0.2633,0.6035,0.3436,0.0525,1.45,-3.32,0.7349
2017-09-30,969067449,969067449,1,140432000000,40921000000,90952000000,58088000000,45298000000,4182000000,0,61859000000,24723000000,50322000000,2485000000,2485000000,2.57,2.51,0.75,7546000000,-2239000000,-3645000000,1687000000,16269000000,466000000,192.31,200.76,183.86,0.2046,0.0641,46.74,4.31,23.11,10.86,0.3076,0.5458,0.3226,0.0439,1.46,7.31,0.7045
2017-06-30,966859926,966859926,1,138097000000,41239000000,91104000000,57121000000,43161000000,3832000000,0,60836000000,26197000000,50053000000,2284000000,2284000000,2.37,2.32,0.75,2171000000,-1367000000,-2337000000,-1560000000,14582000000,418000000,176.45,188.66,164.25,0.2015,0.0622,44.64,4.06,22.59,10.11,0.311,0.607,0.3125,0.0421,1.48,1.81,0.722
2017-03-31,963661565,963661565,1,137157000000,40989000000,91495000000,57543000000,41903000000,3759000000,0,60994000000,26154000000,48723000000,2172000000,2172000000,2.28,2.23,0.625,6456000000,-2289000000,1525000000,5712000000,16142000000,507000000,164.12,172.14,156.09,0.1966,0.0602,43.48,4.08,22.64,9.36,0.3156,0.6242,0.3055,0.0401,1.5,6.17,0.7123
2016-12-31,951165192,951165192,1,122810000000,33879000000,82621000000,49252000000,38274000000,1915000000,0,56125000000,25777000000,47535000000,1684000000,1684000000,1.77,1.74,0.63,-1409000000,-614000000,-351000000,-2366000000,10430000000,485000000,148.51,164,133.03,0.1903,0.058,40.24,3.75,21.94,8.73,0.3228,0.6735,0.3117,0.038,1.53,-1.99,0.6879
2016-09-30,951816220,951816220,1,123642000000,35768000000,84151000000,51096000000,37652000000,1839000000,0,55902000000,26022000000,46293000000,1968000000,1968000000,2.07,2.03,0.625,7203000000,-2328000000,-301000000,4579000000,12796000000,407000000,138.44,144.48,132.39,0.1833,0.0555,39.56,3.62,21.67,8.1,0.3268,0.6911,0.3045,0.0362,1.53,7.14,0.7
2016-06-30,952391411,952391411,1,119603000000,33298000000,81572000000,47376000000,36386000000,1645000000,0,55759000000,26834000000,46485000000,1754000000,1754000000,1.84,1.81,0.625,1683000000,-2232000000,-1861000000,-2379000000,8217000000,388000000,133.28,141.31,125.26,0.1786,0.0541,38.2,3.6,21.43,7.48,0.3273,0.7375,0.3042,0.0351,1.54,1.36,0.7028
2016-03-31,950804129,950804129,1,117855000000,33745000000,80964000000,46285000000,35169000000,1722000000,0,55155000000,27218000000,44527000000,1611000000,1611000000,1.69,1.67,0.5,2318000000,-4181000000,1502000000,-327000000,10596000000,425000000,119.31,131.1,107.51,0.1781,0.0561,36.99,3.36,19.85,6.85,0.3168,0.7739,0.2984,0.0362,1.55,1.99,0.7291
2015-12-31,950673998,950673998,1,111383000000,31639000000,75922000000,42898000000,33725000000,1736000000,0,52844000000,25460000000,43599000000,1218000000,1218000000,1.27,1.26,0.5,3511000000,-975000000,409000000,2940000000,10923000000,484000000,117.8,125.99,109.61,0.1765,0.058,35.47,3.39,18.67,6.35,0.3072,0.7549,0.3028,0.037,1.57,3.18,0.7375
2015-09-30,953108435,953108435,1,108272000000,29935000000,73579000000,39953000000,33122000000,1571000000,0,52085000000,26015000000,41489000000,1597000000,1597000000,1.68,1.65,0.5,2797000000,-14570000000,11951000000,96000000,7983000000,356000000,110.6,126.21,95,0.1872,0.065,34.75,3.19,17.58,5.85,0.274,0.7854,0.3059,0.0415,1.56,2.56,0.7493
2015-06-30,953562580,953562580,1,91423000000,27566000000,56788000000,35741000000,33020000000,1615000000,0,37470000000,15378000000,36263000000,1585000000,1585000000,1.67,1.64,0.5,1163000000,-1325000000,-617000000,-763000000,7887000000,343000000,117.62,124.11,111.12,0.1881,0.0692,34.63,3.51,19.38,5.35,0.2547,0.4657,0.3612,0.0442,1.57,0.86,0.7713
2015-03-31,951904261,951904261,1,89719000000,26774000000,56389000000,34978000000,31878000000,1452000000,0,36223000000,15577000000,35756000000,1413000000,1413000000,1.48,1.46,0.375,2269000000,-1525000000,496000000,1155000000,8650000000,373000000,111.11,123.76,98.46,0.1827,0.0684,33.49,3.27,19.46,4.85,0.2433,0.4886,0.3553,0.0441,1.55,1.99,0.7655
2014-12-31,953695161,953695161,1,86382000000,23556000000,52540000000,30623000000,32454000000,1388000000,0,36609000000,16007000000,33433000000,1510000000,1510000000,1.58,1.56,0.38,2429000000,-676000000,-1483000000,262000000,7495000000,326000000,92.36,104,80.72,0.1722,0.0657,34.03,2.72,16.61,4.48,0.2422,0.4932,0.3757,0.0431,1.53,2.21,0.7692
2014-09-30,959791117,959791117,1,85426000000,22963000000,51436000000,31130000000,32604000000,1386000000,0,35936000000,14592000000,32759000000,1602000000,1602000000,1.65,1.63,0.375,3200000000,-980000000,-1388000000,821000000,7233000000,405000000,83.79,88.85,78.74,0.17,0.0656,33.97,2.47,15.35,4.1,0.2304,0.4476,0.3817,0.0432,1.52,2.91,0.7376
2014-06-30,971624800,971624800,1,85466000000,22851000000,51228000000,30776000000,32935000000,1303000000,0,36253000000,14630000000,32574000000,1408000000,1408000000,1.44,1.42,0.375,1014000000,-275000000,-1849000000,-1102000000,6412000000,363000000,78.33,83.05,73.61,0.1698,0.0659,33.9,2.36,14.4,3.72,0.2176,0.4442,0.3854,0.0437,1.51,0.67,0.7425
2014-03-31,979860669,979860669,1,84622000000,22364000000,50805000000,30716000000,32549000000,1268000000,0,36017000000,14524000000,31708000000,1099000000,1099000000,1.12,1.1,0.28,1408000000,-603000000,-573000000,238000000,7514000000,353000000,76.44,83.32,69.57,0.1727,0.0673,33.22,2.35,13.9,3.35,0.2021,0.4462,0.3846,0.0447,1.51,1.08,0.7281
2013-12-31,989191844,989191844,1,81882000000,20380000000,48558000000,27881000000,32149000000,1175000000,0,35448000000,14891000000,31117000000,1427000000,1427000000,1.44,1.41,0.28,1068000000,-816000000,-1263000000,-1010000000,7276000000,321000000,71.13,75.54,66.72,0.1767,0.0688,32.5,2.24,13.45,3.07,0.1885,0.4632,0.3926,0.0459,1.5,0.76,0.731
2013-09-30,1006758191,1006758191,1,81863000000,21194000000,48717000000,27867000000,32016000000,1130000000,0,35770000000,14888000000,30624000000,1570000000,1570000000,1.56,1.53,0.28,3396000000,-1255000000,-1516000000,632000000,8286000000,361000000,70.27,75.88,64.65,0.1723,0.0668,31.8,2.28,13.36,2.79,0.1835,0.465,0.3911,0.0453,1.47,3.01,0.7605
2013-06-30,1016699724,1016699724,1,80201000000,20618000000,48051000000,26405000000,31381000000,769000000,0,35506000000,15543000000,30408000000,1436000000,1436000000,1.42,1.4,0.28,1474000000,-114000000,-3670000000,-2384000000,7654000000,156000000,61.6,66.19,57.01,0.1744,0.0687,30.87,1.98,12.01,2.5,0.172,0.4953,0.3913,0.0465,1.48,1.3,0.7808
2013-03-31,1020007037,1020007037,1,83126000000,22717000000,49181000000,27183000000,31757000000,2188000000,0,36119000000,15659000000,30340000000,1192000000,1192000000,1.17,1.16,0.2125,1053000000,-904000000,1503000000,1632000000,10038000000,323000000,54.81,58.26,51.36,0.174,0.069,31.13,1.8,10.38,2.22,0.1629,0.4931,0.382,0.0469,1.47,0.72,0.8357
2012-12-31,1024925324,1024925324,1,80885000000,21052000000,47586000000,27116000000,31178000000,2121000000,0,35968000000,14041000000,28769000000,1244000000,1244000000,1.22,1.2,0.21,1682000000,-4189000000,1997000000,-510000000,8406000000,284000000,54.69,58.29,51.09,0.1848,0.074,30.42,1.85,10.4,2.01,0.1485,0.4503,0.3855,0.05,1.48,1.36,0.7764
2012-09-30,1021492625,1021492625,1,71700000000,20331000000,41477000000,24853000000,30223000000,0,0,29388000000,11146000000,27302000000,1557000000,1557000000,1.52,1.5,0.2125,-298000000,-1057000000,-1307000000,-2662000000,8916000000,321000000,54.81,59.31,50.32,0.1898,0.0776,29.59,1.93,11.12,1.8,0.1394,0.3688,0.4215,0.0514,1.51,-0.61,0.8181
2012-06-30,1032705691,1032705691,1,73465000000,22727000000,44090000000,27623000000,29375000000,0,0,29332000000,11156000000,27265000000,1337000000,1337000000,1.3,1.27,0.2125,2185000000,-1005000000,-1263000000,-83000000,11578000000,196000000,57.27,60.75,53.78,0.1837,0.0738,28.44,2.06,11.88,1.59,0.1386,0.3798,0.3999,0.0497,1.48,1.93,0.8228
2012-03-31,1037448473,1037448473,1,72690000000,22690000000,43834000000,27462000000,28856000000,0,0,28857000000,11083000000,27282000000,1388000000,1388000000,1.34,1.31,0.1625,3586000000,-2398000000,1044000000,2232000000,11661000000,269000000,54.63,59.43,49.82,0.1845,0.0747,27.81,2.02,11.55,1.38,0.1319,0.3841,0.397,0.05,1.49,3.2,0.8262
2011-12-31,1044964149,1044964149,1,67889000000,20350000000,39597000000,23922000000,28292000000,0,0,26770000000,10656000000,25916000000,1258000000,1258000000,1.2,1.18,0.16,-415000000,-1249000000,-2586000000,-4250000000,9429000000,212000000,46.52,51.71,41.32,0.1868,0.0761,27.07,1.78,10.36,1.21,0.1266,0.3766,0.4167,0.0505,1.51,-0.6,0.8507
2011-09-30,1066026494,1066026494,1,70910000000,24508000000,43038000000,28618000000,27872000000,0,0,26578000000,9555000000,25280000000,1271000000,1271000000,1.19,1.17,0.1625,4964000000,-1365000000,305000000,3904000000,13679000000,290000000,47.39,53.5,41.27,0.1831,0.0743,26.15,1.86,10.63,1.05,0.127,0.3428,0.3931,0.0493,1.51,4.38,0.8564
2011-06-30,1076159413,1076159413,1,66115000000,20429000000,38752000000,24374000000,27363000000,0,0,26301000000,9442000000,25234000000,1267000000,1267000000,1.18,1.16,0.1625,1195000000,-221000000,-989000000,-15000000,9775000000,303000000,47.97,52.64,43.3,0.1873,0.0766,25.43,1.96,11.18,0.89,0.1196,0.3451,0.4139,0.0502,1.53,0.83,0.8381
2011-03-31,1083437533,1083437533,1,65335000000,19818000000,38764000000,24527000000,26571000000,0,0,26286000000,9359000000,25432000000,1346000000,1346000000,1.24,1.22,0.125,1224000000,-1337000000,780000000,667000000,9790000000,213000000,41.06,45.75,36.37,0.1863,0.0761,24.52,1.74,10.01,0.73,0.1231,0.3522,0.4067,0.0497,1.53,0.93,0.808
2010-12-31,1093694629,1093694629,1,63063000000,18393000000,37238000000,23700000000,25825000000,0,0,25655000000,8662000000,24030000000,1043000000,1043000000,0.95,0.94,0.13,1441000000,-1705000000,-190000000,-454000000,9123000000,1208000000,36,38.06,33.94,0.1843,0.0753,23.61,1.55,9.07,0.6,0.098,0.3354,0.4095,0.0492,1.53,0.21,0.7761
2010-09-30,1099938251,1099938251,1,63023000000,18256000000,37412000000,24442000000,25611000000,0,0,25863000000,8076000000,23668000000,1277000000,1277000000,1.15,1.14,0.125,2904000000,-2816000000,-494000000,-406000000,9577000000,205000000,31.53,35.94,27.13,0.1844,0.0749,23.28,1.43,8.48,0.47,0.0764,0.3153,0.4064,0.0493,1.52,2.45,0.7469
2010-06-30,1124267834,1124267834,1,60424000000,18982000000,35595000000,23103000000,24829000000,0,0,23242000000,8036000000,23264000000,1123000000,1123000000,1,0.99,0.155,723000000,-235000000,-425000000,63000000,9983000000,211000000,30.98,34,27.97,0.1795,0.0726,22.08,1.45,8.95,0.35,0.0487,0.3237,0.4109,0.0477,1.52,0.46,0.8216
2010-03-31,1136680308,1136680308,1,59541000000,18379000000,35222000000,22942000000,24319000000,0,0,23127000000,8001000000,23193000000,1191000000,1191000000,1.04,1.03,0,1205000000,-583000000,-502000000,120000000,9920000000,132000000,33.52,36.07,30.97,0.1745,0.0695,21.39,1.64,10.35,0.2,0.0086,0.329,0.4084,0.0456,1.52,0.94,0.8011
2009-12-31,1157533379,1157533379,1,59045000000,18200000000,35439000000,22163000000,23606000000,0,0,23108000000,9009000000,21784000000,944000000,944000000,0.82,0.81,0.03,1280000000,-862000000,-153000000,265000000,9800000000,256000000,28.38,33.25,23.5,0.171,0.0669,20.39,1.44,9.37,0.2,0.0091,0.3816,0.3998,0.0439,1.53,0.88,0.8212
2009-09-30,1162016644,1162016644,1,57449000000,17304000000,34551000000,19745000000,22898000000,0,0,22692000000,10690000000,21695000000,1035000000,1035000000,0.9,0.89,0,2741000000,376000000,-829000000,2288000000,9535000000,172000000,26.84,30,23.69,0.1665,0.064,19.71,1.45,9.29,0.17,0,0.4669,0.3986,0.042,1.52,2.21,0.8764
2009-06-30,1162420963,1162420963,1,55890000000,15684000000,34345000000,19652000000,21545000000,0,0,22755000000,10707000000,21655000000,859000000,859000000,0.73,0.73,0,492000000,-334000000,-798000000,-640000000,7247000000,151000000,24.77,29.69,19.85,0.167,0.063,18.53,1.38,10.19,0.17,0,0.497,0.3855,0.0414,1.52,0.29,0.7981
2009-03-31,1189510728,1189510728,1,56085000000,16123000000,34710000000,19549000000,21375000000,0,0,22378000000,11223000000,22004000000,984000000,984000000,0.82,0.81,0,1112000000,-156000000,-495000000,461000000,7887000000,160000000,23.21,30.25,16.18,0.1457,0.054,17.97,1.36,9.67,0.17,0,0.5251,0.3811,0.0358,1.51,0.8,0.8247
2008-12-31,1215615705,1215615705,1,55815000000,14990000000,35035000000,19761000000,20780000000,0,0,22417000000,11338000000,20454000000,726000000,726000000,0.61,0.6,0,1601000000,278000000,-534000000,1345000000,7426000000,8000000,20.91,27.31,14.51,0.1492,0.0548,17.09,1.27,7.66,0.17,0.0124,0.5456,0.3723,0.0367,1.49,1.31,0.7586
2008-09-30,1207809624,1207809624,1,53707000000,12959000000,33822000000,19633000000,19885000000,0,0,22467000000,10876000000,20156000000,920000000,920000000,0.76,0.75,0,1757000000,-280000000,-669000000,808000000,6081000000,183000000,27.25,33.49,21,0.1753,0.0653,16.46,1.71,9.3,0.17,0.0106,0.5469,0.3702,0.0436,1.5,1.3,0.6601
2008-06-30,1217648185,1217648185,1,54168000000,13255000000,34764000000,19987000000,19404000000,0,0,22545000000,11222000000,20272000000,337000000,337000000,0.28,0.27,0,600000000,-1300000000,-302000000,-1002000000,5273000000,203000000,31.91,38.33,25.5,0.1918,0.0733,15.94,1.98,8.99,0.17,0.0096,0.5783,0.3582,0.0491,1.49,0.33,0.6632
2008-03-31,1228703927,1228703927,1,53543000000,13767000000,33784000000,18783000000,19759000000,0,0,21763000000,11495000000,20304000000,994000000,994000000,0.8,0.78,0.03,280000000,-3770000000,900000000,-2590000000,6275000000,212000000,45.72,57.86,33.57,0.2316,0.0908,16.08,2.85,13.33,0.17,0.0078,0.5818,0.369,0.0616,1.47,0.06,0.733
2007-12-31,1251382699,1251382699,1,50899000000,15544000000,30836000000,18492000000,20063000000,0,0,18591000000,9063000000,18705000000,1216000000,1216000000,0.96,0.93,0,1070000000,-1840000000,-715000000,-1485000000,8865000000,185000000,53.03,59.46,46.59,0.2247,0.0906,16.03,3.32,15.88,0.14,0.0086,0.4517,0.3942,0.0617,1.47,0.71,0.8406
2007-09-30,1292161732,1292161732,1,50441000000,16839000000,29776000000,19629000000,20665000000,0,0,18686000000,6965000000,18679000000,1283000000,1283000000,0.98,0.95,0,516000000,-432000000,-2766000000,-2682000000,10350000000,223000000,49.96,54.1,45.82,0.2207,0.0909,15.99,3.14,15.66,0.14,0.0087,0.337,0.4097,0.0616,1.48,0.23,0.8579
2007-06-30,1324878728,1324878728,1,53154000000,19953000000,32089000000,21963000000,21065000000,0,0,18726000000,6964000000,19000000000,1228000000,1228000000,0.93,0.89,0,1703000000,-1063000000,333000000,973000000,13032000000,239000000,53.3,55.9,50.7,0.2155,0.0893,15.9,3.39,17.77,0.14,0.0091,0.3306,0.3963,0.0599,1.49,1.11,0.9085
2007-03-31,1340048950,1340048950,1,51009000000,18407000000,29941000000,21282000000,21068000000,0,0,18734000000,5473000000,19047000000,927000000,927000000,0.69,0.66,0.03,2588000000,-812000000,-37000000,1739000000,12059000000,224000000,53.8,57.1,50.51,0.2113,0.0872,15.72,3.5,18.11,0.14,0.0096,0.2598,0.413,0.0575,1.52,1.76,0.8649
2006-12-31,1354320209,1354320209,1,48320000000,16044000000,27510000000,18497000000,20810000000,0,0,18726000000,5973000000,18128000000,1175000000,1175000000,0.87,0.84,0,1600000000,-618000000,86000000,1068000000,10320000000,210000000,49.79,54.46,45.12,0.2193,0.0892,15.37,3.46,17.91,0.1,0.0098,0.287,0.4307,0.0581,1.53,1.03,0.8674
2006-09-30,1354320209,1354320209,1,46424000000,14996000000,26924000000,18052000000,19500000000,0,0,18633000000,5878000000,17970000000,1112000000,1112000000,0.83,0.8,0,314000000,-360000000,-174000000,-220000000,9252000000,137000000,48.56,52.84,44.29,0.2118,0.0859,14.4,3.65,18.53,0.1,0.0105,0.3014,0.42,0.0589,1.46,0.13,0.8307
2006-06-30,1354320209,1354320209,1,46637000000,15478000000,28599000000,19268000000,18038000000,0,0,18624000000,6426000000,17863000000,981000000,981000000,0.73,0.7,0,1722000000,-47000000,-47000000,1628000000,9472000000,158000000,49.02,56.6,41.44,0.2222,0.0881,13.32,3.79,19.38,0.1,0.0113,0.3562,0.3868,0.0609,1.45,1.15,0.8033
2006-03-31,1354320209,1354320209,1,45048000000,13624000000,27526000000,18129000000,17522000000,0,0,18633000000,6426000000,17581000000,891000000,891000000,0.66,0.63,0.03,2890000000,-1076000000,609000000,2423000000,7844000000,171000000,58.06,62.93,53.2,0.2394,0.0944,12.94,4.44,23.41,0.1,0.0119,0.3667,0.389,0.0655,1.44,2.01,0.7515
2005-12-31,1356292073,1356292073,1,41374000000,10640000000,23641000000,16644000000,17733000000,0,0,18226000000,3850000000,12045000000,870000000,870000000,0.69,0.65,0,632000000,-2487000000,2099000000,244000000,5421000000,142000000,59.23,64.61,53.84,0.2638,0.1033,13.07,6.69,24.99,0.07,0.0058,0.2171,0.4286,0.0727,1.42,0.36,0.6393
2005-09-30,1267136966,1267136966,1,29696000000,9252000000,18467000000,12029000000,11229000000,0,0,10864000000,3850000000,11322000000,842000000,842000000,0.67,0.64,0,1197000000,-194000000,132000000,1135000000,5177000000,145000000,52.2,56.66,47.75,0.2946,0.1109,8.86,6.26,23.2,0.07,0.006,0.3429,0.3781,0.0723,1.53,0.83,0.7691
2005-06-30,1263136573,1263136573,1,28521000000,8060000000,17992000000,11562000000,10529000000,0,0,10741000000,3850000000,11111000000,809000000,809000000,0.64,0.61,0,1291000000,-409000000,-913000000,-31000000,4042000000,109000000,48.97,53.64,44.3,0.2823,0.1075,8.34,5.87,23.26,0.07,0.0063,0.3657,0.3692,0.0714,1.51,0.94,0.6971
2005-03-31,633079551,1266159102,2,28218000000,8057000000,17663000000,11285000000,10555000000,0,0,10678000000,3850000000,10887000000,779000000,779000000,1.22,1.16,0.03,1206000000,-399000000,-725000000,82000000,4073000000,113000000,45.48,48.33,42.63,0.2851,0.1072,8.34,5.45,23.15,0.07,0.0068,0.3648,0.3741,0.0704,1.52,0.86,0.714
2004-12-31,641479122,1282958244,2,27879000000,8241000000,17162000000,11329000000,10717000000,0,0,10675000000,3350000000,10511000000,739000000,739000000,1.13,1.08,0,1250000000,164000000,-1058000000,356000000,3991000000,110000000,38.34,44.38,32.31,0.2864,0.1061,8.35,4.53,20.78,0.06,0.0071,0.3126,0.3844,0.0695,1.53,0.89,0.7274
2004-09-30,653628555,1307257110,2,27897000000,8196000000,16830000000,10567000000,11067000000,0,0,10414000000,3750000000,9859000000,698000000,698000000,1.09,1.04,0,958000000,-1359000000,936000000,535000000,3635000000,81000000,33.53,37.38,29.67,0.3084,0.1079,8.47,6.27,19.61,0.06,0.0078,0.3388,0.3967,0.0688,1.57,0.67,0.7756
2004-06-30,664697938,1329395876,2,20883000000,7028000000,13765000000,9372000000,7118000000,0,0,6009000000,2250000000,8704000000,596000000,596000000,0.98,0.93,0,1017000000,-56000000,-575000000,386000000,3100000000,76000000,31.78,34.25,29.31,0.3523,0.1149,5.35,5.41,19.86,0.06,0.0087,0.3161,0.3409,0.0675,1.7,0.71,0.7499
2004-03-31,615823765,1231647530,2,20852000000,6444000000,13625000000,9139000000,7227000000,0,0,5977000000,2250000000,8144000000,554000000,554000000,0.92,0.88,0.03,910000000,-393000000,-65000000,452000000,2714000000,83000000,29.99,32.25,27.73,0.363,0.1159,5.87,7.26,20.23,0.06,0.0093,0.3113,0.3466,0.0659,1.76,0.67,0.7051
2003-12-31,620897092,1241794184,2,17634000000,6120000000,12506000000,8768000000,5128000000,0,0,3689000000,1750000000,7523000000,507000000,507000000,0.88,0.84,0,870000000,-717000000,42000000,195000000,2262000000,71000000,26.56,29.34,23.79,0.3844,0.1181,4.13,6.56,19.49,0.04,0.0049,0.3413,0.2908,0.0633,1.86,0.64,0.698
2003-09-30,586643108,1173286216,2,14902000000,5771000000,10156000000,8259000000,4746000000,0,0,3563000000,1400000000,7238000000,476000000,476000000,0.81,0.77,0,643000000,-395000000,-434000000,-186000000,2067000000,100000000,25.88,28.13,23.63,0.3711,0.1163,4.05,6.6,20.58,0.04,0.0052,0.295,0.3185,0.0606,1.92,0.46,0.6988
2003-06-30,596223753,1192447506,2,14838000000,5784000000,10165000000,8351000000,4673000000,0,0,3548000000,1400000000,7087000000,439000000,439000000,0.74,0.71,0,765000000,38000000,-352000000,451000000,2253000000,89000000,24.2,26.34,22.05,0.3516,0.1102,3.92,6.45,20.95,0.04,0.0056,0.2996,0.3149,0.0583,1.89,0.57,0.6926
2003-03-31,296298224,1185192896,4,14445000000,5369000000,10001000000,8172000000,4444000000,0,0,3486000000,1400000000,6975000000,403000000,403000000,1.35,1.29,0.03,725000000,329000000,-382000000,672000000,1802000000,92000000,21.39,23.18,19.6,0.3393,0.1059,3.75,5.77,20.13,0.04,0.0061,0.315,0.3076,0.0562,1.88,0.53,0.657
2002-12-31,298512614,1194050456,4,14164000000,5174000000,9736000000,8379000000,4428000000,0,0,3485000000,950000000,6682000000,379000000,379000000,1.26,1.2,0,760000000,-449000000,-247000000,64000000,1130000000,124000000,22.01,25.25,18.76,0.3254,0.1021,3.71,6.15,23.11,0.04,0.0068,0.2145,0.3126,0.054,1.89,0.53,0.6175
2002-09-30,304452543,1217810172,4,13707000000,4928000000,9346000000,7647000000,4361000000,0,0,3404000000,1300000000,6247000000,353000000,353000000,1.17,1.12,0,633000000,-843000000,-420000000,-630000000,1066000000,79000000,22.22,24.07,20.37,0.3034,0.0951,3.58,6.77,26.14,0.04,0.0076,0.2981,0.3182,0.0501,1.9,0.45,0.6444
2002-06-30,303425030,1213700120,4,12838000000,5213000000,8857000000,7228000000,3981000000,0,0,2836000000,1300000000,6078000000,325000000,325000000,1.07,1.01,0,660000000,-96000000,-315000000,249000000,1696000000,88000000,21.63,24.47,18.78,0.2845,0.0884,3.28,6.93,28.18,0.04,0.0084,0.3266,0.3101,0.0457,1.94,0.47,0.7212
2002-03-31,307934871,1231739484,4,12284000000,4805000000,8435000000,6919000000,3849000000,0,0,2759000000,1300000000,6013000000,295000000,295000000,0.96,0.92,0.03,370000000,-3000000,-460000000,-93000000,1447000000,128000000,18.08,19.2,16.96,0.2648,0.0821,3.12,5.72,25.92,0.04,0.0093,0.3378,0.3133,0.0419,1.96,0.2,0.6945
2001-12-31,307949440,1231797760,4,12486000000,4946000000,8595000000,7491000000,3891000000,0,0,2805000000,900000000,6020000000,247000000,247000000,0.79,0.76,0,361000000,-347000000,1000000,15000000,1540000000,85000000,16.91,18.2,15.61,0.2438,0.0768,3.16,5.67,25.43,0.03,0.0104,0.2313,0.3116,0.0389,1.97,0.22,0.6603
2001-09-30,311781485,1247125940,4,12102000000,4759000000,8387000000,7559000000,3715000000,0,0,3078000000,650000000,5941000000,231000000,231000000,0.75,0.71,0,507000000,-240000000,-82000000,185000000,1525000000,123000000,16.1,17.5,14.7,0.2371,0.0759,2.98,5.61,25.86,0.03,0.0109,0.175,0.307,0.0383,1.98,0.31,0.6296
2001-06-30,312543375,1250173500,4,11632000000,4478000000,8040000000,7211000000,3592000000,0,0,3052000000,650000000,5813000000,223000000,223000000,0.71,0.68,0,501000000,-305000000,-175000000,21000000,1340000000,125000000,14.99,16.85,13.13,0.2247,0.0743,2.87,5.03,25.9,0.03,0.0115,0.181,0.3088,0.0371,2,0.3,0.621
2001-03-31,317183825,1268735300,4,11353000000,4392000000,7571000000,6774000000,3782000000,0,0,3004000000,650000000,5680000000,212000000,212000000,0.67,0.64,0.03,475000000,-246000000,-329000000,-100000000,1319000000,92000000,14.36,16.09,12.63,0.2087,0.0717,2.98,5.02,26.23,0.03,0.0123,0.1719,0.3331,0.0357,2.01,0.3,0.6484
2000-12-31,322060002,1288240008,4,11053000000,4405000000,7365000000,6570000000,3688000000,0,0,2911000000,650000000,5434000000,210000000,210000000,0.66,0.63,0,554000000,-145000000,-93000000,316000000,1419000000,87000000,14.01,15.86,12.16,0.2001,0.0701,2.86,4.88,27.74,0.02,0.0066,0.1762,0.3337,0.0348,2.01,0.36,0.6705
2000-09-30,159427606,1275420848,8,10463000000,3995000000,6806000000,6281000000,3657000000,0,0,2891000000,400000000,5369000000,182000000,182000000,1.13,1.08,0,221000000,-357000000,-83000000,-219000000,1103000000,58000000,11.21,12.64,9.77,0.1835,0.0663,2.87,3.88,23.79,0.02,0.0071,0.1094,0.3495,0.033,2.01,0.13,0.636
2000-06-30,160675309,1285402472,8,10313000000,4160000000,6604000000,6076000000,3709000000,0,0,2893000000,400000000,5220000000,170000000,170000000,1.04,1.01,0,380000000,-180000000,-154000000,46000000,1322000000,39000000,9.18,11.13,7.22,0.1697,0.0637,2.89,3.26,20.86,0.02,0.0076,0.1078,0.3596,0.0319,2,0.27,0.6847
2000-03-31,162408947,1299271576,8,10152000000,4162000000,6492000000,5968000000,3660000000,0,0,2888000000,400000000,5099000000,174000000,174000000,1.06,1.03,0.03,366000000,-286000000,-409000000,-329000000,1276000000,49000000,6.94,8.08,5.79,0.1559,0.0611,2.82,2.34,17.3,0.02,0.008,0.1093,0.3605,0.0307,1.99,0.24,0.6974
1999-12-31,163289041,1306312328,8,10273000000,4568000000,6410000000,5892000000,3863000000,0,0,2859000000,400000000,4992000000,157000000,157000000,0.93,0.92,0,494000000,32000000,106000000,632000000,1605000000,-6000000,6.12,7.31,4.92,0.1425,0.0578,2.96,2.1,17.06,0.02,0.0091,0.1035,0.376,0.029,1.99,0.38,0.7753
1999-09-30,169752621,1358020968,8,9785000000,3623000000,5815000000,5469000000,3970000000,0,0,2817000000,250000000,4903000000,144000000,144000000,0.83,0.81,0,307000000,-453000000,-111000000,-257000000,973000000,54000000,7.17,8.34,6.01,0.1281,0.0561,2.92,2.39,21.09,0.02,0.0101,0.063,0.4057,0.0269,1.98,0.19,0.6625
1999-06-30,173353248,1386825984,8,9754000000,3648000000,5596000000,5260000000,4158000000,0,0,2621000000,249000000,4858000000,135000000,135000000,0.78,0.76,0,266000000,-212000000,-193000000,-139000000,1230000000,50000000,7.17,8.75,5.59,0.127,0.0564,3,2.52,None,0.02,0.0104,0.0599,0.4263,0.0268,1.97,0.16,0.6935
1999-03-31,173142366,1385138928,8,9490000000,3922000000,5542000000,5227000000,3948000000,0,0,2509000000,249000000,4809000000,132000000,132000000,0.73,0.72,0.03,122000000,10000000,-407000000,-275000000,1369000000,47000000,5.88,6.83,4.93,-0.0544,-0.0179,2.85,2.11,None,0.02,None,0.0631,0.416,None,1.95,0.05,0.7503
1998-12-31,180782384,1446259072,8,9701000000,4280000000,5663000000,5342000000,4038000000,0,0,2517000000,249000000,4645000000,132000000,105000000,0.56,0.58,0,638000000,-49000000,30000000,619000000,1644000000,98000000,5.25,6.33,4.17,-0.0554,-0.0181,2.79,2.17,None,0.01,None,0.0617,0.4162,None,1.9,0.37,0.8012
1998-09-30,186232870,1489862960,8,8914000000,3523000000,4814000000,4292000000,4100000000,0,500000000,2200000000,22000000,4360000000,135000000,128000000,0.67,0.66,0,216000000,355000000,-209000000,362000000,1025000000,22000000,6,8.31,3.69,-0.0537,-0.0207,2.42,2.59,None,0.01,None,0.0061,0.4039,None,1.83,0.13,0.8208
1998-06-30,195331294,1562650352,8,8888000000,3255000000,4757000000,4236000000,4131000000,0,500000000,2020000000,21000000,4235000000,-565000000,-572000000,-2.96,-2.96,0,155000000,-143000000,-17000000,-5000000,663000000,78000000,8.45,9.24,7.66,-0.058,-0.0241,2.32,3.13,28.28,0.01,None,0.0058,0.4085,None,1.75,0.05,0.7684
1998-03-31,192704252,1541634016,8,9104000000,3235000000,4434000000,3914000000,4670000000,0,500000000,2356000000,20000000,4115000000,132000000,125000000,0.65,0.63,0.03,62000000,-142000000,-2000000,-82000000,668000000,12000000,7.08,8.35,5.82,0.1165,0.0621,2.7,2.7,24.63,0.01,0.0251,0.0048,0.458,0.0348,1.68,0.03,0.8265
1997-12-31,192580947,1540647576,8,7623000000,2193000000,3089000000,2570000000,4534000000,0,500000000,2281000000,19000000,3053489000,119321000,111909000,0.62,None,0,518100000,-208900000,-3800000,305400000,750000000,54800000,6.07,6.84,5.3,0.116,0.0633,2.62,2.43,22.59,0.01,0.0131,0.0047,0.5292,0.0365,1.62,0.3,0.8533
1997-09-30,188336595,1506692760,8,7241300000,2123500000,2969700000,2449200000,4271600000,0,500000000,2145500000,20500000,2958900000,116100000,108900000,0.57,None,0,32400000,-204700000,6300000,-166000000,444300000,42400000,6.75,7.52,5.99,0.115,0.0613,2.5,2.79,26.6,0.01,0.0138,0.0054,0.5208,0.0357,1.61,-0.01,0.867
1997-06-30,187567494,1500539952,8,7125900000,1988300000,3002000000,2479300000,4123900000,0,500000000,2150100000,22700000,2930500000,115700000,108500000,0.57,None,0.03,112464000,-427411000,21298000,-293649000,610300000,56980000,6.28,7.09,5.47,0.1124,0.0589,2.42,2.73,29.73,0.01,0.0147,0.0063,0.5086,0.0346,1.58,0.04,0.802
1997-03-31,186246869,1489974952,8,7062608000,2529481000,3128567000,2599742000,3934041000,0,500000000,2129595000,25000000,2851111000,108879000,101691000,0.54,None,0,20036000,-162989000,10202000,-132751000,903965000,32820000,6.12,6.91,5.33,0.0969,0.0507,2.3,2.73,27.66,0.01,0.0174,0.0073,0.4862,0.0299,1.56,-0.01,0.973
1996-12-31,185600404,1484803232,8,6996630000,2739664000,3173543000,2642782000,3823087000,0,500000000,2139009000,25000000,2676139000,95144000,87956000,0.47,None,0,180414000,119501000,4776000,304691000,1036716000,54371000,5.26,6.13,4.39,0.104,0.0535,2.24,2.41,31.64,0.01,0.0169,0.0075,0.475,0.0324,1.51,0.08,1.0367
1996-09-30,184037423,1472299384,8,6701279000,2803073000,2986613000,2451018000,3714666000,0,500000000,2057268000,25000000,2587358000,91227000,84039000,0.45,None,0,327548000,-588741000,-2461000,-263654000,732025000,36140000,5.07,6.39,3.75,0.0844,0.0425,2.18,2.4,28.77,0.01,0.0428,0.0078,0.4797,0.0263,1.49,0.2,1.1436
1996-06-30,183853665,1470829320,8,6495222000,2860470000,2891337000,2344282000,3603885000,0,500000000,1940956000,25000000,2492183000,50320000,43132000,0.23,None,0.03,-107704000,57857000,5034000,-44813000,995679000,52697000,7.01,8.03,5.99,0.0883,0.0481,2.11,3.49,33.18,0.01,0.0412,0.0081,0.4779,0.0318,1.43,-0.11,1.2202
1996-03-31,182290123,1458320984,8,6404391000,2942451000,2971355000,2435103000,3433036000,0,500000000,1856758000,25000000,2318110000,118946000,111758000,0.62,None,0,162001000,-61127000,-492000,100382000,1040492000,22015000,7.83,8.63,7.02,0.1047,None,2.01,4.1,39.65,0,0.0171,0.0085,0.458,0.0448,1.36,0.1,1.2083
1995-12-31,175520725,1404165800,8,6160986000,2867121000,2972966000,2433996000,3188020000,0,500000000,1727042000,25000000,2193562000,12983000,12983000,0.03,None,0.03,166790000,-558632000,24421000,-367421000,940110000,43184000,7.06,8.2,5.92,0.0974,None,1.91,3.15,None,0,0.0184,0.0093,0.4363,0.0504,1.3,0.09,1.1779
1995-09-30,174696191,1397569528,8,3896871000,1893701000,762338000,736149000,3127512000,7021000,0,803551000,26189000,1215536000,93670000,93670000,0.53,None,0,120719000,507892000,6662000,635273000,1307531000,21698000,5.58,6.16,5,None,None,2.24,2.56,None,0,None,0.0084,0.8026,None,None,0.07,2.5724
1995-06-30,173543568,1388348544,8,3755986000,1304115000,724208000,703663000,3025404000,6374000,0,807947000,20545000,1157945000,89879000,89879000,0.51,None,0,40831000,40200000,-3087000,77944000,672258000,18774000,5.04,5.8,4.27,None,None,2.18,2.4,None,0,None,0.0068,0.8055,None,None,0.02,1.8533
1995-03-31,173175090,1385400720,8,3700831000,1221751000,791266000,766124000,2903719000,5846000,0,809618000,25142000,1103835000,89432000,89432000,0.51,None,0,105935000,-1035210000,4540000,-924735000,594314000,25574000,5.73,6.25,5.22,None,None,2.1,2.84,None,0,None,0.0087,0.7846,None,None,0.06,1.5947
1994-12-31,172943352,1383546816,8,3489479000,1908215000,688577000,664302000,2795456000,5446000,0,303613000,24275000,None,None,None,None,None,0,None,None,None,None,1519049000,0,6,6.91,5.08,None,None,2.02,None,None,0,None,0.0087,0.8011,None,None,None,2.8725
