"Quarter end","Shares","Shares split adjusted","Split factor","Assets","Current Assets","Liabilities","Current Liabilities","Shareholders equity","Non-controlling interest","Preferred equity","Goodwill & intangibles","Long-term debt","Revenue","Earnings","Earnings available for common stockholders","EPS basic","EPS diluted","Dividend per share","Cash from operating activities","Cash from investing activities","Cash from financing activities","Cash change during period","Cash at end of period","Capital expenditures","Price","Price high","Price low","ROE","ROA","Book value of equity per share","P/B ratio","P/E ratio","Cumulative dividends per share","Dividend payout ratio","Long-term debt to equity ratio","Equity to assets ratio","Net margin","Asset turnover","Free cash flow per share","Current ratio"
2019-06-30,132286856,132286856,1,10480764000,1255015000,5109317000,663588000,5371447000,0,0,4244047000,2781850000,1327682000,197558000,197558000,1.49,1.48,0.31,185752000,-96470000,-93868000,-4586000,26522000,99130000,128.14,137.92,118.37,0.1078,0.0557,40.6,3.24,32.52,9.44,0.2763,0.5179,0.5125,0.1212,0.46,0.65,1.8913
2019-03-31,132092119,132092119,1,10296852000,1083851000,5079643000,659607000,5217209000,0,0,4247240000,2780589000,996511000,63299000,63299000,0.48,0.48,0.31,116164000,-119878000,-9582000,-13296000,31108000,115507000,107.66,120,95.31,0.1022,0.0528,39.5,2.73,27.96,9.13,0.2887,0.533,0.5067,0.1163,0.45,0,1.6432
2018-12-31,131830868,131830868,1,9832130000,1079145000,4629227000,602550000,5202903000,0,0,4260774000,2779357000,1088047000,124023000,124023000,0.94,0.93,0.28,260146000,-120393000,-138418000,1335000,44404000,111478000,98.56,114.59,82.52,0.1017,0.0529,39.47,2.53,18.42,8.82,0.2868,0.5342,0.5292,0.1177,0.45,1.13,1.791
2018-09-30,132047816,132047816,1,9875635000,1175912000,4729846000,690415000,5145789000,0,0,4268969000,2778129000,1240197000,179151000,179151000,1.35,1.34,0.28,296871000,-92889000,-222028000,-18046000,43069000,96757000,118.81,131.52,106.1,0.1435,0.0744,38.97,3.13,24.65,8.54,0.2004,0.5399,0.5211,0.1684,0.44,1.52,1.7032
2018-06-30,132268189,132268189,1,9844784000,1183202000,4824154000,811796000,5020630000,0,0,4320852000,2776906000,1200151000,159652000,159652000,1.21,1.19,0.28,182792000,-264585000,96394000,14601000,61115000,111656000,120.88,133.59,108.17,0.1325,0.0679,37.96,3.25,26.74,8.26,0.2162,0.5531,0.51,0.1572,0.43,0.54,1.4575
2018-03-31,132185410,132185410,1,9453211000,1011199000,4540001000,583307000,4913210000,0,0,4190992000,2775687000,854474000,52979000,52979000,0.4,0.39,0.28,92968000,-192024000,-1076000,-100132000,46514000,126987000,125.72,141.2,110.23,0.1271,0.0637,37.17,3.35,28.19,7.98,0.2237,0.5649,0.5197,0.1539,0.41,-0.26,1.7336
2017-12-31,132482375,132482375,1,9504891000,1180101000,4535998000,442872000,4968893000,0,0,4185951000,2813482000,977490000,327546000,327546000,2.47,2.43,0.25,245143000,-711925000,-96768000,-563550000,146646000,87368000,122.32,129.63,115.01,0.1281,0.064,37.51,3.45,40.37,7.7,0.2201,0.5662,0.5228,0.1545,0.41,1.19,2.6647
2017-09-30,132284484,132284484,1,9439334000,1746972000,4754200000,413699000,4685134000,0,0,3936606000,2809966000,1094715000,108579000,108579000,0.82,0.81,0.25,244313000,-73938000,-599011000,-428636000,701163000,73938000,120.94,130.12,111.77,0.0894,0.045,35.42,3.48,37.1,7.45,0.3059,0.5998,0.4963,0.1089,0.41,1.29,4.2228
2017-06-30,132274995,132274995,1,9869943000,2184812000,5267839000,925793000,4602104000,0,0,3936410000,2809293000,1030763000,120139000,120139000,0.91,0.89,0.25,61070000,-175811000,957583000,842842000,1129799000,150721000,125.59,134.92,116.26,0.0971,0.0499,34.79,3.67,38.29,7.2,0.2694,0.6104,0.4663,0.1199,0.42,-0.68,2.3599
2017-03-31,132156277,132156277,1,8744324000,1157762000,4223563000,360898000,4520761000,0,0,3930355000,2329248000,787328000,44921000,44921000,0.34,0.33,0.25,94152000,-307817000,241636000,27971000,286957000,131783000,122.88,136.82,108.95,0.0986,0.0526,34.21,3.56,39.77,6.95,0.2527,0.5152,0.517,0.1233,0.43,-0.28,3.208
2016-12-31,132355703,132355703,1,8471475000,1137182000,3898999000,372244000,4572476000,0,0,3863876000,1982751000,859734000,137052000,137052000,1.03,1,0.2,299140000,-85529000,-89990000,123621000,258986000,45255000,121.94,138.18,105.71,0.0933,0.0503,34.55,3.58,44.5,6.7,0.2531,0.4336,0.5397,0.1172,0.43,1.92,3.0549
2016-09-30,132309274,132309274,1,8358085000,1076759000,3854115000,360912000,4503970000,0,0,3848138000,1983639000,1008140000,139765000,139765000,1.05,1.04,0.2,242915000,-83612000,-115840000,43463000,135365000,84238000,116.81,127.2,106.42,0.0832,0.0447,34.04,3.47,44.75,6.5,0.2505,0.4404,0.5389,0.1038,0.43,1.2,2.9834
2016-06-30,133071629,133071629,1,8290113000,1023407000,3810782000,332678000,4479331000,0,0,3849165000,1982527000,956825000,123750000,123750000,0.93,0.91,0.2,59676000,-89826000,-69834000,-99984000,91902000,90139000,112.91,121.22,104.61,0.0802,0.0429,33.66,3.4,54.81,6.3,0.2248,0.4426,0.5403,0.0985,0.44,-0.23,3.0763
2016-03-31,133188158,133188158,1,8247025000,1007503000,3825972000,356485000,4421053000,0,0,3848196000,1981425000,754728000,18924000,18924000,0.14,0.14,0.2,42857000,-106110000,-28921000,-92174000,191886000,107198000,92.81,106.78,78.83,0.0641,0.0338,33.19,2.78,57.29,6.1,0.2381,0.4482,0.5361,0.0789,0.43,-0.48,2.8262
2015-12-31,133181057,133181057,1,8301632000,1084591000,3847444000,353479000,4454188000,0,0,3861403000,1980334000,857285000,88888000,88888000,0.67,0.65,0.1,222041000,-78289000,-28373000,115379000,284060000,70693000,97.12,106.84,87.4,0.0514,0.0267,33.44,2.97,77.7,5.9,0.2407,0.4446,0.5365,0.0646,0.41,1.14,3.0683
2015-09-30,133318991,133318991,1,8316866000,1143690000,3953589000,412077000,4363277000,0,0,3861519000,1979493000,1038460000,123805000,123805000,0.93,0.91,0.1,216700000,-64430000,-58325000,93945000,168681000,65049000,93.38,102.65,84.1,0.0402,0.0207,32.73,2.94,109.86,5.8,0.2809,0.4537,0.5246,0.0513,0.4,1.14,2.7754
2015-06-30,133186371,133186371,1,8195883000,1022200000,3968926000,506640000,4226957000,0,0,3862819000,1893737000,895143000,48162000,48162000,0.36,0.36,0.1,45483000,-119432000,-243972000,-317921000,74736000,98045000,86.82,93.07,80.58,0.0271,0.0139,31.74,2.77,104.6,5.7,0.3739,0.448,0.5157,0.036,0.39,-0.39,2.0176
2015-03-31,132660492,132660492,1,8350615000,1194665000,4190448000,703336000,4160167000,0,0,3858896000,1912455000,631293000,-39678000,-39678000,-0.3,-0.3,0.1,19154000,-47591000,279821000,251384000,392657000,47257000,75.27,86.25,64.28,0.0268,0.0137,31.36,2.38,48.88,5.6,0.3204,0.4597,0.4982,0.0365,0.38,-0.21,1.6986
2014-12-31,132105151,132105151,1,8061902000,920469000,3885203000,451878000,4176699000,0,0,3853067000,1855447000,755027000,38021000,38021000,0.29,0.28,0.06,110610000,-64254000,3049000,49405000,141273000,50924000,61.6,69.1,54.1,0.0497,0.0256,31.62,1.93,46.32,5.5,0.1411,0.4442,0.5181,0.0684,0.37,0.45,2.037
2014-09-30,131703076,131703076,1,8091538000,954618000,3890439000,364812000,4201699000,-600000,0,3854180000,2005968000,873579000,66939000,66939000,0.51,0.51,0.06,126826000,-258352000,-4290000,-135816000,91868000,52042000,63.38,66.55,60.2,0.0433,0.0219,31.9,2.03,56.09,5.44,0.1267,0.4774,0.5193,0.0603,0.36,0.57,2.6167
2014-06-30,130910161,130910161,1,7933898000,1101984000,3847711000,349405000,4086187000,0,0,3714963000,2006379000,791143000,45968000,45968000,0.35,0.34,0.05,27872000,-67874000,-1087000,-41089000,227684000,67637000,63.59,68.29,58.88,0.0378,0.0186,31.21,2.06,62.96,5.38,0.1043,0.491,0.515,0.0526,0.35,-0.3,3.1539
2014-03-31,130801745,130801745,1,7872235000,1053742000,3841116000,340868000,4031119000,0,0,3715391000,2006782000,574420000,53995000,53995000,0.41,0.41,0.05,-4972000,628811000,-548804000,75035000,268773000,28221000,63.52,69.5,57.55,0.0341,0.0164,30.82,2.11,352.89,5.33,0.0784,0.4978,0.5121,0.0475,0.34,-0.25,3.0913
2013-12-31,130564191,130564191,1,8259143000,951496000,4321037000,299135000,3938106000,0,0,3779099000,2522243000,680246000,9082000,9082000,0.07,0.07,0.01,96487000,-155509000,6947000,-52075000,193738000,155468000,55.23,60.14,50.32,0.0064,0.003,30.16,1.86,424.85,5.28,0.2135,0.6405,0.4768,0.0088,0.34,-0.45,3.1808
2013-09-30,129989477,129989477,1,8310056000,1100961000,4447145000,358643000,3862911000,0,0,3779176000,2523389000,813568000,41364000,41364000,0.32,0.31,0.01,305357000,-46116000,-100407000,158834000,245813000,44812000,50.29,54.37,46.21,0.005,0.0023,29.72,1.71,None,5.27,0.2767,0.6532,0.4648,0.007,0.33,2,3.0698
2013-06-30,129963192,129963192,1,8120224000,911649000,4306704000,391769000,3813520000,0,0,3784690000,2524420000,738733000,28772000,28772000,0.22,0.22,0.01,-32478000,-27291000,-41333000,-101102000,86979000,32296000,50.58,55.74,45.42,-0.0022,-0.001,29.34,1.77,None,5.26,None,0.662,0.4696,None,0.32,-0.5,2.327
2013-03-31,129951531,129951531,1,8078475000,927362000,4363546000,469853000,3714929000,0,0,3787641000,2525420000,538162000,-54836000,-54836000,-0.42,-0.42,0.01,-12867000,-67274000,-7256000,-87397000,188081000,25228000,54.72,59.48,49.95,-0.0148,-0.0068,28.59,1.89,None,5.25,None,0.6798,0.4599,None,0.32,-0.29,1.9737
2012-12-31,129872017,129872017,1,8126599000,984972000,4365537000,436411000,3761062000,0,0,3779248000,2526401000,608431000,3483000,3483000,0.02,0.02,0.01,144716000,19234000,-131598000,32352000,275478000,-7960000,49.02,53.85,44.19,-0.014,-0.0064,28.96,1.69,None,5.24,None,0.6717,0.4628,None,0.31,1.18,2.257
2012-09-30,129596459,129596459,1,8225916000,1049255000,4458719000,632097000,3767197000,0,0,3780024000,2527450000,728861000,14260000,14260000,0.11,0.11,0.01,96820000,-13196000,1201000,84825000,243126000,12973000,42.84,49.99,35.69,-0.0223,-0.0102,29.07,1.48,None,5.23,None,0.6709,0.458,None,0.31,0.65,1.66
2012-06-30,129392801,129392801,1,8180075000,951235000,4437139000,616467000,3742936000,0,0,3781688000,2528387000,694136000,-18283000,-18283000,-0.14,-0.14,0.01,-32205000,601000,-1267000,-32871000,158301000,-583000,38.11,43.91,32.31,-0.0206,-0.0095,28.93,1.32,None,5.22,None,0.6755,0.4576,None,0.32,-0.24,1.543
2012-03-31,129389263,129389263,1,8216039000,918649000,4470432000,481093000,3745607000,0,0,3782568000,2669752000,535882000,-52053000,-52053000,-0.4,-0.4,0.01,29144000,3760000,2429000,35333000,191172000,8098000,43.44,48.09,38.78,-0.0178,-0.0082,28.95,1.48,None,5.21,None,0.7128,0.4559,None,0.31,0.16,1.9095
2011-12-31,129246844,129246844,1,8229314000,863100000,4437697000,406253000,3791617000,0,0,3784218000,2680677000,614627000,-27865000,-27865000,-0.22,-0.22,0.01,47317000,-28391000,-15466000,3460000,155839000,19635000,35.03,45,25.06,-0.0183,-0.0085,29.34,1.17,None,5.2,None,0.707,0.4607,None,0.31,0.21,2.1245
2011-09-30,129232664,129232664,1,8381881000,1002066000,4505782000,364304000,3876099000,0,0,3785419000,2816258000,760752000,19959000,19959000,0.15,0.15,0.25,114710000,40059000,-109134000,45635000,152379000,20807000,33.72,39.99,27.44,-0.023,-0.0108,29.99,1.12,None,5.19,None,0.7266,0.4624,None,0.3,0.73,2.7506
2011-06-30,129224468,129224468,1,8385610000,892353000,4504345000,420960000,3881265000,0,0,3791525000,2785883000,701971000,-8139000,-8139000,-0.06,-0.06,0.25,-37034000,-20216000,100830000,43580000,106744000,21180000,41.66,46.8,36.51,-0.0245,-0.0115,30.04,1.38,None,4.94,None,0.7178,0.4628,None,0.3,-0.45,2.1198
2011-03-31,129106955,129106955,1,8298791000,765250000,4393174000,618282000,3905617000,0,0,3798062000,2427648000,487200000,-54733000,-54733000,-0.42,-0.42,0.25,44050000,-10931000,-17496000,15623000,63164000,23615000,43.48,47.18,39.77,-0.0282,-0.0134,30.25,1.42,None,4.69,None,0.6216,0.4706,None,0.3,0.16,1.2377
2010-12-31,129057358,129057358,1,8337891000,772106000,4372911000,565672000,3964980000,0,0,3788709000,2427579000,586242000,-46997000,-46997000,-0.35,-0.35,0.25,74879000,-46193000,-63641000,-34955000,47541000,14626000,41.83,48.26,35.4,-0.024,-0.0114,30.72,1.33,None,4.44,None,0.6123,0.4755,None,0.3,0.47,1.3649
2010-09-30,128390617,128390617,1,8529597000,932144000,4490743000,671256000,4038854000,0,0,3787758000,2432596000,743204000,13246000,13246000,0.1,0.1,0.25,109171000,-50174000,-18674000,40323000,82496000,19162000,41.83,48.04,35.61,-0.0155,-0.0074,31.46,1.33,None,4.19,None,0.6023,0.4735,None,0.3,0.7,1.3887
2010-06-30,128269559,128269559,1,8495044000,867303000,4450940000,1074129000,4044104000,0,0,3775038000,2004816000,736152000,-23992000,-23992000,-0.19,-0.19,0.25,12217000,-20696000,14712000,6233000,42173000,20229000,51.75,59.9,43.6,-0.0054,-0.0026,31.53,1.63,258.75,3.94,None,0.4957,0.4761,None,0.3,-0.06,0.8074
2010-03-31,127693022,127693022,1,8474882000,766072000,4411882000,909222000,4063000000,0,0,3775851000,2101147000,493264000,-38747000,-38747000,-0.31,-0.31,0.25,6439000,28687000,-21451000,13675000,35940000,18705000,48.08,54.36,41.8,0.006,0.0028,31.82,1.5,228.95,3.69,6.4115,0.5171,0.4794,0.0094,0.3,-0.1,0.8426
2009-12-31,126334086,126334086,1,8532950000,743289000,4480928000,856695000,4052022000,0,0,3776622000,2116120000,590144000,-13349000,-13349000,-0.11,-0.11,0.25,98213000,-2597000,-119898000,-24282000,22265000,4213000,49.53,54.37,44.7,0.0078,0.0035,32.07,1.52,None,3.44,5.8835,0.5222,0.4749,0.0113,0.31,0.74,0.8676
2009-09-30,125400686,125400686,1,8763168000,885491000,4677640000,675833000,4085528000,0,0,3775066000,2506170000,778193000,54232000,54232000,0.42,0.42,0.25,185420000,-27216000,-155368000,2836000,46547000,31716000,50.57,62,39.14,-0.0463,-0.0197,32.58,1.58,None,3.19,None,0.6134,0.4662,None,0.33,1.23,1.3102
2009-06-30,124989302,124989302,1,8847872000,927055000,4844653000,748564000,4003219000,0,0,3774616000,2521190000,721859000,22211000,22211000,0.2,0.2,0.49,64304000,-64797000,-3242000,-3735000,43711000,33482000,46.8,53.94,39.65,-0.0454,-0.019,32.03,1.5,None,2.94,None,0.6298,0.4524,None,0.35,0.25,1.2384
2009-03-31,110556809,110556809,1,8835564000,882141000,5382234000,1272060000,3453330000,0,0,3755338000,2536211000,600294000,-32780000,-32780000,-0.3,-0.3,0.49,105098000,14608000,-82454000,37252000,47446000,22568000,52.78,71.26,34.3,-0.0137,None,31.24,1.65,None,2.45,None,0.7344,0.3908,None,0.38,0.75,0.6935
2008-12-31,110361738,110361738,1,8914169000,893890000,5391433000,1663066000,3522327000,409000,0,3756805000,2153588000,799199000,-217853000,-217853000,-1.98,-1.98,0.49,109574000,-6692000,-183657000,-80775000,10194000,2197000,58.73,77.95,39.52,-0.0011,None,31.92,1.64,None,1.96,None,0.6114,0.3951,None,0.4,0.97,0.5375
2008-09-30,110145719,110145719,1,9127120000,1125545000,5184422000,1902823000,3942288000,410000,0,3899517000,2168807000,1013349000,59050000,59050000,0.54,0.53,0.49,144189000,-129981000,-74449000,-60241000,90969000,93006000,74.82,100.25,49.39,None,None,35.79,2.1,None,1.47,None,0.5501,0.4319,None,None,0.46,0.5915
2008-06-30,109834181,109834181,1,9134482000,1139479000,5218713000,1934191000,3915359000,410000,0,3895267000,2183584000,1021551000,140755000,140755000,1.28,1.27,0.49,149127000,74316000,-123256000,100187000,151210000,110375000,72,84.73,59.26,None,None,35.65,2.1,None,0.98,None,0.5577,0.4286,None,None,0.35,0.5891
2008-03-31,109441109,109441109,1,9060005000,1159920000,5312986000,2615264000,3746609000,410000,0,3900360000,1529672000,817339000,13933000,13933000,0.13,0.13,0.49,32295000,-126683000,110523000,16135000,51023000,122076000,69.97,79.75,60.2,None,None,34.23,2.02,None,0.49,None,0.4083,0.4135,None,None,-0.82,0.4435
2007-12-31,108373595,108373595,1,8936370000,1157229000,5176770000,2528187000,3759190000,410000,0,3789091000,1529828000,None,None,None,None,None,0,None,None,None,None,34888000,0,86.56,96.09,77.04,None,None,34.69,None,None,0,None,0.407,0.4207,None,None,None,0.4577
