"Quarter end","Shares","Shares split adjusted","Split factor","Assets","Current Assets","Liabilities","Current Liabilities","Shareholders equity","Non-controlling interest","Preferred equity","Goodwill & intangibles","Long-term debt","Revenue","Earnings","Earnings available for common stockholders","EPS basic","EPS diluted","Dividend per share","Cash from operating activities","Cash from investing activities","Cash from financing activities","Cash change during period","Cash at end of period","Capital expenditures","Price","Price high","Price low","ROE","ROA","Book value of equity per share","P/B ratio","P/E ratio","Cumulative dividends per share","Dividend payout ratio","Long-term debt to equity ratio","Equity to assets ratio","Net margin","Asset turnover","Free cash flow per share","Current ratio"
2019-06-30,94684642,94684642,1,50557600000,None,44641600000,None,5916000000,0,325000000,369900000,0,591900000,137600000,128200000,1.33,1.33,0.35,86000000,377800000,-112200000,352200000,1672400000,168900000,50.65,54.02,47.28,0.0826,0.0096,59.05,0.87,12.48,7.93,0.2121,0,0.1106,0.1486,0.06,-0.88,None
2019-03-31,96355938,96355938,1,50781500000,None,44872000000,None,5909500000,0,325000000,369900000,0,595400000,118900000,118900000,1.18,1.18,0.25,105600000,-2515300000,1932400000,-475400000,1320200000,102400000,44.69,51.82,37.56,0.0786,0.0095,57.96,0.8,12.35,7.58,0.2065,0,0.11,0.1419,0.07,0.03,None
2018-12-31,100808992,100808992,1,48537400000,None,42590800000,None,5946600000,0,325000000,459100000,8118800000,1368900000,91800000,91800000,0.79,0.79,0.16,290600000,646700000,-502800000,428000000,1795500000,185000000,43.98,52.46,35.5,0.0711,0.009,55.76,0.77,21.25,7.33,0.2082,1.4442,0.1158,0.1337,0.07,1.05,None
2018-09-30,105592774,105592774,1,49262400000,None,42942100000,None,6320300000,0,325000000,369900000,8674200000,610200000,131500000,131500000,1.17,1.15,0.25,191000000,-1435300000,-864400000,-2108500000,1367500000,166000000,52.81,55.48,50.14,0.0397,0.0053,56.78,0.96,20.87,7.17,0.372,1.4468,0.1217,0.0784,0.07,0.24,None
2018-06-30,113133036,113133036,1,49855000000,None,43329300000,None,6525700000,0,325000000,369900000,8859600000,665100000,126800000,117400000,0.95,0.94,0.25,373800000,777200000,-1771800000,-630100000,3476000000,156300000,52.53,55.78,49.27,0.051,0.0071,54.81,0.98,21.53,6.92,0.2579,1.4288,0.1244,0.1057,0.07,1.92,None
2018-03-31,127065926,127065926,1,51542500000,None,44415700000,None,7126800000,0,325000000,369900000,10437300000,629000000,97000000,97000000,0.74,0.74,0.16,127100000,55200000,2196900000,2379700000,4106100000,148300000,52.61,56.14,49.08,0.0551,0.0077,53.53,0.98,20.39,6.67,0.2109,1.5345,0.132,0.1199,0.06,-0.17,None
2017-12-31,130769978,130769978,1,49278700000,None,41958700000,None,7320000000,0,325000000,482900000,8974400000,1386500000,-88000000,-88000000,-0.76,-0.76,0.16,131100000,-1890000000,391100000,-1367400000,1594000000,133100000,48.1,51.51,44.69,0.0598,0.0088,53.49,0.89,None,6.51,0.1951,1.283,0.1419,0.146,0.06,-0.02,None
2017-09-30,131258836,131258836,1,49335500000,None,41884200000,None,7451300000,0,325000000,625500000,8531200000,592900000,219600000,219600000,1.64,1.61,0.15,166400000,-674500000,-1665100000,-2168000000,2961400000,56000000,46.73,50.16,43.3,-0.0683,-0.0103,54.29,0.9,None,6.35,None,1.1971,0.1444,None,0.04,0.84,None
2017-06-30,135428246,135428246,1,50478900000,None,43127400000,None,7351200000,300000,325000000,750900000,8621400000,604800000,156700000,156700000,0.86,0.85,0.15,-67200000,9698700000,-10736100000,-1098400000,5129400000,204700000,45.59,48.72,42.46,-0.07,-0.011,51.88,0.91,None,6.2,None,1.227,0.1392,None,0.04,-2.01,None
2017-03-31,202736786,202736786,1,63094400000,None,52928900000,None,10165200000,300000,0,820400000,14736300000,623000000,179900000,179900000,0.89,0.88,0.15,289500000,621000000,-1061700000,-147400000,6227800000,399500000,42.07,43.93,40.21,-0.0767,-0.0125,50.14,0.85,None,6.05,None,1.4497,0.1611,None,0.05,-0.54,None
2016-12-31,202603394,202603394,1,64170200000,None,54167100000,None,10002700000,400000,0,826100000,14935500000,573100000,-1141800000,-1141800000,-5.65,-5.65,0.15,885500000,9000000,-1065000000,-170500000,6375200000,484000000,39.55,43.85,35.25,-0.078,-0.0129,49.37,0.71,18.23,5.9,None,1.4931,0.1559,None,0.05,1.98,None
2016-09-30,202061727,202061727,1,65965500000,None,54728000000,None,11237000000,500000,0,1331800000,16548700000,848200000,132800000,132800000,0.66,0.65,0.15,465600000,-201500000,-983500000,-719400000,6580300000,483800000,33.77,36.88,30.66,0.0394,0.0066,55.61,0.61,6.58,5.75,0.2762,1.4727,0.1703,0.0967,0.07,-0.09,None
2016-06-30,201992080,201992080,1,66700300000,None,55575700000,None,11124100000,500000,0,1338600000,17510100000,886400000,14100000,14100000,0.07,0.07,0.15,449800000,66000000,-534600000,-18800000,7299700000,600600000,31.51,34.57,28.45,0.0907,0.0148,55.07,0.57,5.51,5.6,0.1211,1.5741,0.1668,0.2285,0.06,-0.75,None
2016-03-31,201705273,201705273,1,67097600000,None,55971300000,None,11125800000,500000,0,1365400000,18012600000,786000000,146900000,146900000,0.73,0.73,0.15,566000000,-372400000,-345700000,-152100000,7318500000,298400000,32.67,39.7,25.65,0.1055,0.0176,55.16,0.6,5.85,5.45,0.1057,1.619,0.1658,0.2697,0.07,1.33,None
2015-12-31,201538384,201538384,1,67498800000,None,56520200000,None,10978100000,500000,0,1374600000,18539100000,2011400000,144600000,144600000,0.72,0.72,0.15,376500000,6800000,-336100000,47200000,7470600000,1322600000,42.92,46.14,39.7,0.1074,0.0185,54.47,0.8,6.9,5.3,0.1061,1.6887,0.1626,0.272,0.07,-4.69,None
2015-09-30,200970322,200970322,1,68125500000,None,57326300000,None,10798700000,500000,0,1336400000,19320500000,686000000,693100000,693100000,3.64,3.61,0.15,350700000,2034400000,369700000,2754800000,7423400000,805400000,44.3,49.27,39.33,0.1243,0.0222,53.73,0.86,8.25,5.15,0.0931,1.7892,0.1585,0.3117,0.07,-2.26,None
2015-06-30,171029594,171029594,1,46657200000,None,37849600000,None,8807100000,500000,0,565900000,16441600000,595400000,115300000,115300000,0.66,0.66,0.15,362900000,-1403700000,222800000,-818000000,4668600000,480100000,46.14,48.12,44.16,0.1105,0.021,51.49,0.92,7.68,5,0.1072,1.8669,0.1888,0.2736,0.08,-0.69,None
2015-03-31,174050771,174050771,1,46416000000,None,37656900000,None,8758600000,500000,0,563600000,16658300000,592100000,103600000,103700000,0.59,0.59,0.15,67200000,517600000,-1253700000,-668900000,5486600000,408200000,45.75,48.28,43.21,0.126,0.0243,50.32,0.89,7.61,4.85,0.0882,1.9019,0.1887,0.3055,0.08,-1.96,None
2014-12-31,175995263,175995263,1,47880000000,None,38816500000,None,9068900000,-5400000,0,597000000,18455800000,1858300000,249700000,251000000,1.36,1.36,0.15,344400000,-130100000,806300000,1020600000,6155500000,669400000,46.8,49.45,44.15,0.1274,0.0242,51.53,0.95,8.83,4.7,0.0812,2.0351,0.1894,0.3117,0.08,-1.85,None
2014-09-30,182977211,182977211,1,46481000000,None,37477000000,None,9005200000,-1200000,0,557300000,18923400000,554100000,517400000,514900000,2.78,2.76,0.15,128200000,-1890800000,1272500000,-490100000,5134900000,706000000,46.61,49.73,43.5,0.1145,0.0218,49.21,1,13.2,4.55,0.0841,2.1014,0.1937,0.4269,0.05,-3.16,None
2014-06-30,185651618,185651618,1,44152700000,None,35523400000,None,8617600000,11700000,0,403100000,17545500000,650700000,252600000,246900000,1.3,1.3,0.1,578800000,3019800000,-2332100000,1266500000,5625000000,991100000,45.7,49.89,41.52,0.079,0.015,46.42,1.01,14.6,4.4,0.0828,2.036,0.1952,0.2892,0.05,-2.22,None
2014-03-31,193441985,193441985,1,48578100000,None,39776300000,None,8796000000,5800000,0,403500000,22669100000,561800000,111500000,117200000,0.6,0.59,0.1,226900000,-2024700000,1075200000,-722600000,4358500000,734600000,48.8,52.15,45.46,0.0717,0.0135,45.47,1.08,14.57,4.3,0.0617,2.5772,0.1811,0.27,0.05,-2.62,None
2013-12-31,195397208,195397208,1,47139000000,None,38289000000,None,8838800000,11200000,0,354900000,21750000000,596700000,132100000,129900000,0.66,0.65,0.1,180900000,-951100000,981700000,211500000,5081100000,796400000,49.67,52.13,47.21,0.0775,0.0149,45.24,1.12,12.93,4.2,0.0289,2.4607,0.1875,0.2897,0.05,-3.15,None
2013-09-30,200164479,200164479,1,46224000000,None,37370300000,None,8845000000,8700000,0,360700000,21390200000,588900000,199800000,199600000,0.99,0.99,0,745100000,-1628800000,998500000,114800000,4869600000,532100000,49.09,51.33,46.84,0.0903,0.0174,44.19,1.14,36.91,4.1,0,2.4183,0.1914,None,None,1.06,None
2013-06-30,201077719,201077719,1,44631000000,None,35945500000,None,8677200000,8300000,0,369300000,21001700000,587300000,184100000,183600000,0.91,0.9,0,458700000,167300000,-208900000,417100000,4754800000,552600000,44.22,47.56,40.88,0.0323,0.0062,43.15,1.05,552.75,4.1,0,2.4203,0.1944,None,None,-0.47,None
2013-03-31,201252748,201252748,1,44563400000,None,36061300000,None,8494400000,7700000,0,373600000,21577000000,559400000,165600000,162600000,0.81,0.81,0,68900000,-1938600000,571200000,-1298500000,4337700000,190700000,41.88,44.72,39.04,0.002,0.0005,42.21,1.01,None,4.1,0,2.5401,0.1906,None,None,-0.61,None
2012-12-31,201077039,201077039,1,44012000000,None,35672500000,None,8334800000,4700000,0,377800000,21961800000,None,230600000,229800000,1.14,1.14,0,530100000,2700000,-268300000,264500000,5636200000,548600000,38.47,40.81,36.12,-0.0712,-0.0135,41.45,0.96,None,4.1,None,2.635,0.1894,None,None,-0.09,None
2012-09-30,200851859,200851859,1,43580900000,None,35490000000,None,8086000000,4900000,0,368100000,22906500000,87600000,-304100000,-304900000,-1.52,-1.52,0,67000000,-335100000,540400000,272300000,5371700000,420600000,37.79,41.38,34.2,-0.0943,-0.018,40.26,0.91,None,4.1,None,2.8329,0.1855,None,None,-1.76,None
2012-06-30,200838406,200838406,1,42796000000,None,34411000000,None,8380900000,4100000,0,373100000,23534300000,350700000,-69500000,-70700000,-0.35,-0.35,0,298100000,755000000,-1382100000,-329000000,5099400000,581400000,37.09,41.6,32.57,-0.0587,-0.0114,41.73,0.88,None,4.1,None,2.8081,0.1958,None,None,-1.41,None
2012-03-31,200818303,200818303,1,44148300000,None,35692000000,None,8453200000,3100000,0,380800000,25101100000,None,-445600000,-446500000,-2.22,-2.22,0,13300000,68300000,-1218900000,-1137300000,5428400000,226000000,39.02,43.19,34.84,-0.0552,-0.0106,42.09,0.88,300.15,4.1,None,2.9694,0.1915,None,None,-1.06,None
2011-12-31,200810014,200810014,1,45235400000,None,36344400000,None,8888500000,2500000,0,394400000,26288100000,405100000,27500000,25400000,0.12,0.12,0,455700000,1257600000,-11100000,1702200000,6565700000,1056400000,32.86,36.6,29.12,0.003,0.0007,44.26,0.74,45.01,4.1,0,2.9575,0.1965,0.0149,0.04,-2.99,None
2011-09-30,200640096,200640096,1,44477800000,None,35573600000,None,8903500000,700000,0,338000000,27001000000,504000000,-16900000,-16300000,-0.08,-0.08,0,144700000,3354700000,-3566000000,-66600000,4863300000,534000000,37.51,44.74,30.27,0.0169,0.0032,44.38,0.84,25.52,4.1,0,3.0326,0.2002,0.0749,0.04,-1.94,None
2011-06-30,200612222,200612222,1,48009600000,None,39066700000,None,8941500000,1400000,0,348600000,30891100000,369500000,-48700000,-48000000,-0.24,-0.24,0,132400000,3392800000,-2938400000,586800000,4929900000,218100000,41.97,44.33,39.6,0.0335,0.006,44.57,0.94,17.34,4.1,0,3.4548,0.1862,0.1423,0.04,-0.43,None
2011-03-31,200523962,200523962,1,50675200000,None,41681200000,None,8992300000,1700000,0,376500000,33686600000,512400000,69800000,65600000,0.33,0.33,0,123200000,-3737000000,-693300000,-4307100000,4343100000,328400000,45.41,49.01,41.82,0.0553,0.0094,44.84,1.02,17.6,4.1,0,3.7462,0.1774,0.2036,0.05,-1.02,None
2010-12-31,200475531,200475531,1,50958200000,None,42044500000,None,8916000000,-2300000,0,396600000,33979800000,634900000,150100000,150100000,0.72,0.72,0,305300000,1315800000,-2560800000,-939700000,8650200000,419300000,43.28,47.1,39.46,0.0597,0.0096,44.47,0.98,4.68,4.1,0,3.8111,0.175,0.2113,0.05,-0.57,None
2010-09-30,200250036,200250036,1,52982000000,None,44151200000,None,8829600000,1200000,0,391400000,35940700000,586100000,131400000,131500000,0.66,0.66,0,103100000,1749300000,-1749900000,102500000,9589900000,251000000,37.04,40.82,33.26,0.4099,0.0624,44.09,0.86,6.33,4.1,0,4.0705,0.1667,None,None,-0.74,None
2010-06-30,200257088,200257088,1,54916800000,None,46282900000,None,8632400000,1500000,0,407900000,38276500000,669500000,142400000,142100000,0.71,0.71,0,59500000,4974400000,-3633700000,1400200000,9487400000,331900000,37.78,41.75,33.81,0.3026,0.0383,43.11,0.89,44.98,4.1,0,4.4341,0.1572,None,None,-1.36,None
2010-03-31,200038680,200038680,1,58060500000,None,49531500000,None,8527800000,1200000,0,440900000,41369100000,575000000,97300000,97300000,0.49,0.49,0,118600000,2148400000,-2585000000,-318000000,8087200000,284700000,33.8,39.23,28.37,0.0707,0.0077,42.63,0.8,None,4.1,0,4.8511,0.1469,None,None,-0.83,None
2009-12-31,200035561,200035561,1,60029100000,None,51627700000,None,8400000000,1400000,0,464500000,43263000000,None,3153300000,3153300000,7.39,7.39,0,681800000,1317500000,1499300000,3498600000,8405200000,1925100000,0.63,1.21,0.05,-0.0006,-0.0001,41.99,0.05,None,4.1,None,5.1504,0.1399,None,None,-6.22,None
2009-09-30,404730758,404730758,1,69188600000,None,64067700000,None,5085800000,35100000,0,698600000,54745300000,None,-1074500000,-1074500000,-2.74,-2.74,0,516800000,729000000,297400000,1543200000,4906600000,119900000,1.31,2.2,0.41,-0.5035,-0.0454,12.57,0.08,None,4.1,None,10.7643,0.0735,None,None,0.98,None
2009-06-30,392081921,392081921,1,71019200000,None,64901200000,None,6078900000,39100000,0,698600000,54087600000,None,-1679400000,-1679400000,-4.3,-4.3,0,774000000,1587200000,-3525700000,-1164500000,3363400000,374400000,3.2,4.28,2.12,-0.3811,-0.0338,15.5,0.17,None,4.1,None,8.8976,0.0856,None,None,1.02,None
2009-03-31,388899675,388899675,1,75657000000,None,68188600000,None,7423600000,44800000,0,694700000,59481900000,110300000,-403200000,-403200000,-1.04,-1.04,0.02,101100000,1653900000,-3490400000,-1735400000,4527900000,683000000,3.4,5.06,1.74,-0.4391,-0.0371,19.09,0.16,None,4.1,None,8.0125,0.0981,None,0.02,-1.5,None
2008-12-31,388770150,388770150,1,80448900000,None,72279800000,None,8124300000,44800000,0,698600000,63750700000,1226900000,-205300000,-205300000,-0.7,-0.7,0.1,-280900000,759700000,178200000,657000000,7178400000,714200000,4.48,7.14,1.83,-0.4301,-0.0332,20.9,0.22,None,4.08,None,7.8469,0.101,None,0.02,-2.56,None
2008-09-30,285538849,285538849,1,80845300000,None,75076000000,None,5716000000,53300000,0,688700000,65664300000,282300000,-317300000,-317300000,-1.11,-1.11,0.1,-734600000,-31600000,-752900000,-1519100000,6521400000,524700000,8.83,11.53,6.14,-0.438,-0.0315,20.02,0.41,None,3.98,None,11.4878,0.0707,None,0.01,-4.41,None
2008-06-30,285359388,285359388,1,87819400000,None,81611000000,None,6154700000,53700000,0,1165600000,67911400000,398700000,-2084400000,-2084400000,-7.88,-7.88,0.1,1009600000,2759800000,-4775500000,-1006100000,8040500000,712300000,11.03,15.25,6.81,-0.3741,-0.0278,21.57,0.47,None,3.88,None,11.0341,0.0701,None,0.01,1.04,None
2008-03-31,282617637,282617637,1,95723700000,None,89025800000,None,6643600000,54300000,0,1159500000,78421700000,2300000,-257200000,-257200000,-1.35,-1.35,0.25,226800000,-3696200000,6202900000,2733500000,9046600000,660400000,20.16,30.68,9.63,-0.081,-0.0063,23.51,0.55,None,3.78,None,11.8041,0.0694,None,0.01,-1.53,None
2007-12-31,190041603,190041603,1,90248000000,None,83229900000,None,6960600000,57500000,0,1152500000,71058400000,549900000,-130800000,-130800000,-0.69,-0.69,0.25,1178400000,337100000,128700000,1644200000,6313100000,875200000,32.3,41.85,22.76,-0.0154,-0.0013,36.63,0.85,23.93,3.53,None,10.2087,0.0771,None,0.02,1.6,None
2007-09-30,189628776,189628776,1,88938400000,None,81714600000,None,7169400000,54400000,0,1459100000,72776500000,276500000,-46300000,-46300000,-0.24,-0.24,0.25,219700000,-3730100000,2903200000,-607200000,4668900000,557000000,45.45,57.63,33.28,0.0376,0.0034,37.81,1.19,15,3.28,0.6547,10.151,0.0806,0.1698,0.02,-1.78,None
2007-06-30,190798953,190798953,1,85163200000,None,77802200000,None,7313800000,47200000,0,1382100000,69247000000,171400000,-134500000,-134500000,-0.7,-0.7,0.25,430900000,-1301200000,2826200000,1955900000,5276100000,736800000,56.98,61.16,52.8,0.082,0.0078,38.33,1.47,11.65,3.03,0.284,9.468,0.0859,0.2983,0.03,-1.6,None
2007-03-31,191784988,191784988,1,82059700000,None,74592200000,None,7427900000,39600000,0,1252400000,66426300000,737400000,200600000,200600000,1.03,1.01,0.25,500000000,-6059500000,4600300000,-959200000,3320200000,696200000,56.16,61.36,50.96,0.1309,0.0132,38.73,1.44,11.23,2.78,0.1693,8.9428,0.0905,0.3802,0.03,-1.02,None
2006-12-31,198398318,198398318,1,77067900000,None,69276900000,None,7751100000,39900000,0,1008400000,60704800000,458700000,259300000,259300000,1.32,1.28,0.2,268500000,-1949600000,2669800000,988700000,4279400000,990500000,52.05,56.35,47.74,0.1358,0.0144,39.07,1.37,10.58,2.53,0.1565,7.8318,0.1006,0.361,0.04,-3.64,None
2006-09-30,198298765,198298765,1,73189600000,None,65592000000,None,7559200000,38400000,0,1028000000,56765000000,698400000,290800000,290800000,1.46,1.44,0.2,312200000,-3168800000,3788200000,931600000,3290700000,500400000,47.97,53.51,42.44,0.1379,0.0149,38.12,1.29,10.66,2.33,0.1505,7.5094,0.1033,None,None,-0.95,None
2006-06-30,198836437,198836437,1,67747400000,None,60297800000,None,7410900000,38700000,0,1033600000,52235400000,700700000,236000000,236000000,1.18,1.16,0.2,458300000,-4340100000,4186200000,304400000,2359100000,804900000,52.42,55.95,48.89,0.1313,0.0145,37.27,1.45,11.65,2.13,0.1551,7.0485,0.1094,None,None,-1.74,None
2006-03-31,199343084,199343084,1,64730500000,None,57475400000,None,7204900000,50200000,0,1013500000,49144800000,956400000,229700000,229700000,1.15,1.12,0.2,378100000,-2054900000,384000000,-1292800000,2054700000,564400000,53.22,55.05,51.38,0.1379,0.0153,36.14,1.52,11.99,1.93,0.1449,6.821,0.1113,None,None,-0.93,None
2005-12-31,199429586,199429586,1,63386600000,None,56374100000,None,6962700000,49800000,0,1011500000,47864500000,None,248300000,248300000,1.24,1.2,0.16,720900000,-620400000,1311600000,1412100000,3347500000,671400000,48.12,52.62,43.62,0.1421,0.0158,34.91,1.45,11.51,1.73,0.1319,6.8744,0.1098,None,None,0.25,None
2005-09-30,199775814,199775814,1,60150200000,None,53488600000,None,6611800000,49800000,0,1003800000,44899300000,None,211400000,211400000,1.04,1.02,0.16,717100000,-2206200000,1192800000,-296300000,1935400000,702600000,44.7,46.8,42.6,0.1402,0.0158,33.1,1.4,11.12,1.57,0.1334,6.7908,0.1099,None,None,0.07,None
2005-06-30,201708815,201708815,1,57305300000,None,50809200000,None,6446800000,49300000,0,903100000,43376800000,None,249100000,249100000,1.18,1.16,0.16,539300000,-486100000,540400000,593600000,2231700000,658900000,39.31,43.17,35.45,0.1401,0.0161,31.96,1.31,10.68,1.41,0.1323,6.7284,0.1125,None,None,-0.59,None
2005-03-31,210481259,210481259,1,56784600000,None,50400600000,None,6335200000,48800000,0,906400000,42493900000,None,227600000,227600000,1.08,1.06,0.13,936000000,-1672200000,164100000,-572100000,1638100000,326200000,41.73,46.07,37.4,0.1324,0.0155,30.1,1.45,11.92,1.25,0.1383,6.7076,0.1116,None,None,2.9,None
2004-12-31,210851464,210851464,1,51111300000,None,45015800000,None,6055100000,40400000,0,596500000,37724800000,None,203800000,203800000,0.98,0.94,0.13,250100000,-235100000,35100000,50100000,2210200000,614900000,41.16,45.82,36.51,0.1306,0.0155,28.72,1.48,12.55,1.12,0.1455,6.2303,0.1185,None,None,-1.73,None
2004-09-30,210181847,210181847,1,50013700000,None,44136000000,None,5837000000,40700000,0,594400000,44136000000,None,183900000,183900000,0.87,0.86,0.13,394900000,-2595700000,2583200000,382400000,2160100000,-499200000,36.5,38.48,34.53,0.1258,0.0149,27.77,1.35,11.74,0.99,0.1527,7.5614,0.1167,None,None,4.25,None
2004-06-30,210814589,210814589,1,46682500000,None,40952600000,None,5691800000,38100000,0,516400000,34686900000,None,176600000,176600000,0.83,0.82,0.13,528000000,-820100000,713300000,421200000,1777700000,1104800000,36,38.73,33.28,0.123,0.0145,27,1.39,12.24,0.86,0.1584,6.0942,0.1219,None,None,-2.74,None
2004-03-31,211725186,211725186,1,46252400000,None,40721100000,None,5492700000,38600000,0,485500000,34075800000,None,189300000,189300000,0.89,0.88,0.13,444700000,-1403800000,341900000,-617200000,1356500000,268700000,37.87,39.91,35.83,0.1191,0.0139,25.94,1.49,14.24,0.73,0.1652,6.2038,0.1188,None,None,0.83,None
2003-12-31,211849987,211849987,1,46342800000,None,40909600000,None,5394200000,39000000,0,487700000,33668600000,None,155200000,155200000,0.73,0.72,0.12,641200000,-594500000,-342000000,-295300000,1973700000,335900000,32.73,35.95,29.5,0.1099,0.0127,25.46,1.35,12.54,0.6,0.1796,6.2416,0.1164,None,None,1.44,None
2003-09-30,213303594,213303594,1,45500600000,None,40279800000,None,5180900000,39900000,0,388700000,34012100000,None,147800000,147800000,0.7,0.69,0.12,689200000,-1249000000,1451800000,892000000,2269000000,317100000,27.04,30.1,23.97,0.11,None,24.29,1.13,None,0.48,0.184,6.5649,0.1139,None,None,1.74,None
2003-06-30,211634107,211634107,1,43184700000,None,37870700000,None,5057600000,256400000,0,389800000,32430800000,None,136900000,136900000,0.65,0.65,0.12,388000000,-817200000,-189200000,-602100000,1423300000,1021600000,20.93,24.65,17.22,None,None,23.9,0.89,None,0.36,None,6.4123,0.1171,None,None,-2.99,None
2003-03-31,211573200,211573200,1,43249200000,None,37995800000,None,4996600000,256800000,0,384400000,32551800000,None,127000000,127000000,0.6,0.6,0.12,468700000,-1326800000,816900000,-11200000,2025400000,333400000,19.25,21.9,16.61,None,None,23.62,0.84,None,0.24,None,6.5148,0.1155,None,None,0.64,None
2002-12-31,211445378,211445378,1,41932400000,None,36804500000,None,4870700000,257200000,0,384400000,31681300000,None,141300000,141300000,0.67,0.67,0.12,587800000,-15100000,-835100000,-237800000,2036600000,449100000,None,None,None,None,None,23.04,None,None,0.12,None,6.5045,0.1162,None,None,0.66,None
2002-09-30,211573200,211573200,1,42710500000,None,37695000000,None,4757800000,257700000,0,384400000,32456000000,None,None,None,None,None,0,-103300000,-529500000,790300000,157500000,2274400000,300900000,None,None,None,None,None,22.49,None,None,0,None,6.8216,0.1114,None,None,-1.91,None
2002-06-30,211889502,211889502,1,41336700000,None,36564300000,None,4514300000,258100000,0,384400000,32623100000,None,-1993500000,-1993500000,None,None,0,None,None,None,None,2080600000,0,None,None,None,None,None,21.3,None,None,0,None,7.2266,0.1092,None,None,None,None
