"Quarter end","Shares","Shares split adjusted","Split factor","Assets","Current Assets","Liabilities","Current Liabilities","Shareholders equity","Non-controlling interest","Preferred equity","Goodwill & intangibles","Long-term debt","Revenue","Earnings","Earnings available for common stockholders","EPS basic","EPS diluted","Dividend per share","Cash from operating activities","Cash from investing activities","Cash from financing activities","Cash change during period","Cash at end of period","Capital expenditures","Price","Price high","Price low","ROE","ROA","Book value of equity per share","P/B ratio","P/E ratio","Cumulative dividends per share","Dividend payout ratio","Long-term debt to equity ratio","Equity to assets ratio","Net margin","Asset turnover","Free cash flow per share","Current ratio"
2019-06-30,237521074,237521074,1,16121600000,1027300000,11422000000,1949000000,4699600000,0,0,0,5438100000,790200000,97100000,97100000,0.4,0.4,0.355,95800000,-242200000,302800000,156400000,174200000,300500000,47.95,50.17,45.72,0.1144,0.0333,19.79,2.43,21.8,23.18,0.6346,1.1571,0.2915,0.1433,0.23,-0.86,0.5271
2019-03-31,237394409,237394409,1,15713400000,815200000,11031000000,1587700000,4682400000,0,0,0,5362200000,987200000,127700000,125100000,0.53,0.53,0.355,181100000,-364800000,176000000,-7700000,17800000,406100000,44.33,47.91,40.75,0.1201,0.0345,19.72,2.39,20.24,22.83,0.6189,1.1452,0.298,0.1432,0.24,-0.95,0.5134
2018-12-31,236074475,236074475,1,15426000000,785100000,10840300000,1644100000,4585700000,0,200000000,0,5306300000,873500000,87800000,85300000,0.37,0.37,0.33,85500000,-251100000,-56700000,-222300000,25500000,571500000,43.63,46.58,40.68,0.1254,0.0351,18.58,2.47,19.57,22.47,0.6108,1.2099,0.2843,0.1449,0.24,-2.06,0.4775
2018-09-30,235936447,235936447,1,15269800000,1124800000,10699400000,1548300000,4570400000,0,400000000,0,5310200000,928600000,208100000,205500000,0.87,0.87,0.335,507200000,-637200000,365800000,235800000,247800000,394700000,42.78,44.18,41.39,0.134,0.0364,17.68,2.53,20.47,22.14,0.589,1.2733,0.2731,0.148,0.24,0.48,0.7265
2018-06-30,233772908,233772908,1,14615000000,805900000,10264300000,1257400000,4350700000,0,400000000,0,5191400000,816100000,102900000,100400000,0.43,0.43,0.335,-154300000,-93300000,231400000,-16200000,12000000,377800000,40.84,43.47,38.22,0.128,0.0346,16.9,2.47,19.73,21.81,0.6208,1.314,0.2703,0.1384,0.24,-2.28,0.6409
2018-03-31,231481828,231481828,1,14241800000,725900000,10010300000,2073500000,4231500000,0,400000000,0,4122600000,916300000,123500000,120900000,0.52,0.52,0.335,89300000,-85200000,-9800000,-5700000,28200000,355500000,39.78,42.72,36.84,0.129,0.0347,16.55,2.57,19.99,21.47,0.6172,1.076,0.269,0.1387,0.24,-1.15,0.3501
2017-12-31,231356336,231356336,1,14187800000,905100000,10005600000,2149000000,4182200000,0,600000000,0,4080800000,856100000,96300000,93800000,0.41,0.41,0.31,100000000,-424000000,342700000,18700000,27900000,602600000,43.3,45.55,41.05,0.1229,0.0337,15.48,2.67,23.28,21.14,0.6322,1.1392,0.2525,0.1352,0.24,-2.17,0.4212
2017-09-30,231204360,231204360,1,14114900000,751500000,9960700000,1470100000,4154200000,0,400000000,0,4327100000,906900000,171400000,168800000,0.73,0.73,0.315,381400000,-445900000,66400000,1900000,9200000,441900000,41.52,43.69,39.36,0.1124,0.0319,16.24,2.63,24.42,20.83,0.665,1.1526,0.266,0.1283,0.24,-0.26,0.5112
2017-06-30,231062417,231062417,1,13743400000,814700000,9693000000,1208200000,4050400000,0,400000000,0,4428100000,765300000,96800000,94300000,0.41,0.41,0.315,168300000,-322800000,153400000,-1100000,7300000,316000000,40.57,42.19,38.95,0.1011,0.0295,15.8,2.37,24.44,20.51,0.719,1.213,0.2656,0.1155,0.25,-0.64,0.6743
2017-03-31,227823278,227823278,1,13464900000,749800000,9368000000,1165000000,3896900000,200000000,0,0,4391600000,853900000,103000000,100400000,0.44,0.44,0.315,333700000,-303600000,-29900000,200000,8400000,291500000,38.44,40.32,36.56,0.0975,0.0293,17.1,2.27,23.37,20.2,0.723,1.1269,0.2894,0.1127,0.25,0.19,0.6436
2016-12-31,227687330,227687330,1,13373800000,877100000,9311800000,1162000000,3862000000,200000000,0,0,4392800000,797000000,65200000,62700000,0.28,0.28,0.29,205600000,-414700000,132600000,-76500000,8200000,464000000,36.78,38.67,34.88,0.0973,0.0296,16.96,2.17,24.28,19.88,0.717,1.1374,0.2888,0.1119,0.26,-1.13,0.7548
2016-09-30,227500428,227500428,1,13029200000,958100000,8970100000,1369700000,3859100000,200000000,0,0,3895800000,924600000,131000000,128400000,0.57,0.57,0.29375,144000000,-271000000,205200000,78200000,84700000,267000000,39.04,40.99,37.09,0.0906,0.0278,16.96,2.34,22.44,19.59,0.7662,1.0095,0.2962,0.1051,0.26,-0.54,0.6995
2016-06-30,227333746,227333746,1,12685400000,702300000,8695200000,1373200000,3790200000,200000000,0,0,3668900000,754600000,86400000,83900000,0.37,0.37,0.29375,281700000,-280800000,800000,1700000,6500000,280700000,37.16,40.24,34.08,0.105,0.0322,16.67,2.24,22.25,19.3,0.6548,0.968,0.2988,0.1218,0.26,0,0.5114
2016-03-31,113562651,227125302,2,12535000000,768500000,8570400000,1348500000,3764600000,200000000,0,0,3604800000,843800000,99100000,96500000,0.85,0.85,0.5875,228300000,-220000000,-9300000,-1000000,4800000,239200000,33.77,37.17,30.38,0.1018,0.0311,16.57,2.06,20.1,19,0.6712,0.9576,0.3003,0.1182,0.26,-0.05,0.5699
2015-12-31,113465499,226930998,2,12495200000,826800000,8571100000,1359300000,3724100000,200000000,0,0,3605800000,740100000,36600000,34100000,0.3,0.3,0.55,175900000,-306200000,-3100000,-133400000,5800000,376800000,30.1,32.13,28.07,0.103,0.0314,16.41,1.82,16.68,18.71,0.6589,0.9682,0.298,0.1162,0.26,-0.89,0.6083
2015-09-30,113360425,226720850,2,12558600000,1087700000,8612500000,990800000,3745200000,200900000,0,0,3940900000,898900000,182500000,179900000,1.59,1.59,0.55,178000000,-142700000,49100000,84400000,139200000,119900000,29.3,31.47,27.14,0.1122,0.0338,16.52,1.83,17.24,18.43,0.6022,1.0523,0.2982,0.1218,0.27,0.26,1.0978
2015-06-30,113263624,226527248,2,12312300000,1043900000,8490600000,991500000,3620800000,200900000,0,0,3804000000,717200000,70100000,67600000,0.6,0.6,0.55,202600000,-219400000,-26000000,-42800000,54800000,222600000,30.3,32.07,28.53,0.1072,0.0323,15.98,1.9,18.04,18.16,0.6294,1.0506,0.2941,0.1157,0.27,-0.09,1.0528
2015-03-31,112977238,225954476,2,12079600000,913200000,8280800000,1023100000,3597100000,201700000,0,0,3694700000,897400000,99200000,96600000,0.87,0.87,0.55,314700000,-250900000,-23100000,40700000,97600000,245800000,32.68,35.4,29.96,0.1077,0.0324,15.92,2.11,18.89,17.88,0.6238,1.0271,0.2978,0.1128,0.28,0.3,0.8926
2014-12-31,110935680,221871360,2,12085900000,1043100000,8445400000,1214700000,3438700000,201800000,0,0,3696100000,804100000,62500000,60000000,0.55,0.55,0.51,127700000,-277300000,195500000,45900000,56900000,334200000,31.29,34.89,27.69,0.1131,0.0341,15.5,2.02,17.88,17.61,0.5907,1.0749,0.2845,0.1143,0.29,-0.93,0.8587
2014-09-30,110935680,221871360,2,11594000000,962300000,7956700000,1741900000,3435600000,201700000,0,0,2890200000,843100000,155900000,153300000,1.38,1.38,0.51,315700000,-271400000,-49500000,-5200000,11000000,268000000,28.89,30.45,27.34,0.1161,0.0353,15.48,1.92,16.32,17.35,0.571,0.8413,0.2963,0.115,0.3,0.21,0.5524
2014-06-30,110935680,221871360,2,11386600000,1010100000,7847500000,1733200000,3337400000,201700000,0,0,2921900000,750300000,64300000,61800000,0.56,0.56,0.51,154600000,-192200000,39300000,1700000,16200000,191500000,29.09,30.44,27.73,0.1189,0.0362,15.04,1.94,16.3,17.1,0.5534,0.8755,0.2931,0.1155,0.31,-0.17,0.5828
2014-03-31,110937182,221874364,2,11116800000,936200000,7583600000,1384200000,3331500000,201700000,0,0,3073900000,952800000,110600000,108000000,0.97,0.97,0.51,293600000,-176800000,-112100000,4700000,14500000,173000000,26.75,28.5,25,0.1216,0.0369,15.02,1.81,16.56,16.84,0.5374,0.9227,0.2997,0.1176,0.31,0.54,0.6763
2013-12-31,110943669,221887338,2,11112400000,1011200000,7629200000,1433300000,3281400000,201800000,0,0,3072300000,832600000,68100000,65500000,0.59,0.59,0.47,87900000,-241500000,145700000,-7900000,9800000,304700000,25.63,26.84,24.41,0.1115,0.0344,14.79,1.74,15.77,16.59,0.5821,0.9363,0.2953,0.1093,0.3,-0.98,0.7055
2013-09-30,110943669,221887338,2,10981200000,880100000,7512700000,1052800000,3266700000,201800000,0,0,3200500000,866600000,160200000,157600000,1.42,1.42,0.47,219800000,-191000000,-22600000,6200000,17700000,63300000,25.59,27.09,24.09,0.1137,0.0351,14.72,1.8,16.04,16.36,0.5715,0.9797,0.2975,0.113,0.29,0.71,0.836
2013-06-30,110943669,221887338,2,10887600000,893400000,7525300000,1072500000,3160500000,201800000,0,0,3238300000,718000000,67800000,65300000,0.59,0.59,0.47,224700000,-202500000,-64100000,-41900000,11500000,201700000,25.08,26.76,23.39,0.1128,0.0352,14.24,1.77,15.68,16.12,0.5764,1.0246,0.2903,0.1101,0.3,0.1,0.833
2013-03-31,110922015,221844030,2,10733900000,870400000,7386200000,1038100000,3145900000,201800000,0,0,3219900000,859600000,80100000,69900000,0.63,0.63,0.47,198600000,-119700000,-46700000,32200000,53400000,167300000,23.48,25.11,21.86,0.1143,0.0361,14.18,1.66,16.25,15.88,0.5692,1.0235,0.2931,0.1113,0.31,0.14,0.8385
2012-12-31,110990924,221981848,2,10785500000,994300000,7443700000,1020000000,3134900000,206900000,0,8000000,3235700000,750900000,72300000,68300000,0.61,0.61,0.45,240800000,-637800000,377100000,-19900000,21200000,1175200000,21.97,22.83,21.11,0.1043,0.0331,14.12,1.56,15.69,15.65,0.6246,1.0322,0.2907,0.1033,0.3,-4.21,0.9748
2012-09-30,110987400,221974800,2,10250900000,1028600000,6928100000,945500000,3116000000,206800000,0,0,2928300000,887600000,154700000,150700000,1.36,1.36,0.45,261100000,-195900000,-54900000,10300000,41100000,196600000,22.65,23.82,21.48,0.1016,0.0328,14.04,1.67,17.83,15.43,0.6404,0.9398,0.304,0.0957,0.33,0.29,1.0879
2012-06-30,110976142,221952284,2,9934200000,920400000,6712900000,957300000,3014400000,206900000,0,0,2854100000,690300000,69800000,65900000,0.6,0.6,0.45,124200000,-186700000,62400000,-100000,30800000,186800000,22,23,21,0.0931,0.0305,13.58,1.63,18.33,15.2,0.6961,0.9468,0.3034,0.0834,0.35,-0.28,0.9615
2012-03-31,110962089,221924178,2,9628200000,780600000,6423800000,773300000,2997500000,206900000,0,0,2830500000,765700000,38900000,34900000,0.32,0.32,0.45,215000000,-135100000,-60400000,19500000,30900000,135600000,21.61,22.29,20.93,0.0888,0.0295,13.51,1.59,15.77,14.98,0.7245,0.9443,0.3113,0.076,0.37,0.36,1.0094
2011-12-31,111008651,222017302,2,9687900000,866500000,6468000000,855000000,3013000000,206900000,0,0,2806400000,879200000,61000000,57000000,0.52,0.52,0.43,90000000,-145700000,21400000,-34300000,11400000,1134900000,20.33,22.25,18.41,0.1024,0.034,13.57,1.5,15.34,14.75,0.6232,0.9314,0.311,0.0828,0.39,-4.71,1.0135
2011-09-30,110981511,221963022,2,9481300000,947100000,6272800000,774400000,3001600000,206900000,0,0,2807900000,1021600000,125900000,122000000,1.1,1.1,0.425,145900000,-165300000,-12000000,-31400000,45700000,167600000,19,21.05,16.95,0.1001,0.0334,13.52,1.44,13.1,14.54,0.6323,0.9355,0.3166,0.0812,0.39,-0.1,1.223
2011-06-30,110979511,221959022,2,9301200000,877800000,6166900000,760100000,2927200000,207100000,0,0,2808700000,819500000,55300000,51100000,0.46,0.46,0.425,205500000,-107800000,-146700000,-49000000,77100000,121600000,20,21.07,18.92,0.1104,0.0366,13.19,1.52,13.94,14.32,0.5684,0.9595,0.3147,0.0905,0.38,0.38,1.1548
2011-03-31,110942128,221884256,2,9400500000,977000000,6232900000,778900000,2920500000,247100000,0,0,2703600000,945000000,79700000,73500000,0.66,0.66,0.425,261300000,-233300000,-61200000,-33200000,126100000,237100000,19.37,20.34,18.39,0.1107,0.0366,13.16,1.48,14.9,14.11,0.5636,0.9257,0.3107,0.0916,0.38,0.11,1.2543
2010-12-31,110881189,221762378,2,9282900000,1092700000,6143500000,866700000,2893600000,245800000,0,0,2703400000,831500000,52000000,47300000,0.43,0.43,0.4,289300000,-260000000,-7000000,22300000,159300000,256900000,18.32,18.82,17.83,0.1015,0.0335,13.05,1.41,13.77,13.9,0.6108,0.9343,0.3117,0.0842,0.37,0.15,1.2608
2010-09-30,110855025,221710050,2,9225800000,1167600000,6092200000,691900000,2887800000,245800000,0,0,2703800000,951700000,153700000,149100000,1.35,1.35,0.395,216400000,-210900000,-39600000,-34100000,137000000,214000000,16.96,18.37,15.56,0.1051,0.0345,13.03,1.35,37.27,13.7,0.5885,0.9363,0.313,0.0857,0.38,0.01,1.6875
2010-06-30,110795815,221591630,2,9043600000,1154100000,6018600000,894100000,2779100000,245900000,0,0,2503600000,741600000,52500000,47800000,0.43,0.43,0.395,290000000,-163400000,-95700000,30900000,171100000,166700000,16.25,17.89,14.6,0.0365,0.0134,12.54,1.3,43.92,13.5,1.6903,0.9009,0.3073,0.03,0.38,0.56,1.2908
2010-03-31,110771201,221542402,2,9075400000,285700000,6055300000,1255500000,2774200000,245900000,0,0,2204700000,891300000,48100000,43400000,0.39,0.39,0.395,189200000,-232200000,7900000,-35100000,140200000,229300000,16,16.93,15.06,0.0296,0.0115,12.52,1.28,31.68,13.3,2.0483,0.7947,0.3057,0.0244,0.38,-0.18,0.2276
2009-12-31,110668977,221337954,2,9036000000,281500000,6017500000,1074100000,2772600000,245900000,0,0,2404500000,854900000,59400000,54300000,0.49,0.49,0.38,66600000,-265700000,197700000,-1400000,175300000,258400000,14.4,15.77,13.04,0.0395,0.0151,12.53,1.15,29.39,13.11,1.5001,0.8672,0.3068,0.0323,0.4,-0.87,0.2621
2009-09-30,110634276,221268552,2,8755700000,275000000,5750100000,992800000,2759700000,245900000,0,0,2155900000,885700000,-39700000,-44300000,-0.4,-0.4,0.375,150600000,-294900000,74800000,-69500000,176700000,316000000,13.38,14.39,12.37,0.0385,0.0146,12.47,1.04,11.34,12.92,1.5007,0.7812,0.3152,0.0314,0.41,-0.75,0.277
2009-06-30,110624323,221248646,2,8335300000,1137900000,5245100000,1146600000,2844300000,245900000,0,0,1648000000,742300000,33000000,29000000,0.26,0.26,0.375,172300000,-276900000,67100000,-37500000,246200000,315200000,12.09,13.13,11.04,0.0921,0.0337,12.86,0.94,9.12,12.73,0.6142,0.5794,0.3412,0.0734,0.44,-0.65,0.9924
2009-03-31,110637676,221275352,2,8239400000,1230900000,5137100000,1052600000,2856400000,245900000,0,0,1648000000,949900000,77000000,72000000,0.66,0.66,0.375,267600000,-311400000,-19400000,-63200000,283700000,313000000,12.7,15.25,10.15,0.1039,0.0381,12.91,0.99,9.73,12.54,0.5393,0.577,0.3467,0.0802,0.47,-0.21,1.1694
2008-12-31,110483573,220967146,2,8201500000,1445600000,5132100000,1038200000,2823500000,245900000,0,0,1748000000,882000000,52000000,52000000,0.46,0.46,0.35,-81800000,-257400000,306700000,-32500000,346900000,238700000,13.91,16.43,11.4,0.1038,0.0383,12.78,1.09,7.13,12.35,0.5369,0.6191,0.3443,0.0782,0.49,-1.45,1.3924
2008-09-30,110449099,220898198,2,7296600000,1118600000,4237600000,1050000000,2813100000,245900000,0,0,1255000000,980300000,108000000,108000000,0.98,0.98,0.35,150800000,-185300000,-160000000,-194500000,379400000,196500000,16.7,17.8,15.6,0.1573,0.0593,12.73,1.34,8.35,12.18,0.3511,0.4461,0.3855,0.1174,0.5,-0.21,1.0653
2008-06-30,110450391,220900782,2,7403900000,1376100000,4413200000,1075700000,2744800000,245900000,0,0,1403000000,827400000,60000000,60000000,0.55,0.55,0.35,163600000,-307100000,85000000,-58500000,573900000,311000000,18.09,19.44,16.75,0.1659,0.0616,12.43,1.47,9.32,12,0.3341,0.5111,0.3707,0.1228,0.5,-0.67,1.2793
2008-03-31,110434604,220869208,2,7189100000,1402100000,4221700000,903300000,2719700000,247700000,0,0,1403000000,992000000,68000000,68000000,0.62,0.62,0.35,86900000,-116300000,-83800000,-113200000,632400000,132800000,19.09,21.18,17,0.1652,0.0613,12.31,1.57,10.02,11.83,0.3362,0.5159,0.3783,0.1223,0.5,-0.21,1.5522
2007-12-31,110454775,220909550,2,7189700000,1472300000,4260800000,937000000,2681200000,247700000,0,0,1404000000,871400000,195000000,195000000,1.76,1.75,0.32,199200000,570700000,-133200000,636700000,745600000,170900000,20.18,21.7,18.66,0.1658,0.0616,12.14,1.77,10.88,11.65,0.3342,0.5236,0.3729,0.1236,0.5,0.13,1.5713
2007-09-30,110315565,220631130,2,6927200000,849900000,4167000000,754300000,2511800000,248400000,0,0,1593000000,907300000,119000000,119000000,1.08,1.08,0.3175,77200000,-123800000,29400000,-17200000,108100000,130300000,18.94,20.4,17.48,0.1643,0.0611,11.38,1.7,11.48,11.49,0.3342,0.6342,0.3626,0.1233,0.5,-0.24,1.1267
2007-06-30,111932527,223865054,2,6751500000,750400000,4006600000,926600000,2496200000,248700000,0,0,1295000000,746200000,48000000,48000000,0.43,0.43,0.3175,140700000,-72800000,-52800000,15100000,125300000,138200000,21.1,23.27,18.93,0.1488,0.0551,11.15,1.87,12.94,11.33,0.3661,0.5188,0.3697,0.1118,0.49,0.01,0.8098
2007-03-31,113742797,227485594,2,6718900000,789600000,3906300000,842300000,2563900000,248700000,0,0,1295000000,912700000,63000000,63000000,0.55,0.55,0.3175,171700000,-45100000,-281600000,-155000000,110000000,102600000,20.38,23.15,17.61,0.1476,0.0545,11.27,1.79,15.1,11.18,0.3645,0.5051,0.3816,0.1125,0.48,0.3,0.9374
2006-12-31,116231264,232462528,2,7084100000,1173800000,4184100000,1102100000,2651300000,248700000,0,0,1323000000,841300000,190000000,190000000,1.65,1.65,0.29,75700000,100500000,-30900000,145300000,265200000,133800000,18.91,19.98,17.84,0.1247,0.0453,11.41,1.77,75.64,11.02,0.4277,0.499,0.3743,0.0938,0.48,-0.25,1.0651
2006-09-30,116091255,232182510,2,6953100000,1120200000,4226200000,1095800000,2478300000,248600000,0,0,1482000000,890400000,78000000,78000000,0.67,0.67,0.2875,121900000,-77000000,-66000000,-21100000,119900000,100700000,17.77,18.58,16.95,0.0251,0.0087,10.67,1.68,44.99,10.87,2.1209,0.598,0.3564,0.0183,0.48,0.09,1.0223
2006-06-30,117758136,235516272,2,6855800000,1052000000,4112100000,1018900000,2495100000,248600000,0,0,1474000000,696800000,45000000,45000000,0.39,0.39,0.2875,166400000,2500000,-78400000,90500000,141000000,83800000,16.53,17.59,15.47,0.0385,0.0131,10.59,1.57,None,10.73,1.3417,0.5908,0.3639,0.0285,0.46,0.35,1.0325
2006-03-31,117539646,235079292,2,6942000000,1126200000,4212600000,968400000,2480800000,248600000,0,0,1638000000,930900000,2000000,2000000,-0.01,-0.01,0.2875,56700000,442000000,-653500000,-154800000,50500000,79100000,15.35,16.81,13.89,-0.0031,-0.001,10.55,1.47,None,10.58,None,0.6603,0.3574,None,0.44,-0.1,1.1629
2005-12-31,117209615,234419230,2,7733100000,1783400000,5044300000,1580300000,2440500000,248300000,0,0,1914000000,867100000,-63000000,-63000000,-0.55,-0.55,0.26,90000000,-100000000,75300000,65300000,205300000,164800000,14.04,15.19,12.89,-0.0031,-0.001,10.41,1.28,33.04,10.44,None,0.7843,0.3156,None,0.41,-0.32,1.1285
2005-09-30,116876176,233752352,2,7886400000,1252700000,5082400000,965100000,2555600000,248400000,0,0,2182000000,874200000,112000000,112000000,0.96,0.96,0.2625,146800000,36600000,-285000000,-101600000,140000000,103100000,14.61,15.29,13.93,0.0387,0.012,10.93,1.4,48.7,10.31,1.2506,0.8538,0.3241,0.0316,0.38,0.19,1.298
2005-06-30,116469272,232938544,2,8080600000,1077400000,5404100000,1028600000,2428000000,248500000,0,0,2188000000,699900000,-58700000,-58700000,-0.5,-0.5,0.2625,149400000,-91200000,78700000,136900000,241600000,141000000,13.46,14.13,12.78,0.0268,0.0083,10.42,1.23,27.47,10.18,1.7852,0.9012,0.3005,0.0229,0.36,0.04,1.0474
2005-03-31,116219228,232438456,2,8131500000,858200000,5302100000,825600000,2539900000,289500000,0,0,2204000000,838400000,2000000,2000000,0.02,0.02,0.2625,214000000,-134300000,-177400000,-97700000,164900000,118700000,13.59,14.29,12.9,0.0452,0.0141,10.93,1.23,21.4,10.05,1.044,0.8678,0.3124,0.0389,0.36,0.41,1.0395
2004-12-31,116183026,232366052,2,8275200000,1026200000,5420400000,878700000,2561400000,293400000,0,0,2299000000,674884000,42224000,42224000,0.36,0.37,0.26,186929000,-174151000,66003000,78781000,262600000,203210000,13.43,14.4,12.45,0.0589,0.0183,11.02,1.23,20.04,9.92,0.7947,0.8976,0.3095,0.049,0.37,-0.07,1.1679
2004-09-30,115533441,231066882,2,7958456000,1188024000,5145983000,725419000,2517488000,294985000,0,0,2237628000,730672000,81792000,81792000,0.72,0.71,0.25,42389000,-160739000,114525000,-3825000,184065000,149576000,12.93,13.7,12.17,0.0627,0.0194,10.9,1.23,16.47,9.79,0.7453,0.8888,0.3163,0.0487,0.4,-0.46,1.6377
2004-06-30,113221482,226442964,2,7775874000,1150827000,5105985000,709616000,2371546000,298343000,0,0,2202828000,662138000,-13083000,-13083000,-0.12,-0.12,0.25,149277000,-165017000,8433000,-7307000,189125000,164165000,12.52,13.28,11.75,0.0732,0.0224,10.47,1.16,12.27,9.66,0.6459,0.9289,0.305,0.0551,0.41,-0.07,1.6218
2004-03-31,111338153,222676306,2,7766888000,1166753000,5072471000,800824000,2392958000,301459000,0,0,2104908000,891006000,34067000,34067000,0.31,0.31,0.25,123005000,-139593000,-29261000,-45849000,196432000,132249000,12.76,13.25,12.27,0.097,0.0286,10.75,1.2,14.84,9.54,0.5087,0.8796,0.3081,0.0698,0.41,-0.04,1.4569
2003-12-31,111274686,222549372,2,7775446000,882903000,5107787000,854109000,2371314000,296345000,0,0,2123298000,826553000,48635000,48635000,0.43,0.44,0.25,237124000,78138000,-166574000,148688000,242281000,206366000,11.75,12.54,10.97,0.0869,0.0241,10.66,1.12,13.2,9.41,0.5791,0.8954,0.305,0.0587,0.41,0.14,1.0337
2003-09-30,110716597,221433194,2,7605868000,1450327000,4995026000,1141325000,2314507000,296335000,0,0,2295843000,759552000,103232000,103232000,0.95,0.94,0.25,-37854000,-127087000,191298000,26357000,93593000,154480000,10.35,11.35,9.35,0.0915,0.0244,10.45,1.2,15.56,9.29,0.6895,0.9919,0.3043,0.0625,0.39,-0.87,1.2707
2003-06-30,110393323,220786646,2,7383535000,1295026000,5220966000,1245116000,1911707000,250862000,0,0,2388437000,646292000,32154000,32154000,0.35,0.35,0.25,54077000,68705000,-121281000,1501000,67236000,193322000,9.16,10.3,8.02,0.0665,0.017,8.66,0.92,17.45,9.16,1.1671,1.2494,0.2589,0.0422,0.4,-0.63,1.0401
2003-03-31,92778682,185557364,2,7714243000,1707306000,5610848000,1324392000,1847880000,255515000,0,0,2659878000,895790000,-478000,-478000,-0.01,-0.01,0.25,166643000,-294404000,130637000,2876000,65735000,284725000,8.32,9.15,7.49,0.053,0.0137,9.96,0.84,14.22,9.04,1.664,1.4394,0.2395,0.0337,0.41,-0.64,1.2891
2002-12-31,92658243,185316486,2,7001395000,1614148000,4916717000,1126518000,1836190000,248488000,0,0,2637803000,595941000,46093000,46093000,0.5,0.5,0.5,132899000,9489000,-146103000,-3715000,63872000,-6592000,8.54,9.95,7.14,0.0581,0.0159,9.91,0.88,12.84,8.91,1.7103,1.4366,0.2623,0.041,0.39,0.75,1.4329
2002-09-30,91689529,183379058,2,6760226000,895659000,4887759000,1141437000,1770269000,102198000,0,0,2612037000,761419000,44730000,44730000,0.49,0.49,0.5,134645000,-184547000,62310000,12408000,85805000,206491000,10.53,12.88,8.18,0.0629,0.0179,9.65,1.04,12.32,8.66,1.5514,1.4755,0.2619,0.044,0.41,-0.39,0.7847
2002-06-30,90949653,181899306,2,6673260000,1014814000,4681340000,938595000,1835992000,155928000,0,0,2637848000,615215000,6315000,6315000,0.07,0.07,0.5,125134000,-246964000,126352000,4522000,73397000,248141000,13.91,15.43,12.38,0.0778,0.0223,10.09,1.31,13.12,8.41,1.2387,1.4367,0.2751,0.0552,0.4,-0.68,1.0812
2002-03-31,90292143,180584286,2,6422656000,622795000,4352955000,736425000,1911644000,158057000,0,0,2638916000,636237000,9743000,9743000,0.11,0.11,0.5,151362000,-210636000,41531000,-17743000,68875000,208752000,14.93,15.51,14.34,0.0968,0.0278,10.59,1.4,14.02,8.16,0.9794,1.3804,0.2976,0.0675,0.41,-0.32,0.8457
2001-12-31,89780585,179561170,2,6247682000,626842000,4172010000,739737000,1918341000,157331000,0,0,2457941000,646521000,56111000,56111000,0.66,0.66,0.5,3726000,-187250000,177600000,-5924000,86618000,188029000,14.95,16.14,13.75,0.0975,0.0278,10.68,1.48,13.41,7.91,0.9499,1.2813,0.307,0.0621,0.45,-1.03,0.8474
2001-09-30,79522785,159045570,2,6054725000,549009000,4336148000,1055856000,1604665000,113912000,0,0,2206782000,666265000,69331000,69331000,0.87,0.87,0.5,255724000,-284624000,32606000,3706000,92542000,269354000,14.84,15.74,13.95,0.0985,0.028,10.09,1.37,6.12,7.66,0.8943,1.3752,0.265,0.066,0.42,-0.09,0.52
2001-06-30,79106573,158213146,2,6112278000,552893000,4287627000,853035000,1710780000,113871000,0,0,2262147000,611841000,37721000,37721000,0.48,0.48,0.5,61102000,-68796000,-18361000,-26055000,88836000,170696000,15.22,16.34,14.1,0.2004,0.0601,10.81,1.31,6.2,7.41,0.4117,1.3223,0.2799,0.1435,0.42,-0.69,0.6481
2001-03-31,79055349,158110698,2,6368045000,677395000,4416264000,900081000,1837951000,113830000,0,0,2233430000,852713000,9199000,9199000,0.12,0.12,0.5,159736000,-202643000,9383000,-33524000,114891000,190284000,15.49,16.6,14.38,0.1909,0.0597,11.62,1.2,6.16,7.16,0.4067,1.2152,0.2886,0.1474,0.4,-0.19,0.7526
2000-12-31,79012014,158024028,2,6733766000,710981000,4582504000,1154335000,2037472000,113790000,0,0,1910116000,553147000,60816000,60816000,0.77,0.76,0.5,71612000,-264958000,270492000,77146000,148415000,289456000,15.19,16.07,14.31,0.1829,0.06,12.89,1.16,6.28,6.91,0.3964,0.9375,0.3026,0.1658,0.36,-1.38,0.6159
2000-09-30,79007414,158014828,2,6347441000,485774000,4155527000,1067864000,2078162000,113752000,0,0,1591859000,658422000,276248000,276248000,3.5,3.49,0.5,161482000,-76891000,-45191000,39400000,71269000,122670000,14.35,15.63,13.06,0.1732,0.0591,13.15,1.04,12.7,6.66,0.4129,0.766,0.3274,0.1582,0.37,0.25,0.4549
2000-06-30,79002896,158005792,2,6597078000,411193000,4297803000,968258000,2185561000,113714000,0,0,1926634000,572565000,42278000,42278000,0.54,0.54,0.5,13036000,-132596000,103929000,-15631000,31869000,136678000,14.41,15.94,12.88,0.0814,0.0283,13.83,0.94,13.04,6.41,0.8875,0.8815,0.3313,0.0754,0.38,-0.78,0.4247
2000-03-31,79002896,158005792,2,6877817000,2531595000,4346806000,760653000,2417334000,113677000,0,0,2032787000,620850000,19320000,19320000,0.24,0.24,0.5,185719000,-532349000,280461000,-66169000,47500000,517660000,16.05,18.88,13.22,0.0837,0.0294,15.3,1.18,12.79,6.16,0.9049,0.8409,0.3515,0.0767,0.38,-2.1,3.3282
1999-12-31,79000744,158001488,2,6075683000,485986000,3806480000,933625000,2155565000,113638000,0,0,1500086000,566658000,44796000,44796000,0.57,0.57,0.5,56370000,-166967000,155238000,44641000,113669000,165160000,13.5,14.4,12.6,0.1035,0.0359,13.64,1.07,11.95,5.91,0.7994,0.6959,0.3548,0.0894,0.4,-0.69,0.5205
1999-09-30,78736473,157472946,2,5597245000,419262000,3500821000,672298000,1982820000,113604000,0,0,1581941000,598336000,71495000,71495000,0.91,0.91,0.5,162985000,-114940000,-8420000,39625000,69028000,129705000,14.21,15.03,13.38,0.1081,0.0366,12.59,1.26,14.07,5.66,0.8213,0.7978,0.3542,0.0678,0.54,0.21,0.6236
1999-06-30,78457664,156915328,2,5177136000,338166000,3296160000,636570000,1767408000,113568000,0,0,1526775000,486114000,38546000,38546000,0.49,0.49,0.5,33622000,-57807000,-595000,-24780000,29403000,92872000,14.34,15.44,13.25,0.1033,0.0343,11.26,1.32,20.34,5.41,0.9118,0.8638,0.3414,0.0617,0.56,-0.38,0.5312
1999-03-31,78116598,156233196,2,5071122000,362599000,3265366000,621080000,1692223000,113533000,0,0,1545251000,546855000,41744000,41744000,0.54,0.54,0.5,170152000,-104666000,-43130000,22356000,54183000,90836000,None,None,None,0.0754,0.0249,10.83,None,None,5.16,1.2632,0.9131,0.3337,0.05,0.5,0.51,0.5838
1998-12-31,77667444,155334888,2,4959337000,669741000,3239544000,649554000,1606295000,113498000,0,0,1555109000,1178278000,38760000,38760000,0.32,0.32,0.5,90942000,-153510000,84928000,22360000,31827000,130512000,15.94,17,14.88,0.0714,0.0235,10.34,1.59,19.92,4.91,1.3577,0.9681,0.3239,0.0454,0.52,-0.25,1.0311
1998-09-30,77152806,154305612,2,4710128000,544522000,3051687000,578357000,1544976000,113465000,0,0,1498818000,555313000,51704000,51704000,0.67,0.67,0.5,158609000,-84859000,-96002000,-22252000,9467000,83193000,15.04,16.07,14,0.0673,0.0223,10.01,1.39,21.8,4.66,1.4495,0.9701,0.328,0.0626,0.36,0.49,0.9415
1998-06-30,76907499,153814998,2,4949319000,729517000,3176078000,599634000,1659808000,113433000,0,0,615039000,174733000,-9567000,-9567000,-0.12,-0.12,0.5,130665000,-137685000,15278000,8258000,31719000,142391000,16.25,17.69,14.81,0.0421,0.014,10.79,1.65,18.16,4.41,2.3105,0.3705,0.3354,0.0432,0.32,-0.08,1.2166
1998-03-31,30788593,61577186,2,1812541000,158582000,1145073000,293703000,667468000,0,59963000,0,457901000,222550000,15778000,15778000,0.51,0.51,0.5,87546000,-29479000,-61935000,-3868000,10119000,15962000,16.34,16.94,15.75,0.0909,0.0296,9.87,1.66,16.42,4.16,1.1154,0.7537,0.3352,0.0627,0.47,1.16,0.5399
1997-12-31,30788593,61577186,2,1861807000,173008000,1194261000,339172000,667546000,0,59963000,0,457520000,236474000,16467000,16467000,0.54,0.54,0.5,41036000,-43448000,7647000,5235000,13987000,27310855,15.7,17.22,14.19,0.1006,0.0326,9.87,1.6,17.35,3.91,1.0052,0.753,0.3263,0.0666,0.49,0.22,0.5101
1997-09-30,30788593,61577186,2,1846501000,158736000,1180870000,322898000,665631000,0,59963000,0,458536000,214412000,13953000,13953000,0.45,0.45,0.5,40149000,-30304000,-44075000,-34230000,8752000,26787000,14,14.5,13.5,0.0918,0.0296,9.84,1.42,15.82,3.66,1.0962,0.7571,0.328,0.0598,0.49,0.22,0.4916
1997-06-30,30788593,61577186,2,1950137000,194402000,1282562000,343343000,667575000,0,59963000,0,467474000,206681000,9007000,9007000,0.29,0.29,0.5,-23235000,-40570000,95621000,31816000,42982000,32117000,13.76,14.13,13.38,0.0893,0.0288,9.87,1.38,13.62,3.41,1.1193,0.7694,0.3116,0.0585,0.49,-0.9,0.5662
1997-03-31,30773735,61547470,2,1864210000,129826000,1190313000,358624000,673897000,0,59963000,0,362836000,261688000,21827000,21827000,0.71,0.71,0.5,93273000,-31817000,-61360000,96000,11166000,24668000,14.06,14.44,13.69,0.1013,0.0333,9.97,1.42,12.02,3.16,0.9798,0.591,0.3293,0.0665,0.5,1.11,0.362
1996-12-31,30773735,61547470,2,1900531000,172402000,1233213000,407338000,667318000,0,59963000,0,362564000,251411000,11093000,11093000,0.36,0.36,0.49,74056000,-92937000,23432000,4551000,11070000,0,14.28,14.81,13.75,0.1174,0.0387,9.87,1.43,12.21,2.91,0.8423,0.597,0.3196,0.0771,0.5,1.2,0.4232
1996-09-30,30795260,61590520,2,1851001000,160014000,1177632000,295820000,673369000,0,59963000,0,421270000,212263000,12596000,12596000,0.41,0.41,0.4925,49017000,-44526000,-7607000,-3116000,6519000,36142000,15.44,16.44,14.44,0.1179,0.0389,9.96,1.54,11.83,2.67,0.8376,0.6868,0.3314,0.0818,0.48,0.21,0.5409
1996-06-30,30795260,61590520,2,1838422000,165780000,1162844000,272475000,675578000,0,59963000,0,423701000,208293000,16539000,16539000,0.54,0.54,0.4925,-6517000,25746000,-17529000,1700000,9635000,0,15.38,16.44,14.31,0.1319,0.0434,10,1.54,13.43,2.42,0.7497,0.6883,0.3349,0.0922,0.47,-0.11,0.6084
1996-03-31,30773588,61547176,2,1838674000,147084000,1165083000,275298000,673591000,0,59963000,0,428347000,260877000,31680000,31680000,1.03,1.03,0.4925,74163000,-6919000,-70695000,-3451000,7935000,22578000,15.47,16,14.94,0.117,0.0384,9.97,1.59,16.28,2.17,0.8484,0.6981,0.3337,0.0836,0.46,0.84,0.5343
1995-12-31,30773588,61547176,2,1872414000,175688000,1214981000,321574000,657433000,0,59963000,0,430362000,197799000,11131000,11131000,0.36,0.36,0.48,68318000,-52806000,-9535000,5977000,11386000,34915000,15.26,15.88,14.63,0.0975,0.032,9.71,1.56,15.49,1.93,1.0191,0.7203,0.3191,0.0724,0.44,0.54,0.5463
1995-09-30,30773588,61547176,2,1824970000,150141000,1163556000,281406000,661414000,0,59963000,0,427108000,201419000,20709000,20709000,0.68,0.68,0.485,40998000,-41828000,-4832000,-5662000,5409000,35878000,14.22,14.69,13.75,0.1011,0.0335,9.77,1.47,15.89,1.69,0.9831,0.7101,0.3296,0.0742,0.45,0.08,0.5335
1995-06-30,30773588,61547176,2,1809692000,142836000,1153741000,268496000,655951000,0,59963000,0,431027000,183153000,6939000,6939000,0.22,0.22,0.485,-9382000,-24105000,33364000,-123000,11071000,23702000,14.38,15,13.75,0.0922,0.0308,9.68,1.47,15.14,1.44,1.0765,0.7232,0.3293,0.0682,0.45,-0.54,0.532
1995-03-31,30773588,61547176,2,1790139000,142898000,1128190000,225439000,661949000,0,59963000,0,447555000,224884000,19653000,19653000,0.64,0.64,0.485,85739000,-31841000,-49977000,3921000,11194000,20901000,14.57,15.5,13.63,0.0977,None,9.78,1.5,13.68,1.2,1.0117,0.7435,0.3363,0.0725,0.46,1.05,0.6339
1994-12-31,30773588,61547176,2,1805901000,154434000,1148140000,251072000,657761000,0,59963000,0,448110000,206990000,13269000,13269000,0.43,0.43,0.48,80667000,-75455000,-5334000,-122000,7273000,68545000,13.94,14.44,13.44,0.1091,None,9.71,1.43,None,0.96,0.9037,0.7496,0.331,0.0799,0.47,0.2,0.6151
1994-09-30,30769842,61539684,2,1752004000,156380000,1093662000,255760000,658342000,0,59963000,0,425304000,193706000,15309000,15309000,0.5,0.5,0.48,21457000,-19748000,-3512000,-1803000,7395000,21676000,14.22,14.94,13.5,None,None,9.72,1.46,None,0.72,None,0.7108,0.3415,None,None,-0,0.6114
1994-06-30,30735596,61471192,2,1739024000,140559000,1081040000,235046000,657984000,0,59963000,0,423590000,181285000,10303000,10303000,0.33,0.33,0.48,1128000,-19389000,18282000,21000,9198000,21563000,14.29,15.38,13.19,None,None,9.73,1.46,None,0.48,None,0.7083,0.3439,None,None,-0.33,0.598
1994-03-31,30574194,61148388,2,1711640000,123933000,1053087000,225130000,658553000,0,59963000,0,423788000,234178000,26369000,26369000,0.87,0.87,0.48,70016000,-18045000,-62262000,-10291000,9177000,17836000,15.16,16.44,13.88,None,None,9.79,1.58,None,0.24,None,0.708,0.3497,None,None,0.85,0.5505
1993-12-31,30441027,60882054,2,1761899000,156817000,1118970000,275021000,642929000,0,59963000,0,425105000,None,None,None,None,None,0,None,None,None,None,19468000,0,None,None,None,None,None,9.58,None,None,0,None,0.7292,0.3309,None,None,None,0.5702
