"Quarter end","Shares","Shares split adjusted","Split factor","Assets","Current Assets","Liabilities","Current Liabilities","Shareholders equity","Non-controlling interest","Preferred equity","Goodwill & intangibles","Long-term debt","Revenue","Earnings","Earnings available for common stockholders","EPS basic","EPS diluted","Dividend per share","Cash from operating activities","Cash from investing activities","Cash from financing activities","Cash change during period","Cash at end of period","Capital expenditures","Price","Price high","Price low","ROE","ROA","Book value of equity per share","P/B ratio","P/E ratio","Cumulative dividends per share","Dividend payout ratio","Long-term debt to equity ratio","Equity to assets ratio","Net margin","Asset turnover","Free cash flow per share","Current ratio"
2016-06-30,62100839,62100839,1,9912000000,2911000000,7178000000,1671000000,2734000000,0,0,3653000000,4087000000,1290000000,71000000,71000000,1.15,1.14,0.39,174000000,-83000000,-17000000,79000000,1215000000,78000000,113.44,118.54,108.33,0.0699,0.0195,44.03,2.59,32.79,21.13,0.5137,1.4949,0.2758,0.0388,0.5,1.55,1.7421
2016-03-31,62060722,62060722,1,9901000000,2912000000,7178000000,1702000000,2723000000,0,0,3688000000,4077000000,1247000000,87000000,87000000,1.39,1.38,0.39,175000000,-80000000,2000000,97000000,1136000000,48000000,99.64,110.98,88.3,0.0798,0.0231,43.88,2.47,18.66,20.74,0.4423,1.4972,0.275,0.0453,0.51,2.05,1.7109
2015-12-31,63225021,63225021,1,9673000000,2932000000,7126000000,1594000000,2547000000,0,0,3576000000,4037000000,1163000000,89000000,89000000,1.37,1.35,0.39,56000000,-44000000,-219000000,-218000000,1039000000,52000000,106.47,113.96,98.98,0.1244,0.0371,40.28,2.34,23.93,20.35,0.2734,1.585,0.2633,0.0709,0.52,0.06,1.8394
2015-09-30,66805186,66805186,1,10064000000,3248000000,7027000000,1448000000,3037000000,0,0,3628000000,3729000000,1279000000,-54000000,-54000000,-0.83,-0.83,0.39,232000000,-87000000,4000000,144000000,1257000000,117000000,110.59,123.6,97.58,0.0985,0.0308,45.46,2.36,17.84,19.96,0.3202,1.2279,0.3018,0.0574,0.54,1.72,2.2431
2015-06-30,67624467,67624467,1,9955000000,3092000000,6788000000,1374000000,3167000000,0,0,3689000000,3698000000,1367000000,107000000,107000000,1.58,1.56,0.39,-271000000,-17000000,498000000,202000000,1113000000,60000000,127.1,132.38,121.83,0.1317,0.042,46.83,2.84,21.58,19.57,0.2239,1.1677,0.3181,0.0827,0.51,-4.89,2.2504
2015-03-31,67576297,67576297,1,9796000000,2902000000,6777000000,1250000000,3019000000,0,0,3668000000,3185000000,1350000000,224000000,224000000,3.3,3.26,0.34,407000000,-351000000,-377000000,-345000000,911000000,43000000,123.16,130.66,115.66,0.117,0.0391,44.68,2.57,59.79,19.18,0.2285,1.055,0.3082,0.0776,0.5,5.39,2.3216
2014-12-31,69264646,69264646,1,10349000000,3241000000,7024000000,1374000000,3325000000,0,0,3840000000,2943000000,1391000000,32000000,32000000,0.47,0.46,0.34,-34000000,62000000,-155000000,-137000000,1256000000,42000000,108.28,121.35,95.21,0.0387,0.0136,48,2.1,36.09,18.84,0.6463,0.8851,0.3213,0.0275,0.49,-1.1,2.3588
2014-09-30,69368070,69368070,1,10951000000,3561000000,7368000000,1687000000,3583000000,0,0,3952000000,2942000000,1103000000,68000000,68000000,0.94,0.92,0.34,191000000,1520000000,-886000000,823000000,1393000000,102000000,104.28,110.02,98.55,0.0537,0.0197,51.65,1.8,14.52,18.5,0.4424,0.8211,0.3272,0.0381,0.52,1.28,2.1108
2014-06-30,78052592,78052592,1,12126000000,3203000000,7597000000,1751000000,4529000000,0,0,4079000000,2941000000,1605000000,99000000,99000000,1.27,1.25,0.34,238000000,23000000,-183000000,79000000,570000000,51000000,101.28,108.93,93.62,0.1245,0.0471,58.02,1.73,13.54,18.16,0.1857,0.6494,0.3735,0.0823,0.57,2.4,1.8292
2014-03-31,77931564,77931564,1,12188000000,3142000000,7618000000,1754000000,4570000000,0,0,4105000000,2949000000,1545000000,-44000000,-44000000,-0.57,-0.57,0.34,189000000,-57000000,64000000,196000000,491000000,41000000,94.81,100.87,88.76,0.1331,0.0492,58.64,1.58,10.89,17.82,0.1775,0.6453,0.375,0.0806,0.61,1.9,1.7913
2013-12-31,77805521,77805521,1,11983000000,2776000000,7318000000,1545000000,4665000000,0,0,5146000000,2948000000,1868000000,110000000,110000000,1.42,1.4,0.34,25000000,-46000000,-29000000,-51000000,295000000,51000000,91.06,97.68,84.43,0.1584,0.0571,59.96,1.55,10.63,17.48,0.14,0.6319,0.3893,0.0886,0.64,-0.33,1.7968
2013-09-30,77511372,77511372,1,12088000000,2873000000,7535000000,1727000000,4553000000,0,0,5157000000,2947000000,1911000000,405000000,405000000,5.34,5.1,0.34,283000000,-139000000,-175000000,-31000000,346000000,126000000,88.72,94.65,82.79,0.1611,0.0559,58.74,1.67,399559358940310400,17.14,0.1291,0.6473,0.3767,0.0874,0.64,2.03,1.6636
2013-06-30,77357425,77357425,1,12159000000,2976000000,8060000000,1818000000,4099000000,0,0,5188000000,2958000000,2059000000,124000000,124000000,1.58,1.55,0.34,242000000,-67000000,-265000000,-91000000,377000000,69000000,81.99,91.11,72.87,0.001,0.0003,52.99,1.56,234.26,16.8,19.9953,0.7216,0.3371,0.0005,0.65,2.24,1.637
2013-03-31,79023385,79023385,1,12251000000,3045000000,8094000000,1770000000,4157000000,0,0,5204000000,3033000000,1974000000,53000000,53000000,0.67,0.66,0.225,143000000,-65000000,-99000000,-20000000,468000000,65000000,79.53,86.96,72.11,0.0075,0.0025,52.6,1.51,100.67,16.46,2.3017,0.7296,0.3393,0.0039,0.65,0.99,1.7203
2012-12-31,78979725,78979725,1,12376000000,3077000000,8224000000,1770000000,4152000000,0,0,5268000000,3090000000,1869000000,101000000,101000000,1.28,1.26,0.225,65000000,-49000000,-53000000,-35000000,488000000,49000000,74,80.84,67.16,0.0159,0.0053,52.57,1.45,246.67,16.23,1.0197,0.7442,0.3355,0.0081,0.65,0.2,1.7384
2012-09-30,78822048,78822048,1,12524000000,3209000000,8495000000,1913000000,4029000000,0,0,5278000000,3131000000,2056000000,-274000000,-274000000,-3.47,-3.47,0.23,225000000,-132000000,-164000000,-74000000,523000000,138000000,71.71,78.27,65.15,0.0063,0.0021,51.12,1.35,30.91,16,2.4322,0.7771,0.3217,0.0032,0.65,1.1,1.6775
2012-06-30,78542152,78542152,1,12598000000,3353000000,8432000000,1622000000,4166000000,0,0,5261000000,3567000000,2141000000,151000000,151000000,1.93,1.9,0.225,109000000,-61000000,-48000000,-2000000,597000000,59000000,64.27,69.99,58.54,0.0451,0.0147,53.04,1.19,42.56,15.78,0.3164,0.8562,0.3307,0.0234,0.63,0.64,2.0672
2012-03-31,78467329,78467329,1,12706000000,3283000000,8474000000,1578000000,4232000000,0,0,5385000000,3588000000,2079000000,88000000,88000000,1.12,1.1,0.175,204000000,-6000000,-62000000,133000000,599000000,52000000,61.54,66.25,56.83,0.0289,0.0103,53.93,1.19,12.82,15.55,0.4484,0.8478,0.3331,0.0164,0.63,1.94,2.0805
2011-12-31,78305729,78305729,1,12513000000,3063000000,8448000000,1464000000,4065000000,0,0,5382000000,3607000000,1930000000,61000000,61000000,0.78,0.77,0.175,-184000000,-43000000,-43000000,-271000000,466000000,43000000,49.81,58.51,41.11,0.0899,0.035,51.91,0.94,9.73,15.38,0.1373,0.8873,0.3249,0.0554,0.63,-2.9,2.0922
2011-09-30,78107463,78107463,1,12966000000,3387000000,8831000000,1739000000,4135000000,0,0,5425000000,3648000000,1845000000,-113000000,-113000000,-1.45,-1.45,0.18,149000000,-2077000000,1619000000,-308000000,737000000,101000000,55.3,66.95,43.65,0.097,0.0402,52.94,0.94,7.35,15.2,0.1242,0.8822,0.3189,0.0637,0.63,0.61,1.9477
2011-06-30,78020604,78020604,1,9482000000,3016000000,4915000000,1329000000,4567000000,0,0,3255000000,848000000,1667000000,87000000,87000000,1.12,1.09,0.175,14000000,-36000000,-69000000,-84000000,1045000000,38000000,62.26,69.46,55.06,0.1441,0.0639,58.54,1.1,7.52,15.02,0.0816,0.1857,0.4816,0.0857,0.75,-0.31,2.2694
2011-03-31,79136699,79136699,1,9412000000,2974000000,4915000000,1310000000,4497000000,0,0,3230000000,846000000,1557000000,353000000,353000000,4.47,4.39,0.15,120000000,969000000,-335000000,755000000,1129000000,30000000,56.36,61.4,51.32,0.1678,0.0709,56.83,1.15,13.55,14.84,0.0713,0.1881,0.4778,0.0859,0.83,1.14,2.2702
2010-12-31,79040152,79040152,1,9349000000,2705000000,5472000000,1434000000,3877000000,0,0,3172000000,1114000000,1433000000,87000000,87000000,1.11,1.09,0.15,-38000000,-3000000,-3000000,-43000000,374000000,18000000,52.21,56.82,47.6,0.0887,0.0357,49.05,1.08,12.52,14.69,0.1243,0.2873,0.4147,0.0395,0.9,-0.71,1.8863
2010-09-30,78852428,78852428,1,9531000000,2833000000,5728000000,1687000000,3803000000,0,0,3341000000,1108000000,2382000000,76000000,76000000,0.95,0.95,0.15,209000000,-64000000,-208000000,-67000000,417000000,102000000,47.94,53.1,42.77,0.0892,0.0358,48.23,1.03,10.82,14.54,0.1066,0.2913,0.399,0.0368,0.97,1.36,1.6793
2010-06-30,78730445,78730445,1,9145000000,2818000000,5489000000,1813000000,3656000000,0,0,3234000000,1102000000,2362000000,148000000,148000000,1.89,1.85,0.15,68000000,-27000000,-52000000,-15000000,484000000,35000000,55.05,63.73,46.37,0.0948,0.0376,46.44,1.17,16.99,14.39,0.0849,0.3014,0.3998,0.0398,0.94,0.42,1.5543
2010-03-31,78502620,78502620,1,9239000000,2735000000,5557000000,1858000000,3682000000,0,0,3317000000,1101000000,2248000000,22000000,22000000,0.28,0.27,0.075,182000000,68000000,-151000000,93000000,499000000,33000000,46.55,54.46,38.64,0.0679,0.027,46.9,0.97,12.86,14.24,0.0933,0.299,0.3985,0.0297,0.91,1.9,1.472
2009-12-31,78060533,78060533,1,9230000000,2467000000,5476000000,1357000000,3754000000,0,0,3395000000,1516000000,2020000000,86000000,86000000,1.13,1.1,0.075,48000000,26000000,-24000000,54000000,406000000,18000000,38.15,43.01,33.29,0.0757,0.0298,48.09,0.8,48.29,14.17,0.0833,0.4038,0.4067,0.0338,0.88,0.38,1.818
2009-09-30,74915769,74915769,1,9447000000,2473000000,5863000000,1566000000,3584000000,0,0,3424000000,1537000000,2113000000,92000000,92000000,1.22,1.21,0.08,377000000,100000000,-380000000,96000000,352000000,25000000,34.78,45.8,23.76,0.0197,0.0076,47.84,0.7,None,14.09,0.3192,0.4289,0.3794,0.0088,0.86,4.7,1.5792
2009-06-30,74430476,74430476,1,9165000000,2426000000,5458000000,1370000000,3707000000,0,0,3328000000,1878000000,2037000000,50000000,50000000,0.67,0.66,0.075,351000000,-2000000,-297000000,53000000,256000000,26000000,20.38,29.99,10.76,-0.0088,-0.0037,49.8,0.43,None,14.01,None,0.5066,0.4045,None,0.97,4.37,1.7708
2009-03-31,74159149,74159149,1,9237000000,2424000000,5694000000,1389000000,3543000000,0,0,3381000000,2084000000,1990000000,48000000,48000000,0.65,0.65,0.075,218000000,-25000000,-210000000,-19000000,203000000,40000000,8.8,12.26,5.35,-0.0026,-0.0012,47.78,0.18,23.78,13.94,None,0.5882,0.3836,None,1.09,2.4,1.7451
2008-12-31,73676646,73676646,1,9742000000,4760000000,6142000000,1739000000,3600000000,0,0,3443000000,2128000000,1966000000,-119000000,-119000000,-1.73,-1.73,0.075,79000000,-2188000000,1460000000,-664000000,222000000,36000000,19.07,30.13,8.02,0.0045,0.0022,48.86,0.38,7.28,13.87,3.8537,0.5911,0.3695,0.0018,1.24,0.58,2.7372
2008-09-30,63022667,63022667,1,5771000000,3032000000,2569000000,1230000000,3202000000,0,0,408000000,45000000,2216000000,-10000000,-10000000,-0.16,-0.16,0.28,138000000,-366000000,254000000,26000000,886000000,77000000,37.89,48.97,26.81,0.0511,0.029,50.81,0.71,11.52,13.79,0.4166,0.0141,0.5548,0.0199,1.46,0.97,2.465
2008-06-30,63005458,63005458,1,5844000000,3100000000,2486000000,1204000000,3358000000,0,0,422000000,45000000,2201000000,72000000,72000000,1.15,1.13,0.275,111000000,-17000000,-88000000,6000000,853000000,33000000,52.8,58.58,47.01,0.0642,0.0364,53.3,1.01,14.12,13.51,0.3328,0.0134,0.5746,0.0253,1.44,1.24,2.5748
2008-03-31,62932969,62932969,1,5778000000,3115000000,2482000000,1136000000,3296000000,0,0,385000000,64000000,2059000000,72000000,72000000,1.14,1.13,0.275,155000000,-21000000,32000000,166000000,847000000,43000000,44.85,49.88,39.82,0.0747,0.0417,52.37,0.88,13.27,13.24,0.2933,0.0194,0.5704,0.0294,1.42,1.78,2.7421
2007-12-31,62902667,62902667,1,5646000000,3236000000,2440000000,1044000000,3206000000,0,0,380000000,64000000,1905000000,33000000,33000000,0.52,0.52,0.275,66000000,-14000000,-268000000,-216000000,681000000,42000000,57.39,68.99,45.79,0.0695,0.038,50.97,1.15,15.9,12.96,0.3246,0.02,0.5678,0.027,1.41,0.38,3.0996
2007-09-30,62939520,62939520,1,5686000000,3276000000,2532000000,1152000000,3154000000,0,0,377000000,64000000,2103000000,32000000,32000000,0.53,0.51,0.28,192000000,-78000000,-65000000,49000000,897000000,52000000,58.5,66.77,50.23,0.0767,0.0413,50.11,1.21,9.62,12.69,0.3017,0.0203,0.5547,0.0294,1.41,2.22,2.8438
2007-06-30,62814484,62814484,1,5612000000,4250000000,2574000000,2041000000,3038000000,0,0,373000000,65000000,1993000000,100000000,100000000,1.6,1.58,0.275,88000000,-25000000,201000000,264000000,848000000,36000000,62.23,66.03,58.44,0.1331,0.0685,48.36,1.34,10.75,12.41,1.8261,0.0214,0.5413,0.0517,1.33,0.83,2.0823
2007-03-31,62774541,62774541,1,5557000000,4250000000,2636000000,2041000000,2921000000,0,0,375000000,67000000,1925000000,49000000,49000000,0.78,0.77,0.275,41000000,-12000000,39000000,68000000,584000000,31000000,65.93,70.2,61.66,0.1229,0.0637,46.53,1.43,11.59,12.13,1.8648,0.0229,0.5256,0.0517,1.23,0.16,2.0823
2006-12-31,62637469,62637469,1,5426000000,3014000000,2548000000,1076000000,2878000000,0,0,377000000,70000000,1813000000,49000000,49000000,0.76,0.75,0.275,-126000000,-993000000,-185000000,-1304000000,516000000,35000000,64.15,71.04,57.26,0.1158,0.0612,45.95,1.33,10.97,11.86,1.8706,0.0243,0.5304,0.0527,1.16,-2.57,2.8011
2006-09-30,64238433,64238433,1,6590000000,4250000000,3494000000,2041000000,3096000000,0,0,310000000,70000000,1952000000,199000000,199000000,2.95,2.98,10.48,235000000,957000000,265000000,1457000000,1820000000,-14000000,64.37,68.59,60.15,0.114,None,48.2,1.2,None,11.58,1.7982,0.0226,0.4698,0.0559,1.1,3.88,2.0823
2006-06-30,71102809,71102809,1,6933000000,3617000000,3132000000,1486000000,3801000000,0,0,710000000,70000000,1853000000,93000000,93000000,1.31,1.29,0.275,130000000,-16000000,-227000000,-113000000,363000000,63000000,66.28,75.17,57.39,None,None,53.46,1.28,None,1.1,None,0.0184,0.5482,None,None,0.94,2.4341
2006-03-31,71063910,71063910,1,6552000000,3469000000,2858000000,1312000000,3694000000,0,0,641000000,77000000,1786000000,49000000,49000000,0.68,0.67,0.275,126000000,-49000000,-202000000,-125000000,476000000,76000000,64.63,71.3,57.96,None,None,51.98,1.25,None,0.83,None,0.0208,0.5638,None,None,0.7,2.6441
2005-12-31,71063910,71063910,1,6482000000,3410000000,2796000000,1242000000,3686000000,0,0,643000000,77000000,1686000000,66000000,66000000,0.92,0.91,0.275,-146000000,-116000000,-122000000,-384000000,601000000,50000000,54.94,59.13,50.74,None,None,51.87,1.05,None,0.55,None,0.0209,0.5687,None,None,-2.76,2.7456
2005-09-30,71769255,71769255,1,6815000000,3757000000,3076000000,1545000000,3739000000,0,0,650000000,82000000,None,None,None,None,None,0,54000000,-179000000,419000000,293000000,985000000,95000000,57.85,65.25,50.45,None,None,52.1,1.15,None,0.28,None,0.0219,0.5486,None,None,-0.57,2.4317
2005-06-30,74199816,74199816,1,6921000000,3930000000,3174000000,1507000000,3747000000,0,0,576000000,90000000,2821000000,1767000000,1767000000,24.13,23.65,0.275,None,None,None,None,692000000,0,66.83,72.2,61.45,None,None,50.5,None,None,0.275,None,0.024,0.5414,None,None,None,2.6078
