"Quarter end","Shares","Shares split adjusted","Split factor","Assets","Current Assets","Liabilities","Current Liabilities","Shareholders equity","Non-controlling interest","Preferred equity","Goodwill & intangibles","Long-term debt","Revenue","Earnings","Earnings available for common stockholders","EPS basic","EPS diluted","Dividend per share","Cash from operating activities","Cash from investing activities","Cash from financing activities","Cash change during period","Cash at end of period","Capital expenditures","Price","Price high","Price low","ROE","ROA","Book value of equity per share","P/B ratio","P/E ratio","Cumulative dividends per share","Dividend payout ratio","Long-term debt to equity ratio","Equity to assets ratio","Net margin","Asset turnover","Free cash flow per share","Current ratio"
2019-03-30,513975346,513975346,1,18200799000,8455549000,15803842000,6500158000,2361897000,35060000,0,4812487000,8300000000,14658074000,440083000,440083000,0.86,0.85,0.39,447435000,-362847000,-429083000,-347210000,549776000,149598000,64.44,67.89,60.98,0.6563,0.087,4.6,15.27,23.1,17.87,0.4882,3.5141,0.1298,0.0265,3.28,0.58,1.3008
2018-12-29,513462661,513462661,1,18194176000,8437783000,15991183000,6750170000,2167636000,35357000,0,4775912000,8019846000,14765707000,267380000,267380000,0.52,0.51,0.39,646645000,-117441000,-579120000,-56385000,896986000,116441000,66.67,73.91,59.44,0.6115,0.0805,4.22,13.12,23.64,17.48,0.5158,3.6998,0.1191,0.0248,3.25,1.03,1.25
2018-09-29,519787613,519787613,1,18542082000,8642256000,15866621000,6640952000,2638574000,36887000,0,4881486000,7914344000,15215279000,431042000,431042000,0.83,0.81,0.36,271145000,-99571000,68388000,237527000,953371000,100483000,70.88,75.98,65.78,0.612,0.0814,5.08,14.71,26.25,17.09,0.5017,2.9995,0.1423,0.0252,3.23,0.33,1.3014
2018-06-30,519774992,519774992,1,18070404000,8003453000,15525798000,6588746000,2506957000,37649000,0,4935297000,7540765000,15315906000,448928000,448928000,0.86,0.84,0.36,1034445000,-354355000,-998470000,-331281000,715844000,309858000,63.5,68.87,58.12,0.6113,0.078,4.82,14.08,26.24,16.73,0.5134,3.0079,0.1387,0.0244,3.2,1.39,1.2147
2018-03-31,520988380,520988380,1,18629142000,8715871000,16242020000,6046199000,2351213000,35909000,0,5122254000,8835156000,14349504000,330085000,330085000,0.63,0.63,0.36,190983000,-156967000,-102071000,-66820000,1047125000,101003000,60.14,64.27,56.01,0.5574,0.0705,4.51,13.83,26.97,16.37,0.5607,3.7577,0.1262,0.0223,3.17,0.17,1.4415
2017-12-30,521918747,521918747,1,18219370000,8272168000,15917244000,5982970000,2268602000,33524000,0,5057355000,8312489000,14411490000,284113000,284113000,0.55,0.54,0.36,850429000,-267804000,-382823000,204742000,1113945000,120160000,57.55,62.79,52.3,0.5188,0.0661,4.35,13.41,26.28,16.01,0.5946,3.6641,0.1245,0.021,3.15,1.4,1.3826
2017-09-30,521056320,521056320,1,18418590000,8597002000,16100228000,6140282000,2235254000,83108000,0,5023321000,8426359000,14650424000,367640000,367640000,0.7,0.69,0.33,82775000,-134539000,72895000,39701000,909203000,134539000,51.66,54.47,48.85,0.5035,0.0662,4.29,11.45,24.84,15.65,0.591,3.7698,0.1214,0.0212,3.13,-0.1,1.4001
2017-07-01,527881766,527881766,1,17756655000,8033438000,15292300000,6095886000,2381516000,82839000,0,4953639000,7660877000,14421045000,305171000,305171000,0.58,0.56,0.33,1151650000,-279315000,-912746000,14318000,869502000,267978000,52.66,56.1,49.22,0.4477,0.0641,4.51,12.11,27.86,15.32,0.6115,3.2168,0.1341,0.0206,3.1,1.67,1.3178
2017-04-01,535197556,535197556,1,17920900000,8325561000,15510128000,5729810000,2330528000,80244000,0,4853852000,8026617000,13524172000,238278000,238278000,0.44,0.44,0.33,419853000,-120632000,-225160000,7841000,855133000,120632000,52.92,55.95,49.9,0.3725,0.0599,4.35,11.55,28.92,14.99,0.6615,3.4441,0.13,0.0193,3.11,0.56,1.453
2016-12-31,540212068,540212068,1,17630066000,8011206000,15075122000,5052286000,2476039000,78905000,0,4809282000,8313651000,13457268000,275167000,275167000,0.5,0.5,0.33,356248000,-136059000,-92144000,87394000,847292000,136059000,52.11,57.07,47.14,0.3188,0.0628,4.58,9.44,28.79,14.66,0.6732,3.3576,0.1404,0.0194,3.23,0.41,1.5857
2016-10-01,546931309,546931309,1,18024810000,8135470000,14927161000,5366550000,3020786000,76863000,0,5019562000,7843517000,13968654000,323887000,323887000,0.58,0.58,0.31,248674000,-3048455000,-389659000,-3159402000,759898000,137994000,51.34,53.97,48.7,0.2856,0.0673,5.52,8.19,31.3,14.33,0.6718,2.5965,0.1676,0.0199,3.38,0.2,1.516
2016-07-02,555133162,555133162,1,16721804000,10053899000,13166810000,4434456000,3479608000,75386000,0,2329122000,7336930000,13647891000,215667000,215667000,0.39,0.37,0.31,944161000,-218493000,2695012000,3308462000,3919300000,155575000,48.06,50.94,45.19,0.2275,0.0672,6.27,6.83,34.83,14.02,0.7278,2.1086,0.2081,0.0189,3.56,1.42,2.2672
2016-03-26,563515990,563515990,1,13351094000,6960033000,9304734000,4112072000,3969431000,76929000,0,2273201000,4274884000,12002791000,217136000,217136000,0.38,0.38,0.31,520100000,-215049000,-304408000,15236000,610838000,110854000,42.77,46.69,38.84,0.1747,0.0558,7.04,6.13,32.9,13.71,0.8644,1.077,0.2973,0.0164,3.4,0.73,1.6926
2015-12-26,564603274,564603274,1,13089468000,6779026000,9102548000,3872214000,3941427000,45493000,0,2141010000,4265857000,12153626000,272399000,272399000,0.48,0.48,0.31,730363000,-132225000,-357931000,207346000,595602000,117669000,40.19,42.03,38.34,0.1548,0.0491,6.98,4.28,36.87,13.4,0.9142,1.0823,0.3011,0.0157,3.13,1.09,1.7507
2015-09-26,564515133,564515133,1,13371551000,7027960000,8021623000,3970816000,5305685000,44243000,0,2149931000,3004618000,12562611000,244420000,244420000,0.41,0.41,0.3,-261482000,-35061000,-4437404000,-4741788000,388256000,119737000,38.66,41.87,35.45,0.123,0.0388,9.4,4.37,33.62,13.09,1.0786,0.5663,0.3968,0.0134,2.9,-0.68,1.7699
2015-06-27,594917977,594917977,1,17989281000,11494304000,12687753000,9399615000,5260224000,41304000,0,2114626000,2271825000,12401938000,73026000,73026000,0.12,0.11,0.3,694985000,-182491000,-462901000,45340000,5130044000,96476000,37.42,38.99,35.84,0.1294,0.0407,8.84,4.18,25.46,12.79,1.0262,0.4319,0.2924,0.0141,2.88,1.01,1.2228
2015-03-28,593762499,593762499,1,17983591000,11521307000,12670708000,4340048000,5312883000,0,0,2087662000,7275195000,11746659000,176955000,176955000,0.3,0.3,0.3,408061000,-126687000,-66303000,177027000,5084704000,125944000,39.63,41.45,37.81,0.1634,0.0553,8.95,4.39,26.78,12.49,0.8025,1.3693,0.2954,0.0179,3.1,0.48,2.6546
2014-12-27,592342741,592342741,1,17970470000,11456904000,12627510000,4286409000,5342960000,0,0,2134993000,7248457000,12087074000,157979000,157979000,0.27,0.27,0.3,389820000,-175374000,4342232000,4522779000,4907677000,178243000,38.49,41.16,35.82,0.1648,0.0602,9.02,4.25,24.52,12.19,0.7889,1.3566,0.2973,0.0181,3.32,0.36,2.6728
2014-09-27,587883822,587883822,1,13617913000,7108403000,8296497000,4536489000,5321416000,0,0,2160849000,2650490000,12445081000,278813000,278813000,0.47,0.47,0.29,62618000,-169794000,84534000,-28148000,384898000,117695000,37.17,38.85,35.5,0.1751,0.0699,9.05,4.14,23.53,11.89,0.7351,0.4981,0.3908,0.0196,3.57,-0.09,1.5669
2014-06-28,586765938,586765938,1,13167950000,6681972000,7901255000,4367630000,5266695000,0,0,2127899000,2384167000,12286992000,254171000,254171000,0.43,0.43,0.29,644751000,-160078000,-413728000,71956000,413046000,133660000,36.62,37.92,35.31,0.1774,0.0712,8.98,4.09,22.75,11.6,0.7216,0.4527,0.4,0.02,3.55,0.87,1.5299
2014-03-29,584569243,584569243,1,13138264000,6639475000,7906889000,3944016000,5231375000,0,0,2118111000,2986163000,11277484000,180937000,180937000,0.31,0.31,0.29,389900000,-134834000,-362739000,-108773000,341090000,116804000,35.58,37.08,34.07,0.1836,0.0741,8.95,3.92,21.7,11.31,0.6942,0.5708,0.3982,0.021,3.54,0.47,1.6834
2013-12-28,584967675,584967675,1,13013025000,6520856000,7709235000,3749250000,5303790000,0,0,2107490000,2944083000,11237969000,210835000,210835000,0.36,0.36,0.29,288935000,-142900000,-53908000,90331000,449863000,121776000,37.27,43.4,31.13,0.1882,0.0764,9.07,4.17,22.45,11.02,0.6763,0.5551,0.4076,0.0216,3.54,0.29,1.7392
2013-09-28,581578154,581578154,1,13025395000,6534262000,7826253000,3883694000,5199142000,0,0,2108616000,2878391000,11714267000,285590000,285590000,0.49,0.48,0.28,169229000,-139026000,-85483000,-52753000,359532000,125176000,33.71,36.05,31.37,0.194,0.0781,8.94,3.82,20.19,10.73,0.6635,0.5536,0.3992,0.022,3.55,0.08,1.6825
2013-06-29,588347435,588347435,1,12663947000,6207427000,7472137000,3749282000,5191810000,0,0,2089954000,2639986000,11601056000,283043000,283043000,0.47,0.46,0.28,752186000,-322871000,-343948000,80765000,412285000,135402000,34.23,35.4,33.07,0.1971,0.079,8.82,3.94,19.79,10.45,0.6587,0.5085,0.41,0.0223,3.54,1.05,1.6556
2013-03-30,593485905,593485905,1,12657210000,6375582000,7504849000,3656904000,5152361000,0,0,1953212000,2557314000,10926371000,201417000,201417000,0.34,0.34,0.28,372623000,-118408000,-242832000,10715000,331520000,102586000,33.09,35.62,30.55,0.2075,0.082,8.68,3.96,18.08,10.17,0.6355,0.4963,0.4071,0.0232,3.53,0.46,1.7434
2012-12-29,585990749,585990749,1,12428067000,6159785000,7526494000,3487417000,4901573000,0,0,1955988000,2809290000,10796890000,221369000,221369000,0.38,0.38,0.28,173584000,-238157000,-162959000,-227610000,320805000,104067000,31.07,32.4,29.75,0.2225,0.0881,8.36,3.73,16.53,9.89,0.5937,0.5731,0.3944,0.0248,3.55,0.12,1.7663
2012-09-29,587803115,587803115,1,12487833000,6333650000,7593652000,3602874000,4894181000,0,0,1851870000,2764853000,11086916000,286598000,286598000,0.49,0.49,0.27,213201000,-232446000,-124469000,-140452000,548415000,154280000,29.82,31.41,28.23,0.231,0.0923,8.33,3.73,15.69,9.61,0.5726,0.5649,0.3919,0.0258,3.58,0.1,1.7579
2012-06-30,586604951,586604951,1,12094972000,6084808000,7409932000,3423579000,4685040000,0,0,1779182000,2763688000,11045382000,309269000,309269000,0.53,0.52,0.27,495891000,-163160000,4943000,338403000,688867000,148972000,28.63,30.2,27.05,0.2373,0.0957,7.99,3.44,14.68,9.34,0.5588,0.5899,0.3874,0.0265,3.62,0.59,1.7773
2012-03-31,585764508,585764508,1,11892113000,5924942000,7014098000,3703752000,4878015000,0,0,1775829000,2412477000,10504746000,259550000,259550000,0.44,0.44,0.27,369774000,-252646000,-106238000,13933000,350464000,197801000,29.94,31.18,28.7,0.2428,0.0995,8.33,3.73,15.35,9.07,0.5419,0.4946,0.4102,0.0275,3.62,0.29,1.5997
2011-12-31,584568889,584568889,1,11454027000,5648050000,6766412000,3263770000,4687615000,0,0,1733473000,2649346000,10244421000,250113000,250113000,0.43,0.43,0.27,283172000,-213993000,-15608000,52430000,336531000,205088000,27.36,29.62,25.09,0.2515,0.1015,8.02,3.45,13.96,8.8,0.5368,0.5652,0.4093,0.028,3.63,0.13,1.7305
2011-10-01,586032473,586032473,1,11446863000,5696234000,6792608000,3578690000,4654255000,0,0,1729867000,2384986000,10586390000,302653000,302653000,0.51,0.51,0.26,255343000,-273830000,-325746000,-355664000,284101000,224455000,28.61,31.73,25.48,0.2632,0.1048,7.94,3.6,14.6,8.53,0.5276,0.5124,0.4066,0.0288,3.64,0.05,1.5917
2011-07-02,592697484,592697484,1,11385555000,5732882000,6680313000,3575075000,4705242000,0,0,1743227000,2279517000,10425703000,336310000,336310000,0.57,0.57,0.26,425759000,-244015000,71168000,254097000,639765000,178605000,30.28,32.76,27.81,0.2729,0.1064,7.94,4.2,15.45,8.27,0.5239,0.4845,0.4133,0.0293,3.63,0.42,1.6036
2011-04-02,583478931,583478931,1,10949934000,5438557000,6742729000,3136450000,4207205000,0,0,1698245000,2663470000,9761660000,258478000,258478000,0.44,0.44,0.26,383112000,-108782000,-106495000,175913000,385668000,124263000,28.92,30.54,27.31,0.2882,0.1092,7.21,4.22,14.91,8.01,0.5172,0.6331,0.3842,0.0294,3.72,0.44,1.734
2011-01-01,582708338,582708338,1,10328283000,4866882000,6333792000,2721534000,3994491000,0,0,1681619000,2653529000,9384852000,258173000,258173000,0.44,0.44,0.26,55865000,-179329000,-118477000,-238619000,209755000,171935000,29.2,30.18,28.22,0.2887,0.1094,6.86,4.29,14.97,7.75,0.5188,0.6643,0.3868,0.0297,3.68,-0.2,1.7883
2010-10-02,585084667,585084667,1,10655410000,5289411000,6674415000,3146021000,3980995000,0,0,1688665000,2486646000,9751274000,299069000,299069000,0.51,0.51,0.25,226782000,-147430000,-224103000,-137069000,448374000,142570000,29.34,31.55,27.13,0.2925,0.1105,6.8,4.51,14.74,7.49,0.5113,0.6246,0.3736,0.0304,3.64,0.14,1.6813
2010-07-03,588379521,588379521,1,10313701000,5076258000,6486175000,3009198000,3827526000,0,0,1656213000,2472662000,10348477000,337781000,337781000,0.57,0.57,0.25,419481000,-159857000,-245896000,1084000,585443000,138929000,30.06,31.99,28.13,0.3045,0.1138,6.51,4.41,15.42,7.24,0.4959,0.646,0.3711,0.0317,3.59,0.48,1.6869
2010-03-27,591586557,591586557,1,10468227000,5131795000,6440189000,2917232000,4028038000,0,0,1673545000,2468517000,8945093000,247648000,247648000,0.42,0.42,0.25,321948000,-147162000,-173736000,5186000,652792000,188812000,28.28,29.58,26.99,0.3062,0.1119,6.81,4.27,14.81,6.99,0.501,0.6128,0.3848,0.0322,3.48,0.23,1.7591
2009-12-26,592548417,592548417,1,10276966000,5089511000,6346679000,2783743000,3930287000,0,0,1669582000,2468690000,8868499000,268349000,268349000,0.45,0.45,0.25,97525000,-177794000,-127865000,-203430000,647606000,137094000,26.86,29.48,24.24,0.315,0.1107,6.63,4.28,14.44,6.74,0.5049,0.6281,0.3824,0.0318,3.49,-0.07,1.8283
2009-09-26,591839181,591839181,1,10429705000,5361815000,6715347000,3082259000,3714358000,0,0,1645797000,2468783000,9081426000,326205000,326205000,0.55,0.55,0.24,46474000,-171507000,-119533000,-236048000,851036000,108059000,23.74,26.1,21.38,0.3206,0.1089,6.28,4.07,13.41,6.49,0.5128,0.6647,0.3561,0.0307,3.55,-0.1,1.7396
2009-06-27,591015830,591015830,1,10216619000,5270679000,6766917000,3150154000,3449702000,0,0,1631884000,2467486000,9086748000,315314000,315314000,0.53,0.53,0.24,597616000,-292034000,-127056000,187967000,1087084000,127683000,23.05,24.84,21.26,0.311,0.1044,5.84,4.08,12.95,6.25,0.5271,0.7153,0.3377,0.0287,3.64,0.8,1.6731
2009-03-28,589895400,589895400,1,10137052000,5226268000,6805875000,3116092000,3331177000,0,0,1492004000,2463243000,8739350000,226166000,226166000,0.38,0.38,0.24,422976000,-172879000,278743000,526043000,899117000,135115000,22.1,24.81,19.39,0.3175,0.1066,5.65,3.95,12.28,6.01,0.5092,0.7395,0.3286,0.0287,3.72,0.49,1.6772
2008-12-27,589218845,589218845,1,9811422000,4919708000,6517410000,3293209000,3294012000,0,0,1463766000,1972612000,9149803000,237654000,237654000,0.4,0.4,0.24,498379000,-100703000,-356665000,27449000,373074000,97496000,27.07,33.4,20.74,0.3231,0.1086,5.59,4.63,14.79,5.77,0.4936,0.5988,0.3357,0.0287,3.78,0.68,1.4939
2008-09-27,599138599,599138599,1,10285055000,5323706000,6779829000,3398444000,3505226000,0,0,1505169000,1974053000,9877429000,276814000,276814000,0.46,0.46,0.22,63370000,-93047000,-174665000,-205927000,345625000,79023000,30.91,35,26.81,0.33,0.1108,5.85,5.46,17.17,5.53,0.4742,0.5632,0.3408,0.0294,3.77,-0.03,1.5665
2008-06-28,601993798,601993798,1,10082293000,5175033000,6673307000,3499343000,3408986000,0,0,1500752000,1975435000,9730205000,334113000,334113000,0.56,0.54,0.22,603507000,-126612000,-169937000,307633000,551552000,121365000,29.74,31.84,27.65,0.3322,0.1106,5.66,5.45,17.19,5.31,0.4637,0.5795,0.3381,0.0295,3.75,0.8,1.4789
2008-03-29,600636962,600636962,1,9960985000,4880498000,6680038000,3430197000,3280947000,0,0,1496942000,2040546000,9146557000,240901000,240901000,0.4,0.4,0.22,591718000,-122796000,-392044000,75133000,243919000,108437000,29.05,31.65,26.45,0.3262,0.109,5.46,5.26,17.29,5.09,0.4616,0.6219,0.3294,0.029,3.75,0.8,1.4228
2007-12-29,603579579,603579579,1,9952827000,4884480000,6622764000,3268683000,3330063000,0,0,1499390000,2135547000,9239505000,264148000,264148000,0.43,0.43,0.22,209138000,-152104000,-80410000,-21368000,168786000,142369000,33.41,35.9,30.93,0.3189,0.1085,5.52,6.16,20.37,4.87,0.4563,0.6413,0.3346,0.029,3.75,0.11,1.4943
2007-09-29,608160405,608160405,1,10017944000,5029827000,6720489000,3374745000,3297455000,0,0,1485207000,1969804000,9405844000,266989000,266989000,0.44,0.43,0.19,191766000,-154048000,-56187000,-17718000,190154000,130472000,32.86,35.67,30.05,0.3158,0.1085,5.42,6.12,20.8,4.65,0.4491,0.5974,0.3292,0.029,3.74,0.1,1.4904
2007-06-30,609972298,609972298,1,9518931000,4675546000,6240531000,3415089000,3278400000,0,0,1446679000,1758227000,9228294000,303391000,303391000,0.49,0.47,0.19,450757000,-155791000,-269681000,26929000,207872000,144179000,33.3,34.95,31.64,0.3071,0.1064,5.37,6.17,22.05,4.46,0.4551,0.5363,0.3444,0.0286,3.73,0.5,1.3691
2007-03-31,617956215,617956215,1,9427321000,4575239000,6091800000,3385272000,3335521000,0,0,1419722000,1633091000,8572961000,220999000,220999000,0.36,0.35,0.19,411985000,-132681000,-284525000,-4919000,180943000,140113000,34.04,36.74,31.34,0.2972,0.1026,5.4,6.48,23.32,4.27,0.4676,0.4896,0.3538,0.0277,3.7,0.44,1.3515
2006-12-30,616987398,616987398,1,9317380000,4524739000,6080733000,3243227000,3236647000,0,0,1416773000,1755982000,8568748000,246538000,246538000,0.4,0.39,0.19,366997000,-199270000,-160715000,5141000,185862000,197315000,34.7,37.04,32.35,0.2995,0.1006,5.25,6.72,24.79,4.08,0.4708,0.5425,0.3474,0.0271,3.71,0.28,1.3951
2006-09-30,618127271,618127271,1,9362090000,4695190000,6174248000,3201465000,3187842000,0,0,1425918000,1738858000,8672072000,230148000,230148000,0.37,0.37,0.17,173183000,-160969000,-33329000,-21176000,180721000,105627000,30.32,34.15,26.5,0.2985,0.0973,5.16,6.15,22.63,3.89,0.4799,0.5455,0.3405,0.0263,3.69,0.11,1.4666
2006-07-01,619613777,619613777,1,8992025000,4399694000,5939741000,3226403000,3052284000,0,0,1398242000,1627127000,8509077000,254109000,254109000,0.41,0.4,0.17,489527000,-148170000,-345807000,-3708000,201897000,142542000,30.63,32.15,29.11,0.3032,0.0969,4.93,6.76,22.86,3.72,0.478,0.5331,0.3394,0.0262,3.7,0.56,1.3637
2006-04-01,618528798,618528798,1,8884088000,4346212000,6084258000,3191472000,2799830000,0,0,1390260000,1787155000,8137816000,188539000,188539000,0.3,0.3,0.17,327089000,-184765000,-190882000,-48333000,205605000,129540000,30.91,32.72,29.11,0.3224,0.1025,4.53,7.06,22.4,3.55,0.4487,0.6383,0.3152,0.0276,3.71,0.32,1.3618
2005-12-31,619315728,619315728,1,8810187000,4352251000,6098930000,3141173000,2711257000,0,0,1346228000,1827586000,7971061000,204182000,204182000,0.33,0.33,0.17,110988000,-162918000,127695000,76020000,253938000,135954000,31.79,33.59,29.98,0.3327,0.1082,4.38,7.24,22.71,3.38,0.423,0.6741,0.3077,0.0292,3.71,-0.04,1.3855
2005-10-01,620301061,620301061,1,8605786000,4285847000,5885396000,3189157000,2720390000,0,0,1324354000,1451697000,8010484000,208495000,208495000,0.32,0.31,0.15,196228000,-112818000,-95623000,-13760000,177918000,84014000,34.13,37.3,30.96,0.339,0.1139,4.39,7.76,23.7,3.21,0.4,0.5336,0.3161,0.0307,3.71,0.18,1.3439
2005-07-02,626984757,626984757,1,8267902000,4001786000,5509063000,3457570000,2758839000,0,0,1284459000,956177000,7981279000,284680000,284680000,0.45,0.4,0.15,370571000,-60030000,-320118000,-7840000,191678000,77380000,36.13,38.04,34.23,0.344,0.1178,4.4,8.12,25.09,3.06,0.3825,0.3466,0.3337,0.0318,3.71,0.47,1.1574
2005-04-02,633042914,633042914,1,8167236000,3996142000,5351456000,3333839000,2815780000,0,0,1267914000,1032822000,7437453000,218220000,218220000,0.34,0.34,0.15,459546000,-105383000,-308320000,46592000,199518000,89087000,35.2,37.83,32.57,0.3486,0.1188,4.45,7.89,25.14,2.91,0.3727,0.3668,0.3448,0.0315,3.78,0.59,1.1987
2005-01-01,636906775,636906775,1,8100887000,3931578000,5257663000,3169956000,2843224000,0,0,1258716000,1101852000,7331257000,232643000,232643000,0.37,0.35,0.15,240976000,-151453000,-124164000,-36677000,152926000,101845000,34.07,38.43,29.71,0.3583,0.1192,4.46,7.89,24.69,2.76,0.3689,0.3875,0.351,0.0311,3.83,0.22,1.2403
2004-10-02,639793373,639793373,1,8105806000,4012781000,5343900000,3170343000,2761906000,0,0,1221978000,1082345000,7531925000,225914000,225914000,0.35,0.35,0.13,120747000,-96574000,-31668000,-10103000,189603000,96409000,32.74,36,29.48,0.3712,0.1209,4.32,8.16,24.25,2.61,0.3605,0.3919,0.3407,0.0311,3.89,0.04,1.2657
2004-07-03,639345528,639345528,1,7847632000,3851411000,5283126000,3126634000,2564506000,0,0,1218700000,1231493000,8139017000,280598000,280598000,0.44,0.4,0.13,432887000,-193461000,-212925000,27011000,199706000,148199000,37.24,39.73,34.75,0.381,0.1222,4.01,10.49,28.43,2.48,0.3541,0.4802,0.3268,0.0309,3.95,0.45,1.2318
2004-03-27,639425930,639425930,1,7326832000,3690550000,5057784000,2853881000,2269048000,0,0,1177161000,1420139000,7025585000,195824000,195824000,0.3,0.3,0.13,391856000,-127765000,-324388000,-59900000,172695000,127154000,38.3,41.27,35.33,0.3798,0.1208,3.55,10.44,30.16,2.35,0.356,0.6259,0.3097,0.0309,3.91,0.41,1.2932
2003-12-27,644708897,644708897,1,7305577000,3738789000,4939753000,2734868000,2365824000,0,0,1166336000,1395981000,7036520000,221981000,221981000,0.35,0.33,0.13,178739000,-184172000,17970000,11051000,232595000,137109000,34.51,37.57,31.45,0.3707,0.1198,3.67,9.61,28.52,2.22,0.3537,0.5901,0.3238,0.0306,3.92,0.06,1.3671
2003-09-27,647152436,647152436,1,7214194000,3776173000,4889600000,2790506000,2324594000,0,0,1156358000,1195282000,7134281000,208811000,208811000,0.32,0.32,0.11,186040000,-178413000,-122508000,-115903000,221544000,101773000,31.39,34.24,28.54,0.3608,0.1179,3.59,9.26,26.83,2.09,0.3554,0.5142,0.3222,0.03,3.94,0.13,1.3532
2003-06-28,648520955,648520955,1,6936521000,3629534000,4738990000,2701129000,2197531000,0,0,1113960000,1249467000,6971840000,242736000,242736000,0.38,0.36,0.11,488345000,-159413000,-176962000,151970000,337447000,120144000,28.16,31.5,24.83,0.3542,0.1183,3.39,8.33,25.37,1.98,0.3518,0.5686,0.3168,0.0298,3.97,0.57,1.3437
2003-03-29,649630544,649630544,1,6655885000,3450947000,4458851000,2702565000,2197034000,0,0,1084693000,1279657000,6395278000,168411000,168411000,0.26,0.26,0.11,427958000,-92289000,-277287000,58382000,186956000,91041000,26.89,30.89,22.9,0.34,0.1169,3.38,7.98,25.13,1.87,0.3529,0.5824,0.3301,0.0291,4.02,0.52,1.2769
2002-12-28,653692432,653692432,1,6483987000,3340779000,4282871000,2426912000,2201116000,0,0,1055271000,1394647000,6348797000,184567000,184567000,0.28,0.27,0.11,329300000,-321832000,-42083000,-34615000,128574000,126580000,30.3,32.58,28.01,0.329,0.1181,3.37,9.07,29.13,1.76,0.345,0.6336,0.3395,0.0293,4.03,0.31,1.3766
2002-09-28,656798785,656798785,1,6245457000,3373931000,4051772000,2231144000,2193685000,0,0,922491000,1265938000,6424422000,182574000,182574000,0.28,0.28,0.09,127237000,-108291000,-54196000,-35250000,163189000,83243000,26.31,31.37,21.25,0.3161,0.1182,3.34,8.12,26.31,1.65,0.3215,0.5771,0.3512,0.0292,4.05,0.07,1.5122
2002-06-29,657722693,657722693,1,5989753000,3185289000,3857234000,2239357000,2132519000,0,0,922222000,1176307000,6310536000,205918000,205918000,0.32,0.3,0.09,340664000,-316783000,-139525000,-115644000,230439000,94363000,27.85,29.94,25.76,0.3081,0.118,3.24,8.1,29.32,1.56,0.312,0.5516,0.356,0.0291,4.05,0.37,1.4224
2002-03-30,663360408,663360408,1,5826986000,3217857000,3546370000,2241166000,2280616000,0,0,774694000,877035000,5620324000,151384000,151384000,0.22,0.22,0.09,382713000,-90385000,-62088000,230240000,346083000,90384000,27.82,30.35,25.28,0.2932,0.115,3.44,8.28,29.91,1.47,0.3086,0.3846,0.3914,0.0284,4.05,0.44,1.4358
2001-12-29,665145689,665145689,1,5578795000,2984000000,3346635000,1932195000,2232160000,0,0,779971000,1078573000,5590966000,158533000,158533000,0.24,0.24,0.07,320909000,-125315000,-203337000,-7743000,115843000,124350000,25.54,27.22,23.85,0.2929,0.1151,3.36,7.81,28.38,1.38,0.2946,0.4832,0.4001,0.0282,4.08,0.3,1.5444
2001-09-29,666521274,666521274,1,5656982000,3121160000,3476668000,2131842000,2180314000,0,0,781727000,1081305000,5828678000,163952000,163952000,0.25,0.24,0.07,40694000,-97817000,44966000,-12157000,123586000,86585000,25.8,29.86,21.75,0.2976,0.1147,3.27,8.06,29.49,1.31,0.2933,0.4959,0.3854,0.0277,4.14,-0.07,1.4641
2001-06-30,672081874,672081874,1,5468521000,2984882000,3321001000,2089895000,2147520000,0,0,768837000,961421000,5789297000,174165000,174165000,0.26,0.25,0.07,348115000,-91263000,-235189000,21663000,135743000,82795000,27.91,30.12,25.7,0.299,0.1148,3.2,8.83,33.43,1.24,0.2921,0.4477,0.3927,0.0274,4.19,0.39,1.4282
2001-03-31,672546977,672546977,1,5407876000,2956344000,3283368000,1995199000,2124508000,0,0,706617000,1048464000,5344496000,139365000,139365000,0.21,0.2,0.07,293919000,-86544000,-210801000,-3426000,114080000,86236000,26.75,30,23.5,0.2983,0.1126,3.16,9.73,33.86,1.17,0.2953,0.4935,0.3929,0.0267,4.22,0.31,1.4817
2000-12-30,669085434,669085434,1,4988318000,2830462000,3148738000,1835887000,1839580000,0,0,518574000,1069355000,5290530000,139424000,139424000,0.21,0.21,0.06,126945000,-89244000,-37770000,-69000,117506000,89080000,26.09,30.44,21.75,0.2969,0.1088,2.75,9.32,35.74,1.1,0.3028,0.5813,0.3688,0.0256,4.24,0.06,1.5417
2000-09-30,334222489,668444978,2,4931510000,2833248000,3056863000,1935810000,1874647000,0,0,502997000,874883000,5360174000,143955000,143955000,0.43,0.43,0.12,186245000,-71700000,-156098000,-41553000,117575000,70277000,21.5,23.63,19.38,0.2895,0.1041,2.8,8.14,31.85,1.04,0.3114,0.4667,0.3801,0.0246,4.24,0.17,1.4636
2000-07-01,333877879,667755758,2,4813955000,2733215000,3052387000,1782935000,1761568000,0,0,503039000,1023642000,5271764000,144059000,144059000,0.44,0.42,0.12,233543000,-79223000,-106948000,47372000,159128000,55651000,19.44,21.69,17.19,0.2804,0.0971,2.64,7.81,30.61,0.98,0.3276,0.5811,0.3659,0.0231,4.21,0.27,1.533
2000-04-01,333205467,666410934,2,4729481000,2670855000,3071297000,1862134000,1658184000,0,0,492822000,984376000,4722935000,101995000,101995000,0.31,0.31,0.12,269599000,-191359000,-62335000,15905000,111756000,65521000,16.67,20.28,13.06,0.2779,0.0949,2.49,7.34,28.25,0.92,0.332,0.5936,0.3506,0.0222,4.27,0.31,1.4343
2000-01-01,330007564,660015128,2,4418463000,2576098000,2917011000,1554788000,1501452000,0,0,403621000,1132976000,4651535000,101896000,101896000,0.31,0.3,0.1,109749000,-74498000,-83231000,-47980000,95851000,72444000,18.18,20.56,15.81,0.27,0.0919,2.27,8.34,32.18,0.86,0.3394,0.7546,0.3398,0.0213,4.32,0.06,1.6569
1999-10-02,329380117,658760234,2,4398990000,2575530000,2963089000,1673186000,1435901000,0,0,402364000,1055168000,4657034000,97638000,97638000,0.32,0.32,0.1,95835000,-114312000,13005000,-5472000,143831000,53875000,16.58,18.13,15.03,0.263,0.0903,2.18,7.68,30.99,0.81,0.3453,0.7348,0.3264,0.0209,4.32,0.06,1.5393
1999-07-03,329726343,659452686,2,4096582000,2408767000,2669386000,1427540000,1427196000,0,0,302100000,997717000,4818633000,116873000,116873000,0.35,0.34,0.1,199954000,-67593000,-95551000,36810000,149303000,50581000,14.22,15.94,12.5,0.257,0.09,2.16,6.74,26.09,0.76,0.3481,0.6991,0.3484,0.0208,4.33,0.23,1.6874
1999-03-27,330973975,661947950,2,4019709000,2345461000,2621632000,1483489000,1398077000,0,0,304516000,913632000,4164877000,72579000,72579000,0.22,0.22,0.1,215465000,-57102000,-155116000,3247000,112493000,63565000,13.71,14.94,12.47,0.2464,0.0869,2.11,6.44,26.11,0.71,0.3594,0.6535,0.3478,0.0207,4.21,0.23,1.581
1998-12-26,332929393,665858786,2,4031129000,2370997000,2612832000,1412788000,1418297000,0,0,306931000,975496000,4246675000,86399000,86399000,0.26,0.25,0.09,48024000,-83953000,36911000,982000,109246000,94502000,12.94,14.31,11.56,0.241,0.0869,2.13,6.19,26.96,0.66,0.361,0.6878,0.3518,0.0207,4.2,-0.07,1.6782
1998-09-26,334088349,668176698,2,3959261000,2339310000,2564818000,1464737000,1394443000,0,0,309322000,873057000,4192630000,86420000,86420000,0.26,0.26,0.09,121860000,-53087000,-70797000,-2024000,108264000,53087000,11.47,12.97,9.97,0.2197,0.081,2.09,5.65,24.53,0.61,0.383,0.6261,0.3522,0.0193,4.19,0.1,1.5971
1998-06-27,334679271,669358542,2,3780189000,2180067000,2423400000,1324190000,1356789000,0,0,307959000,867017000,4001374000,97515000,97515000,0.37,0.36,0.09,100880000,-161299000,75806000,15387000,110288000,72043000,12.16,13.38,10.94,0.2146,0.081,2.03,5.99,29.13,0.57,0.3763,0.639,0.3589,0.0194,4.19,0.04,1.6463
1998-03-28,337582062,675164124,2,3600014000,2106526000,2228156000,1269581000,1371858000,0,0,241533000,747803000,3711822000,63577000,63577000,0.18,0.18,0.09,173101000,-56681000,-121343000,-4923000,94901000,57972000,12.1,13.38,10.81,0.2083,0.0812,2.03,5.9,29.16,0.52,0.3694,0.5451,0.3811,0.0193,4.2,0.17,1.6592
1997-12-27,170037852,680151408,4,3630523000,2157882000,2234661000,1187357000,1395862000,0,0,243496000,829152000,3786096000,55576000,55576000,0.32,None,0.15,51978000,-61705000,21042000,11315000,99824000,65197000,10.32,11.7,8.95,0.2045,0.0817,2.05,5.01,23.32,0.48,0.3573,0.594,0.3845,0.0195,4.19,-0.02,1.8174
1997-09-27,171029030,684116120,4,3635477000,2141801000,2229023000,1236052000,1406454000,0,0,245459000,752573000,3828244000,80100000,80100000,0.47,None,0.15,31805000,-55845000,-5147000,-29187000,88509000,55845000,9.21,9.86,8.55,0.2165,0.0887,2.06,4.51,21.54,0.44,0.3249,0.5351,0.3869,0.0212,4.19,-0.04,1.7328
1997-06-28,171323308,685293232,4,3436611000,1964417000,2036139000,1113814000,1400472000,0,0,247423000,685620000,3694684000,91079000,91079000,0.52,None,0.15,155535000,-60832000,-61100000,33603000,117696000,58954000,8.91,9.56,8.25,0.2091,0.0876,2.04,4.33,21.6,0.4,0.3242,0.4896,0.4075,0.0209,4.19,0.14,1.7637
1997-03-29,174407385,697629540,4,3422713000,1973949000,1984834000,1125452000,1437879000,0,0,249375000,623158000,3470334000,61612000,61612000,0.35,None,0.15,196843000,-46301000,-154100000,-3558000,84093000,47294000,8.11,8.91,7.31,0.2011,0.086,2.06,3.9,20.15,0.37,0.3249,0.4334,0.4201,0.0206,4.18,0.21,1.7539
1996-12-28,176653051,706612204,4,3451850000,2010027000,1983500000,1078477000,1468350000,0,0,251338000,682953000,3610348000,76435000,76435000,0.43,None,0.13,44860000,-59278000,-25859000,-40277000,87651000,60163000,8.39,8.88,7.91,0.1969,0.0854,2.08,4.05,21.38,0.33,0.3215,0.4651,0.4254,0.0206,4.15,-0.02,1.8638
1996-09-28,178862681,715450724,4,3498642000,2077416000,2018512000,1206717000,1480130000,0,0,253298000,580776000,3679223000,73407000,73407000,0.41,None,0.13,100870000,-46945000,-33756000,20169000,127928000,41615000,7.71,8.63,6.78,0.192,0.0845,2.07,3.76,20.29,0.3,0.3182,0.3924,0.4231,0.0206,4.1,0.08,1.7215
1996-06-29,179651013,718604052,4,3325405000,1922327000,1850727000,1037524000,1474678000,0,0,250473000,581734000,3544525000,83189000,83189000,0.46,None,0.13,134843000,-32261000,-69104000,33478000,107759000,28565000,8.25,8.81,7.69,0.1884,0.0839,2.05,4.08,22.3,0.27,0.3149,0.3945,0.4435,0.0207,4.06,0.15,1.8528
1996-03-30,181780872,727123488,4,3307190000,1900498000,1840398000,1067920000,1466792000,0,0,252406000,559079000,3257110000,56841000,56841000,0.31,None,0.13,131496000,-55239000,-119169000,-42912000,74281000,56764000,8.05,8.72,7.38,0.1865,0.0835,2.02,3.95,22.05,0.23,0.31,0.3812,0.4435,0.0208,4.01,0.1,1.7796
1995-12-30,183404837,733619348,4,3311390000,1925345000,1812966000,1035500000,1498424000,0,0,254339000,569370000,3301585000,70704000,70704000,0.39,None,0.11,50225000,-76148000,52851000,26928000,117193000,78319000,7.43,8.16,6.69,0.1881,0.0841,2.04,3.77,20.93,0.2,0.3013,0.38,0.4525,0.021,4.01,-0.04,1.8593
1995-09-30,182211874,728847496,4,3256550000,1915487000,1817098000,1076992000,1439452000,0,0,256253000,535591000,3291910000,66171000,66171000,0.36,None,0.11,33870000,-61219000,-16272000,-43621000,90265000,61219000,7.28,7.84,6.72,0.1894,0.0838,1.97,3.79,21.1,0.17,0.2952,0.3721,0.442,0.0209,4.01,-0.04,1.7786
1995-07-01,182778021,731112084,4,3094691000,1786900000,1691088000,944723000,1403603000,0,0,258206000,541556000,3161933000,77121000,77121000,0.42,None,0.11,150535000,-50784000,-43930000,55821000,133886000,50784000,7.01,7.47,6.56,0.1891,0.0832,1.92,3.83,21.08,0.14,0.2902,0.3858,0.4536,0.0208,4.01,0.14,1.8915
1995-04-01,182352833,729411332,4,3021279000,1735776000,1689144000,962257000,1332135000,0,0,260139000,530268000,2966355000,52788000,52788000,0.29,None,0.11,134255000,-65685000,-74729000,-6159000,78065000,65685000,6.71,7.19,6.22,0.1876,None,1.83,3.75,20.81,0.12,0.287,0.3981,0.4409,0.0205,4.01,0.09,1.8039
1994-12-31,182616855,730467420,4,3013343000,1764641000,1705176000,941467000,1308167000,0,0,262072000,561066000,3006663000,63549000,63549000,0.35,None,0.09,36881000,-42764000,14626000,8743000,84224000,42764000,6.43,6.94,5.91,0.1865,None,1.79,3.67,None,0.09,0.2806,0.4289,0.4341,0.0203,4,-0.01,1.8744
1994-10-01,183174998,732699992,4,2970517000,1740762000,1688266000,964672000,1282251000,0,0,264005000,535425000,2983096000,58366000,58366000,0.32,None,0.09,15232000,-37256000,10770000,-11254000,75481000,37256000,5.96,6.63,5.28,None,None,1.75,3.53,None,0.07,None,0.4176,0.4317,None,None,-0.03,1.8045
1994-07-02,183421732,733686928,4,2811729000,1599648000,1570820000,846561000,1240909000,0,0,266021000,538711000,2881889000,67435000,67435000,0.37,None,0.09,107327000,-46983000,-37737000,22607000,86735000,43274000,6.13,6.59,5.66,None,None,1.69,3.72,None,0.04,None,0.4341,0.4413,None,None,0.09,1.8896
1994-04-02,183608896,734435584,4,2772141000,1594069000,1561242000,875134000,1210899000,0,0,263603000,512332000,2684854000,45694000,45694000,0.25,None,0.09,175501000,-38768000,-123372000,13361000,64128000,38796000,6.79,7.31,6.28,None,None,1.65,4.17,None,0.02,None,0.4231,0.4368,None,None,0.19,1.8215
1994-01-01,184207806,736831224,4,2734562000,1571333000,1529994000,796820000,1204568000,0,0,265544000,565756000,None,None,None,None,None,0,None,None,None,None,50767000,0,7.25,7.75,6.75,None,None,1.63,None,None,0,None,0.4697,0.4405,None,None,None,1.972
