"Quarter end","Shares","Shares split adjusted","Split factor","Assets","Current Assets","Liabilities","Current Liabilities","Shareholders equity","Non-controlling interest","Preferred equity","Goodwill & intangibles","Long-term debt","Revenue","Earnings","Earnings available for common stockholders","EPS basic","EPS diluted","Dividend per share","Cash from operating activities","Cash from investing activities","Cash from financing activities","Cash change during period","Cash at end of period","Capital expenditures","Price","Price high","Price low","ROE","ROA","Book value of equity per share","P/B ratio","P/E ratio","Cumulative dividends per share","Dividend payout ratio","Long-term debt to equity ratio","Equity to assets ratio","Net margin","Asset turnover","Free cash flow per share","Current ratio"
2019-06-30,217523691,217523691,1,25042100000,12802800000,21825000000,15068100000,2410200000,806900000,0,10231800000,0,3719800000,370700000,370700000,1.69,1.68,0.65,-97300000,-12300000,-429000000,-551600000,2898100000,21600000,78.65,84.35,72.95,0.5463,0.0547,11.08,7.18,13.4,22.6,0.4153,0,0.0962,0.0889,0.62,-0.55,0.8497
2019-03-31,220167610,220167610,1,25211200000,13072200000,21979100000,14913100000,2413300000,818800000,0,9746700000,4402000000,3468900000,263200000,263200000,1.18,1.17,0.65,-395600000,37000000,132300000,-202700000,3449700000,27200000,75.13,78.75,71.5,0.5487,0.0561,10.96,6.6,12.86,21.95,0.4122,1.8241,0.0957,0.0876,0.64,-1.92,0.8766
2018-12-31,223690798,223690798,1,24617000000,13726900000,21265800000,15270200000,2547100000,804100000,0,9767100000,4988900000,4086700000,399200000,399200000,1.77,1.78,0.6,1960900000,-89800000,-264500000,1553300000,3652400000,79500000,72.41,78.08,66.75,0.5372,0.0572,11.39,6.81,14.03,21.3,0.4069,1.9587,0.1035,0.0867,0.66,8.41,0.8989
2018-09-30,224105675,224105675,1,22487600000,11575300000,19313200000,13280100000,2381700000,792700000,0,9808000000,4357800000,3714300000,298900000,298900000,1.33,1.32,0.6,334300000,161100000,-274200000,185800000,2099100000,26400000,72.11,78.38,65.85,0.4753,0.0508,10.63,6.97,14.51,20.7,0.4601,1.8297,0.1059,0.0768,0.66,1.37,0.8716
2018-06-30,224372758,224372758,1,22169500000,11230100000,19132100000,12617900000,2321400000,716000000,0,9820300000,4866800000,3859600000,364200000,364200000,1.61,1.6,0.6,47900000,-85600000,-475500000,-654800000,1913300000,53600000,73.22,77.31,69.14,0.4546,0.0494,10.35,6.33,15.35,20.1,0.4675,2.0965,0.1047,0.0745,0.66,-0.03,0.89
2018-03-31,227289588,227289588,1,23513100000,12338500000,20121000000,13598800000,2626400000,765700000,0,10060100000,4885000000,3629600000,264100000,264100000,1.15,1.14,0.6,-620800000,-207500000,-426900000,-1227900000,2568100000,36200000,76.5,83.34,69.65,0.4434,0.0479,11.56,6.73,16.45,19.5,0.4756,1.86,0.1117,0.0725,0.66,-2.89,0.9073
2017-12-31,230267646,230267646,1,24931200000,14116000000,21596600000,15108900000,2615100000,719500000,0,9705900000,4978900000,4176600000,254400000,254400000,1.1,1.1,0.6,2179900000,-37900000,-220700000,1953000000,3796000000,47700000,72.01,78.7,65.32,0.4569,0.0476,11.36,6.58,14.37,18.9,0.4777,1.9039,0.1049,0.0713,0.67,9.26,0.9343
2017-09-30,230532661,230532661,1,22207500000,11417400000,18975800000,12621200000,2522500000,709200000,0,9713400000,4927400000,3719500000,263600000,263600000,1.14,1.13,0.55,175000000,-15500000,-219200000,9000000,1843000000,40400000,77.63,83.64,71.63,0.522,0.0528,10.94,7.94,15.71,18.3,0.4312,1.9534,0.1136,0.0772,0.68,0.58,0.9046
2017-06-30,230754205,230754205,1,22163400000,11505100000,19214400000,12863700000,2256100000,692900000,0,9574300000,4930000000,3790100000,328600000,328600000,1.41,1.4,0.55,-135700000,-16800000,-516100000,-608200000,1834000000,35800000,83.28,86.71,79.86,0.5293,0.0528,9.78,9.08,17,17.75,0.4373,2.1852,0.1018,0.0762,0.69,-0.74,0.8944
2017-03-31,232744011,232744011,1,22237300000,11728800000,19379700000,13070100000,2134600000,723000000,0,9489300000,4914500000,3587400000,241800000,241800000,1.03,1.02,0.55,-195300000,-45200000,-386600000,-560000000,2442200000,32100000,85.55,87.43,83.67,0.5266,0.0534,9.17,9.28,17.9,17.2,0.441,2.3023,0.096,0.0756,0.71,-0.98,0.8974
2016-12-31,234530246,234530246,1,23165400000,12722000000,20304200000,14010900000,2162000000,699200000,0,9403500000,4949900000,4241800000,350300000,350300000,1.48,1.46,0.55,1614600000,-96200000,-319600000,1065600000,3002200000,65000000,84.16,89.66,78.67,0.5025,0.0531,9.22,8.54,18.02,16.65,0.442,2.2895,0.0933,0.0745,0.71,6.61,0.908
2016-09-30,235880835,235880835,1,21401900000,10831900000,18575200000,11960600000,2323900000,502800000,0,9489500000,5007300000,3791100000,253800000,253800000,1.06,1.06,0.55,707700000,174800000,-260200000,630900000,1936600000,22600000,83.72,87.5,79.94,0.4791,0.0529,9.85,8.68,18.28,16.1,0.4412,2.1547,0.1086,0.0737,0.72,2.9,0.9056
2016-06-30,236538263,236538263,1,20935200000,10314200000,18162100000,11540800000,2281900000,491200000,0,9525800000,5022200000,3884900000,326100000,326100000,1.36,1.36,0.55,70100000,-443900000,-39100000,-441600000,1305700000,36500000,80.78,85.95,75.61,0.4653,0.0528,9.65,8.09,18.03,15.55,0.4392,2.2009,0.109,0.0732,0.72,0.14,0.8937
2016-03-31,237749905,237749905,1,21067700000,10545400000,18160400000,12939400000,2375500000,531800000,0,9445200000,3612700000,3499100000,218400000,218400000,0.9,0.9,0.5,-461200000,-116300000,-358200000,-857900000,1747300000,41400000,75.36,84.23,66.48,0.4434,0.0523,9.99,7.36,17.09,15,0.4363,1.5208,0.1128,0.0727,0.72,-2.11,0.815
2015-12-31,239590579,239590579,1,22110700000,11980500000,19221300000,14219600000,2452400000,437000000,0,9021200000,3564200000,4153300000,331600000,331600000,1.35,1.35,0.5,1731500000,-94800000,-407100000,1177700000,2605200000,57100000,71,77.57,64.44,0.439,0.0525,10.24,6.94,16.28,14.5,0.443,1.4534,0.1109,0.0723,0.73,6.99,0.8425
2015-09-30,242255205,242255205,1,20457300000,10252800000,17553700000,12386900000,2478000000,425600000,0,9021600000,3602200000,3706600000,239300000,239300000,0.97,0.97,0.5,492800000,-46300000,-256100000,71500000,1427500000,38900000,69.44,74.56,64.31,0.4214,0.0527,10.23,6.38,16,14,0.4471,1.4537,0.1211,0.0719,0.73,1.87,0.8277
2015-06-30,242947655,242947655,1,20775500000,10500400000,17691500000,12548800000,2646800000,437200000,0,9124800000,3547900000,3805300000,313900000,313900000,1.27,1.26,0.5,186000000,-57500000,-347400000,-170700000,1356000000,68500000,74.15,79.28,69.02,0.4014,0.0532,10.89,7.58,17.2,13.5,0.4479,1.3404,0.1274,0.072,0.74,0.48,0.8368
2015-03-31,244312135,244312135,1,20071000000,9904900000,17238300000,11021200000,2389500000,443200000,0,9007000000,4593800000,3469200000,209100000,209100000,0.84,0.83,0.5,-238000000,-64900000,-418500000,-861400000,1526700000,38200000,76.48,80.98,71.98,0.3776,0.0535,9.78,6.62,18,13,0.4471,1.9225,0.1191,0.0725,0.74,-1.13,0.8987
2014-12-31,246720508,246720508,1,21559700000,11190500000,18238400000,12061100000,2850000000,471300000,0,9211600000,4562600000,4195100000,329500000,329500000,1.31,1.3,0.5,1443400000,-69800000,339400000,1550400000,2388100000,74700000,71.26,78.49,64.03,0.3381,0.0527,11.55,5.82,17.51,12.5,0.4315,1.6009,0.1322,0.0721,0.73,5.55,0.9278
2014-09-30,248179673,248179673,1,19968600000,9567200000,16457200000,11075300000,3038300000,473100000,0,9262200000,3778900000,3749600000,243800000,243800000,0.95,0.95,0.5,220600000,-64900000,-705100000,-697000000,837700000,46800000,71.23,74.14,68.32,0.3117,0.051,12.24,5.18,18.45,12,0.4245,1.2438,0.1522,0.0708,0.72,0.7,0.8638
2014-06-30,251157165,251157165,1,21219400000,10546500000,17270800000,11811100000,3456300000,492300000,0,9494500000,3785200000,3870900000,325200000,325200000,1.24,1.23,0.5,242800000,-89700000,-735500000,-547400000,1534700000,49000000,69.14,72.84,65.43,0.2915,0.0482,13.76,4.8,18.59,11.5,0.4237,1.0952,0.1629,0.0688,0.7,0.77,0.8929
2014-03-31,258440800,258440800,1,21087900000,10576600000,16881600000,11448300000,3718500000,487800000,0,9371400000,3778600000,3502200000,205500000,205500000,0.78,0.77,0.4,-430300000,-42500000,-156900000,-628400000,2082100000,42500000,73.73,76.87,70.59,0.2896,0.0469,14.39,5.32,19.87,11,0.416,1.0162,0.1763,0.0675,0.69,-1.83,0.9239
2013-12-31,258204902,258204902,1,22098700000,11652300000,18030800000,12277700000,3582400000,485500000,0,9302000000,4033400000,4058100000,300500000,300500000,1.14,1.12,0.4,1449100000,-95700000,-135500000,1189000000,2710500000,88700000,67.92,74.5,61.35,0.3014,0.047,13.87,5.23,18.21,10.6,0.4162,1.1259,0.1621,0.068,0.69,5.27,0.9491
2013-09-30,257360875,257360875,1,20870800000,10465400000,17062800000,11235400000,3340300000,467700000,0,9267100000,4035400000,3490500000,196000000,196000000,0.74,0.74,0.4,293400000,-55200000,-170400000,121600000,1521500000,54300000,65.1,70.5,59.7,0.3063,0.0473,12.98,5.48,17.45,10.2,0.3886,1.2081,0.16,0.0689,0.69,0.93,0.9315
2013-06-30,257192964,257192964,1,20525000000,10288200000,17015700000,11227100000,3055700000,453600000,0,9115100000,4037500000,3637000000,289500000,289500000,1.09,1.09,0.4,276200000,-40900000,-829600000,-671900000,1399900000,30800000,61.01,64.29,57.73,0.3083,0.0477,11.88,4.97,16.67,9.8,0.362,1.3213,0.1489,0.0699,0.68,0.95,0.9164
2013-03-31,258583500,258583500,1,20908300000,10601200000,17250200000,10943300000,3173100000,485000000,0,9148800000,4446300000,3398900000,205100000,205100000,0.76,0.76,0.4,-209700000,-36400000,-284300000,-606500000,2071800000,38200000,55.22,60.05,50.4,0.3012,0.0476,12.27,4.17,15.25,9.4,0.3412,1.4012,0.1518,0.0698,0.68,-0.96,0.9687
2012-12-31,261405700,261405700,1,22151900000,11661400000,18195600000,11875800000,3460800000,495500000,0,9300300000,4448500000,3944500000,307100000,307100000,1.14,1.14,0.3,1151200000,-82800000,-329500000,722000000,2678300000,67600000,49.09,53.07,45.11,0.2922,0.0482,13.24,3.86,14.27,9,0.3197,1.2854,0.1562,0.0702,0.69,4.15,0.9819
2012-09-30,264180600,264180600,1,20798000000,10397100000,16951300000,10702200000,3358600000,488100000,0,9175400000,4450600000,3406600000,203900000,203900000,0.75,0.74,0.3,142800000,-58500000,164700000,291000000,1956300000,45900000,50.89,54.76,47.03,0.281,0.0474,12.71,4.13,14.88,8.7,0.3208,1.3251,0.1615,0.0682,0.7,0.37,0.9715
2012-06-30,265618000,265618000,1,20106500000,9857500000,16371400000,10689800000,3269900000,465200000,0,9044700000,3926100000,3561000000,282700000,282700000,1.03,1.02,0.3,157800000,-151900000,197000000,162600000,1665300000,67200000,48.92,52.19,45.65,0.2791,0.0485,12.31,3.73,14.56,8.4,0.3101,1.2007,0.1626,0.0683,0.71,0.34,0.9221
2012-03-31,272625000,272625000,1,19823500000,9620500000,15770500000,10867200000,3579000000,474000000,0,9037300000,3180800000,3307300000,204600000,204600000,0.73,0.72,0.3,-500000,-57200000,-252300000,-278500000,1502700000,45600000,47.61,51.38,43.83,0.2713,0.0487,13.13,3.71,14.3,8.1,0.3023,0.8887,0.1805,0.0681,0.72,-0.17,0.8853
2011-12-31,272805000,272805000,1,20505400000,10421500000,16525600000,11671000000,3504300000,475500000,0,8924700000,3182900000,3852900000,271900000,271900000,0.97,0.96,0.25,1314800000,-161900000,-261000000,880600000,1781200000,71300000,40.5,45.65,35.34,0.2716,0.049,12.85,3.24,12.66,7.8,0.2911,0.9083,0.1709,0.0687,0.71,4.56,0.8929
2011-09-30,275874000,275874000,1,18936000000,8974700000,15023300000,10200900000,3446800000,465900000,0,8833500000,3184200000,3380900000,203700000,203700000,0.73,0.72,0.25,263100000,-70700000,-190600000,-85700000,900600000,33100000,42.41,49.55,35.27,0.2629,0.0483,12.49,3.33,13.9,7.55,0.2868,0.9238,0.182,0.0681,0.71,0.83,0.8798
2011-06-30,279473000,279473000,1,19156700000,9034400000,15129900000,10354800000,3554300000,472500000,0,8945100000,3147400000,3487400000,275100000,275100000,0.98,0.96,0.25,-85700000,-102600000,-364100000,-525900000,986300000,42000000,47.2,49.78,44.61,0.2431,0.0472,12.72,3.76,16.39,7.3,0.2864,0.8855,0.1855,0.0679,0.69,-0.46,0.8725
2011-03-31,281121000,281121000,1,19168500000,9165900000,15184200000,10396900000,3524600000,459700000,0,8842000000,3115200000,3151300000,201900000,201900000,0.7,0.69,0.25,-176900000,-239400000,-390000000,-776500000,1512200000,39100000,47.91,51.25,44.57,0.2311,0.0472,12.54,3.8,17.68,7.05,0.2859,0.8838,0.1839,0.0678,0.7,-0.77,0.8816
2010-12-31,284035000,284035000,1,19566100000,10194100000,15673000000,11023100000,3580500000,312600000,0,8087300000,3155300000,3586700000,246400000,246400000,0.83,0.83,0.2,1444500000,-84500000,-794600000,599400000,2288700000,55600000,43.21,47.88,38.54,0.2152,0.0466,12.61,3.16,16.62,6.8,0.2884,0.8812,0.183,0.066,0.71,4.89,0.9248
2010-09-30,301239000,301239000,1,18282700000,9132300000,13881100000,9784200000,4117200000,284400000,0,7982900000,2904600000,2994600000,174600000,174600000,0.58,0.57,0.2,214100000,-68700000,928400000,1155600000,1689300000,35000000,36.75,40,33.5,0.2027,0.0468,13.67,2.94,14.36,6.6,0.2818,0.7055,0.2252,0.0663,0.7,0.59,0.9334
2010-06-30,301357000,301357000,1,16329200000,7454800000,12316800000,9219600000,3767300000,245100000,0,7701000000,1901600000,3041200000,243300000,243300000,0.8,0.79,0.2,107300000,-96800000,-341900000,-366700000,533700000,37900000,39.13,44.08,34.18,0.2015,0.0477,12.5,3.06,15.53,6.4,0.268,0.5048,0.2307,0.0665,0.72,0.23,0.8086
2010-03-31,306954000,306954000,1,16829500000,7851000000,12664600000,9235100000,3921800000,243100000,0,7783100000,2215300000,2920000000,163400000,163400000,0.53,0.52,0.2,-277900000,-43700000,-329200000,-686600000,900400000,25200000,37.41,40.29,34.54,0.1978,0.0474,12.78,2.77,14.79,6.2,0.2541,0.5649,0.233,0.0666,0.71,-0.99,0.8501
2009-12-31,310448000,310448000,1,17920700000,8788500000,13467900000,10082500000,4194800000,258000000,0,7862000000,2220600000,3265800000,229500000,229500000,0.73,0.72,0.15,1278500000,-36200000,-269600000,989600000,1587000000,37200000,37.12,39.99,34.24,0.2057,0.0484,13.51,2.86,13.85,6,0.2352,0.5294,0.2341,0.0677,0.72,4,0.8717
2009-09-30,311242000,311242000,1,16201400000,7109700000,11928800000,8605000000,4034700000,237900000,0,7779700000,2236000000,2837600000,165600000,165600000,0.53,0.53,0.15,343700000,-68000000,-91900000,197500000,597400000,30100000,34.1,38.49,29.71,0.2263,0.0514,12.96,2.75,12.01,5.85,0.2236,0.5542,0.249,0.0706,0.73,1.01,0.8262
2009-06-30,310767000,310767000,1,15885400000,6899800000,11798500000,8328900000,3859500000,227400000,0,7661600000,2413500000,2870700000,233400000,233400000,0.75,0.75,0.15,337800000,-99200000,-396000000,-12500000,399900000,40000000,28.11,33.21,23.01,0.2456,0.0534,12.42,2.62,9.22,5.7,0.2113,0.6253,0.243,0.0717,0.74,0.96,0.8284
2009-03-31,310845000,310845000,1,15560700000,6939900000,12041200000,8291800000,3331300000,188200000,0,7339600000,2718100000,2746600000,164500000,164500000,0.53,0.53,0.15,-228400000,-22600000,-370500000,-684900000,412400000,23300000,24.45,28.8,20.09,0.2588,0.0555,10.72,2.16,7.71,5.55,0.1963,0.8159,0.2141,0.0741,0.75,-0.81,0.837
2008-12-31,310932000,310932000,1,17318400000,8564900000,13565000000,9754200000,3522800000,230600000,0,7441200000,3054300000,3371400000,271000000,271000000,0.89,0.87,0.15,1159800000,-159700000,-219500000,566700000,1097300000,60600000,30.22,38.42,22.02,0.2584,0.0557,11.33,2.57,9.3,5.4,0.1891,0.867,0.2034,0.0749,0.74,3.54,0.8781
2008-09-30,310800000,310800000,1,17339200000,8351200000,13427800000,9649700000,3661200000,250200000,0,7617400000,3054400000,3316200000,213600000,213600000,0.69,0.69,0.15,325900000,-217300000,-354500000,-385200000,530600000,58900000,41.11,45,37.23,0.2599,0.0566,11.78,3.07,12.93,5.25,0.1827,0.8343,0.2112,0.0766,0.74,0.86,0.8654
2008-06-30,318800000,318800000,1,18683600000,9533600000,14155600000,10345300000,4262000000,266000000,0,7829200000,3054600000,3476900000,307000000,307000000,0.97,0.96,0.15,416100000,-168100000,-139300000,101900000,915800000,50500000,46.95,50.16,43.74,0.2538,0.0554,13.37,3.73,15.34,5.1,0.1871,0.7167,0.2281,0.077,0.72,1.15,0.9215
2008-03-31,320300000,320300000,1,18437400000,9468300000,14124200000,10342700000,4036900000,276300000,0,7678000000,3054800000,3195400000,208700000,208700000,0.65,0.65,0.15,-507600000,-134900000,-340500000,-979300000,813900000,42200000,44.41,47.96,40.86,0.2554,0.0547,12.6,3.48,15.03,4.95,0.1859,0.7567,0.219,0.0767,0.71,-1.72,0.9155
2007-12-31,320600000,320600000,1,19271700000,10504200000,14937900000,11227200000,4091700000,242100000,0,7514200000,3054700000,3625900000,313800000,313800000,0.97,0.95,0.15,1430600000,-94100000,-98800000,1216000000,1793200000,62200000,49.45,53.07,45.82,0.2552,0.0543,12.76,4.18,17.57,4.8,0.184,0.7466,0.2123,0.0769,0.71,4.27,0.9356
2007-09-30,326900000,326900000,1,18133200000,9048800000,14042700000,10023600000,3871700000,218800000,0,7489100000,3056600000,3101400000,202200000,202200000,0.62,0.62,0.15,216200000,-242600000,-138700000,-195200000,577200000,59600000,51.43,55.45,47.41,0.2492,0.053,11.84,4.58,18.94,4.65,0.1844,0.7895,0.2135,0.0764,0.69,0.48,0.9027
2007-06-30,328300000,328300000,1,17362200000,8637900000,13478600000,9555400000,3685900000,197700000,0,7211600000,3055200000,3126100000,276700000,276700000,0.85,0.84,0.125,298800000,-202000000,-351400000,-255900000,772400000,66300000,52.62,54.68,50.56,0.2456,0.053,11.23,4.78,20.36,4.5,0.1826,0.8289,0.2123,0.0764,0.69,0.71,0.904
2007-03-31,165400000,330800000,2,17144000000,8611000000,13302000000,9443000000,3641000000,201000000,0,7033000000,3054000000,2840600000,183000000,183000000,1.11,1.09,0.25,-346300000,98200000,-451800000,-711200000,1028300000,34900000,51.87,53.45,50.29,0.2377,0.0518,11.01,4.48,20.71,4.37,0.1915,0.8388,0.2124,0.0756,0.68,-1.15,0.9119
2006-12-31,167100000,334200000,2,18164400000,9646800000,14094300000,10296100000,3871300000,198800000,0,6995100000,3054700000,3216300000,277100000,277100000,1.64,1.62,0.25,1350900000,-234500000,-182100000,931200000,1739500000,58100000,49.77,53.03,46.51,0.231,0.0511,11.58,4.61,20.74,4.25,0.1969,0.7891,0.2131,0.0759,0.67,3.87,0.9369
2006-09-30,170900000,341800000,2,16325900000,8016700000,12458300000,8617700000,3687200000,180400000,0,6937400000,3055200000,2774300000,177100000,177100000,1.05,1.04,0.25,203700000,-88700000,-335600000,-283700000,808300000,46500000,44.72,47.38,42.06,0.2233,0.0514,10.79,4.23,19.19,4.12,0.1997,0.8286,0.2258,0.0756,0.68,0.46,0.9303
2006-06-30,171800000,343600000,2,16453300000,8195500000,12630700000,8630700000,3633800000,188800000,0,6903700000,3220400000,2823400000,244100000,244100000,1.43,1.42,0.25,85600000,-148400000,-672700000,-730900000,1092000000,39500000,44.62,48.32,40.92,0.2171,0.0516,10.58,4.04,19.92,4,0.2008,0.8862,0.2209,0.076,0.68,0.13,0.9496
2006-03-31,170603000,341206000,2,16660800000,8623400000,12712500000,8600200000,3769500000,178800000,0,6696300000,3352400000,2562900000,165700000,165700000,0.94,0.93,0.25,101000000,282800000,606900000,987100000,1822900000,33500000,41.45,43.52,39.38,0.2099,0.0519,11.05,3.75,18.97,3.87,0.2029,0.8893,0.2262,0.0757,0.69,0.2,1.0027
2005-12-31,178795300,357590600,2,15919900000,7967400000,11798900000,8700300000,3948000000,173000000,0,6614500000,2357500000,2939400000,252700000,252700000,1.43,1.41,0.22,1295600000,-518100000,-316100000,440200000,835800000,60300000,41.14,44.4,37.88,0.2048,0.0523,11.04,3.87,19.41,3.75,0.2051,0.5971,0.248,0.0754,0.69,3.45,0.9158
2005-09-30,180310000,360620000,2,14833500000,6961400000,10815800000,7743200000,3835900000,181800000,0,6558300000,2358100000,2522900000,161700000,161700000,0.9,0.9,0.225,265800000,-98100000,-107600000,52100000,395600000,35200000,41.34,43.18,39.5,0.1989,0.0511,10.64,3.96,20.02,3.64,0.211,0.6147,0.2586,0.075,0.68,0.64,0.899
2005-06-30,182109200,364218400,2,14714100000,6923200000,10729000000,7713200000,3807500000,177600000,0,6470200000,2357900000,2615800000,225800000,225800000,1.24,1.24,0.225,146800000,-78900000,-303600000,-244600000,343500000,37100000,41.27,44.5,38.05,0.1971,0.0506,10.45,3.93,20.69,3.52,0.2174,0.6193,0.2588,0.0749,0.68,0.3,0.8976
2005-03-31,183375900,366751800,2,15049500000,7217600000,11006500000,8043800000,3852500000,190500000,0,6483400000,2358100000,2403000000,150500000,150500000,0.82,0.82,0.225,-717000000,532800000,-389500000,-577500000,588100000,30100000,43.58,45.74,41.41,0.194,0.0496,10.5,3.95,22.41,3.41,0.2248,0.6121,0.256,0.0744,0.67,-2.04,0.8973
2004-12-31,184776556,369553112,2,16002400000,8095100000,11728800000,8743900000,4078700000,194900000,0,6521400000,2358400000,2789000000,236500000,236500000,1.3,1.28,0.22,1440200000,-411900000,-34000000,1021700000,1165600000,56400000,38.98,42.48,35.48,0.193,0.0494,11.04,3.99,20.68,3.3,0.2312,0.5782,0.2549,0.0742,0.67,3.74,0.9258
2004-09-30,186326700,372653400,2,14129500000,6497400000,10309900000,7333700000,3644900000,174700000,0,6267300000,2359100000,2319000000,145300000,145300000,0.79,0.79,0.225,111300000,-111900000,-222400000,-229100000,429100000,25200000,35.65,38.08,33.22,0.197,0.0496,9.78,3.66,19.27,3.19,0.2325,0.6472,0.258,0.0748,0.66,0.23,0.886
2004-06-30,187253300,374506600,2,14417300000,6885400000,10589100000,7640000000,3650600000,177600000,0,6165900000,2359400000,2407800000,206100000,206100000,1.1,1.1,0.225,522500000,-154000000,-232700000,138900000,658200000,32700000,39.63,41.74,37.52,0.2016,0.0502,9.75,4.14,21.9,3.08,0.2303,0.6463,0.2532,0.0761,0.66,1.31,0.9012
2004-03-31,189045500,378091000,2,14038300000,6620000000,10237900000,7122800000,3619700000,180700000,0,6049000000,2547700000,2231400000,135600000,135600000,0.72,0.72,0.225,-786400000,-81100000,-160900000,-1009400000,519300000,45400000,40.87,44.41,37.33,0.2071,0.0508,9.57,4.49,22.77,2.96,0.2294,0.7038,0.2578,0.0766,0.66,-2.2,0.9294
2003-12-31,190531541,381063082,2,14499456000,7285945000,10846051000,7762458000,3466059000,187346000,0,6007619000,2536595000,2506048000,221283000,221283000,1.18,1.16,0.2,1169369000,-169600000,-21952000,964820000,1528710000,45532000,39.85,43.8,35.9,0.2204,0.0524,9.1,4.86,23.3,2.85,0.2246,0.7318,0.239,0.0784,0.67,2.95,0.9386
2003-09-30,190000900,380001800,2,12680697000,5915259000,9374224000,6521375000,3117417000,189056000,0,5670146000,2524324000,2028603000,135269000,135269000,0.72,0.72,0.2,248142000,-135629000,-74861000,40858000,563890000,35457000,37.7,40.59,34.8,0.2308,0.0537,8.2,4.8,22.78,2.75,0.2308,0.8097,0.2458,0.0797,0.67,0.56,0.9071
2003-06-30,190036900,380073800,2,12589695000,5919033000,9420163000,6569528000,2985541000,183991000,0,5562290000,2523740000,2149508000,190747000,190747000,1.02,1.02,0.2,300525000,-175845000,44762000,168469000,523032000,31131000,32.39,38.22,26.57,0.245,0.0545,7.86,4.52,20.24,2.65,0.2335,0.8453,0.2371,0.0811,0.67,0.71,0.901
2003-03-31,188520800,377041600,2,11815114000,5573816000,8938030000,6254273000,2698035000,179049000,0,5003476000,2380071000,1937245000,128584000,128584000,0.69,0.69,0.2,-663794000,-47737000,406640000,-312388000,354563000,28988000,28.69,34.13,23.25,0.2631,0.0554,7.16,4.21,18.33,2.55,0.2341,0.8821,0.2284,0.0831,0.67,-1.84,0.8912
2002-12-31,188601495,377202990,2,11819802000,5637066000,9078060000,6839524000,2568927000,172815000,0,4948559000,1944898000,2118845000,201474000,201474000,1.08,0.99,0.2,1233273000,-261937000,-654280000,309302000,666951000,25917000,29.6,35.15,24.05,0.286,0.0565,6.81,4.82,19.35,2.45,0.2337,0.7571,0.2173,0.0854,0.66,3.2,0.8242
2002-09-30,188063843,376127686,2,11222307000,5314050000,8743028000,5927443000,2308105000,171174000,0,4467248000,2508709000,1768459000,126104000,126104000,0.68,0.61,0.2,160125000,-80412000,-158245000,-52322000,357649000,29270000,26.03,32.8,19.27,0.2817,0.0546,6.14,4.43,17.65,2.35,0.2481,1.0869,0.2057,0.082,0.67,0.35,0.8965
2002-06-30,187984268,375968536,2,11575553000,5689546000,9186557000,6328577000,2206736000,182260000,0,4380502000,2556063000,1916569000,187315000,187315000,1.01,0.91,0.2,365391000,-199474000,-244561000,-91740000,409971000,29745000,32.59,47.05,18.14,0.2823,0.0526,5.87,6.37,22.87,2.25,0.2619,1.1583,0.1906,0.0796,0.66,0.89,0.899
2002-03-31,187076062,374152124,2,10968837000,5444179000,8893434000,5995888000,1914604000,160799000,0,4030194000,2609771000,1732426000,128566000,128566000,0.69,0.62,0.2,-758188000,-141311000,937297000,29560000,501711000,32266000,44.77,48.15,41.38,0.2834,0.0514,5.12,7.76,32.56,2.15,0.2786,1.3631,0.1745,0.0764,0.67,-2.11,0.908
2001-12-31,188732914,377465828,2,10617414000,5233824000,8280872000,6643787000,2178419000,158123000,0,3934512000,1340105000,1970472000,164141000,164141000,0.86,0.92,0.2,1185087000,-306859000,-811785000,51006000,472151000,17908000,37.98,45.34,30.63,0.2807,0.0503,5.77,7.8,29.79,2.05,0.2871,0.6152,0.2052,0.073,0.69,3.09,0.7878
2001-09-30,185848637,371697274,2,10361118000,5205321000,8375486000,5663163000,1809299000,176333000,0,3457226000,2340308000,1571012000,92355000,92355000,0.5,0.5,0.2,113296000,-301262000,190490000,-4100000,421145000,45653000,37.08,44.6,29.55,0.2944,0.049,4.87,8.24,29.31,1.95,0.2907,1.2935,0.1746,0.0716,0.68,0.18,0.9192
2001-06-30,185606569,371213138,2,9825599000,5135246000,8002060000,5567961000,1669185000,154354000,0,3128429000,2100287000,1746788000,151366000,151366000,0.83,0.81,0.2,390967000,-284930000,-90310000,4540000,425245000,51283000,44.05,49.1,39,0.3173,0.0496,4.5,10.8,36.4,1.85,0.2818,1.2583,0.1699,0.0719,0.69,0.92,0.9223
2001-03-31,185220561,370441122,2,9227229000,4795076000,7596506000,5132089000,1511689000,119034000,0,2916547000,2133822000,1601134000,95280000,95280000,0.52,0.52,0.175,-913790000,-54801000,882406000,-96112000,420705000,34579000,43.03,47.73,38.34,0.3163,0.0476,4.08,10.25,32.11,1.75,0.2834,1.4115,0.1638,0.0707,0.67,-2.56,0.9343
2000-12-31,184372879,368745758,2,9891499000,5366883000,8205152000,6625052000,1548477000,137870000,0,2948821000,1245387000,1802447000,142206000,142206000,0.83,0.72,0.18,1176363000,-340534000,-759182000,81773000,516817000,40536000,41.23,46.13,36.34,0.3509,0.0533,4.2,11.65,31.47,1.66,0.2533,0.8043,0.1565,0.081,0.66,3.08,0.8101
2000-09-30,177060126,354120252,2,9352515000,5050930000,7978902000,5745583000,1253177000,120436000,0,2698514000,1888429000,1452523000,85664000,85664000,0.49,0.48,0.175,96061000,-134806000,34486000,-2764000,435044000,40502000,40.11,45.22,35,0.3349,0.0521,3.54,10.31,31.71,1.57,0.2624,1.5069,0.134,0.0814,0.64,0.16,0.8791
2000-06-30,177639021,355278042,2,9378992000,4913489000,7874534000,5803998000,1383689000,120769000,0,2674593000,1634770000,1520245000,127387000,127387000,0.73,0.7,0.175,315702000,-416123000,180718000,84346000,437808000,36162000,44.84,48.63,41.06,0.3355,0.0532,3.89,10.63,37.06,1.49,0.2616,1.1815,0.1475,0.0822,0.65,0.79,0.8466
2000-03-31,177644800,355289600,2,8803246000,4520236000,7180825000,5082263000,1501064000,121357000,0,2491103000,1550147000,1379015000,143538000,143538000,0.82,0.78,0.175,-902247000,-143111000,826113000,-222965000,353462000,33089000,44.88,49.81,39.94,0.3427,0.0542,4.22,10.22,44.66,1.4,0.2635,1.0327,0.1705,0.0822,0.66,-2.63,0.8894
1999-12-31,176930039,353860078,2,9017637000,4712324000,7341617000,6009063000,1552898000,123122000,0,2428385000,711632000,1502419000,119893000,119893000,0.69,0.66,0.18,1323033000,-410580000,-626703000,280412000,576427000,46492000,44.69,53.56,35.81,0.3116,0.0474,4.39,14.95,47.04,1.31,0.3084,0.4583,0.1722,0.0707,0.67,3.61,0.7842
1999-09-30,177446000,354892000,2,7461809000,4235089000,6304464000,4902544000,1060290000,97055000,0,2214221000,1153719000,1210880000,70285000,70285000,0.4,0.39,0.15,52526000,-81848000,25014000,-10675000,296015000,24692000,36.94,40.34,33.53,0.3219,0.0473,2.99,12.69,40.37,1.22,0.3165,1.0881,0.1421,0.0699,0.68,0.08,0.8639
1999-06-30,177468900,354937800,2,7226595000,4087422000,6117418000,4738008000,1032000000,77177000,0,2134534000,1148316000,1270369000,107142000,107142000,0.61,0.59,0.15,170550000,-156935000,-25966000,-3983000,306690000,31524000,38.03,42.56,33.5,0.3056,0.0471,2.91,13.44,43.71,1.15,0.3156,1.1127,0.1428,0.0698,0.67,0.39,0.8627
1999-03-31,178881900,357763800,2,6910236000,3877393000,5820616000,4472554000,1013767000,75853000,0,2049154000,1110790000,1146877000,65562000,65562000,0.37,0.37,0.15,-645085000,-118698000,425968000,-338108000,310673000,27163000,34.11,39.97,28.25,0.2823,0.0458,2.83,11.18,40.61,1.07,0.3198,1.0957,0.1467,0.0685,0.67,-1.88,0.8669
1998-12-31,178128121,356256242,2,6910060000,3981269000,5732885000,4796353000,1086468000,90707000,0,2031058000,715864000,1197979000,94381000,94381000,0.58,0.55,0.15,885545000,-83572000,-441356000,334782000,648016000,24469000,24.14,29,19.28,0.2679,0.0456,3.05,7.64,30.36,1,0.3168,0.6589,0.1572,0.0697,0.65,2.42,0.8301
1998-09-30,168695900,337391800,2,6224337000,3349458000,5079668000,3765785000,1067377000,77292000,0,1927443000,1068103000,981577000,53792000,53792000,0.32,0.32,0.125,-35891000,-130218000,159697000,-24684000,313234000,12365000,25.56,28.63,22.5,0.2628,0.0459,3.16,8.04,33.52,0.92,0.3228,1.0007,0.1715,0.07,0.66,-0.14,0.8894
1998-06-30,169718100,339436200,2,6150574000,3451138000,5000370000,3930260000,1078735000,71469000,0,1849704000,837924000,1051510000,85992000,85992000,0.51,0.5,0.125,251165000,-88762000,-111990000,59726000,337918000,30796000,23.84,24.94,22.75,0.2669,0.0476,3.18,7.92,33.34,0.86,0.3352,0.7768,0.1754,0.0711,0.67,0.65,0.8781
1998-03-31,170233266,340466532,2,5743918000,3170010000,4652495000,3791246000,1023361000,68062000,0,1765905000,651979000,860976000,50903000,50903000,0.31,0.31,0.125,-629454000,-248920000,599519000,-278244000,278192000,22109000,21.23,23.53,18.94,0.2627,0.048,3.01,8.29,30.99,0.8,0.3422,0.6371,0.1782,0.0709,0.68,-1.91,0.8361
1997-12-31,169335907,338671814,2,4965743000,2988398000,4035318000,3578985000,866739000,63686000,0,1234539000,341665000,895056000,74457000,74457000,0.49,0.46,0.13,772436000,-72770000,-381989000,318183000,556436000,28921000,18.84,21.19,16.5,0.2679,0.0501,2.56,7.45,29.55,0.73,0.3367,0.3942,0.1745,0.0712,0.7,2.2,0.835
1997-09-30,81011000,324044000,4,4388079000,2472593000,3508700000,2771992000,819796000,59583000,0,1161287000,596503000,746839000,41491000,41491000,0.51,0.51,0.25,-2679000,-111342000,77036000,-55775000,238253000,15749000,17.05,18.57,15.52,0.2564,0.0495,2.53,6.61,27.72,0.67,0.3312,0.7276,0.1868,0.0694,0.71,-0.06,0.892
1997-06-30,81405000,325620000,4,4341491000,2514854000,3428002000,2739527000,841525000,71964000,0,1148131000,545014000,786341000,66399000,66399000,0.81,0.81,0.2,239668000,-139249000,-21413000,66068000,294028000,13960000,14.02,16.07,11.97,0.2516,0.0498,2.58,5.79,24.07,0.61,0.3259,0.6477,0.1938,0.069,0.72,0.69,0.918
1997-03-31,81724000,326896000,4,4056557000,2361045000,3203900000,2497948000,792426000,60231000,0,1048982000,549471000,696577000,40068000,40068000,0.5,0.5,0.2,-475669000,-151286000,349822000,-282307000,227960000,17542000,12.19,13.22,11.15,0.2544,0.0483,2.42,4.94,21.77,0.56,0.3332,0.6934,0.1953,0.0671,0.72,-1.51,0.9452
1996-12-31,81081151,324324604,4,4055943000,2424985000,3192559000,2863076000,800678000,62706000,0,1000312000,204744000,776452000,60671000,60671000,0.75,0.73,0.2,683929000,-65187000,-288646000,319240000,510267000,10922000,11.94,12.88,11,0.2637,0.0473,2.47,5.24,22.42,0.51,0.3329,0.2557,0.1974,0.0667,0.71,2.08,0.847
1996-09-30,80693000,322772000,4,3558047000,2063730000,2766058000,2228767000,734604000,57385000,0,913243000,428139000,631772000,32233000,32233000,0.42,0.42,0.2,-12552000,-32735000,-13387000,-59105000,191027000,12471000,10.86,11.94,9.78,0.2731,0.0461,2.28,5.54,21.4,0.46,0.333,0.5828,0.2065,0.0637,0.72,-0.08,0.926
1996-06-30,75714000,302856000,4,3721126000,2257874000,3063682000,2552232000,595076000,62368000,0,877240000,400141000,666465000,52953000,52953000,0.7,0.68,0.175,221590000,-20564000,-149463000,56290000,250132000,11824000,10.85,11.63,10.06,0.2802,0.0444,1.96,5.96,22.6,0.41,0.3322,0.6724,0.1599,0.0627,0.71,0.69,0.8847
1996-03-31,74841000,299364000,4,3564101000,2131583000,2959440000,2329728000,544659000,60002000,0,829366000,523300000,566978000,30472000,30472000,0.41,0.41,0.175,-398942000,-45356000,323732000,-120157000,193842000,13560000,10.08,11.25,8.91,0.2609,0.0431,1.82,5.45,21.79,0.36,0.3431,0.9608,0.1528,0.0619,0.7,-1.38,0.9149
1995-12-31,74539342,298157368,4,3527677000,2106035000,2915446000,2502444000,551507000,60724000,0,832698000,290379000,733949000,49988000,49988000,0.64,0.62,0.17,443851000,-41678000,-323619000,80745000,313999000,12466000,8.55,9.31,7.8,0.2465,0.0431,1.85,4.67,20,0.32,0.3456,0.5265,0.1563,0.062,0.7,1.45,0.8416
1995-09-30,37629000,301032000,8,3348873000,1942577000,2748923000,2104936000,551098000,48852000,0,815303000,513100000,537666000,23678000,23678000,0.64,0.64,0.35,2146000,-12131000,17777000,11831000,233254000,15583000,7.79,8.25,7.33,0.2257,0.0415,1.83,3.8,18.88,0.28,0.3677,0.9311,0.1646,0.062,0.67,-0.04,0.9229
1995-06-30,36305100,290440800,8,3135992000,1794593000,2487736000,1990866000,595114000,53142000,0,813169000,407440000,526039000,42147000,42147000,1.17,1.14,0.31,89768000,-59824000,12187000,39486000,207877000,12676000,7.23,7.7,6.76,0.2172,0.0428,2.05,3.67,18.6,0.23,0.369,0.6846,0.1898,0.0629,0.68,0.27,0.9014
1995-03-31,36369000,290952000,8,2961570000,1647313000,2339080000,1858621000,573119000,49371000,0,793999000,403882000,459882000,24142000,24142000,0.68,0.68,0.31,-309176000,-32145000,277576000,-59860000,168391000,8843000,6.68,7.11,6.25,0.2169,None,1.97,3.57,24.74,0.19,0.3979,0.7047,0.1935,0.0616,0.69,-1.09,0.8863
1994-12-31,36115328,288922624,8,2852204000,1601935000,2269953000,1986642000,540702000,41549000,0,758460000,187338000,532195000,37566000,37566000,1.06,0.96,0.31,448533000,-86256000,-254304000,109970000,228251000,7939000,6.42,6.72,6.13,0.1671,None,1.87,3.49,None,0.15,0.5516,0.3465,0.1896,0.0456,0.7,1.52,0.8064
1994-09-30,36454400,291635200,8,2458900000,1313603000,1885416000,1460350000,537513000,35971000,0,697128000,348240000,422274000,18150000,18150000,0.52,0.52,0.31,-16720000,-38116000,15751000,-36732000,118281000,9391000,6.22,6.44,6,None,None,1.84,4.15,None,0.12,None,0.6479,0.2186,None,None,-0.09,0.8995
1994-06-30,36558600,292468800,8,2442333000,1335011000,1968775000,1581999000,438761000,34797000,0,667836000,300842000,425198000,33498000,33498000,1.02,0.95,0.31,111691000,-34317000,-39695000,36689000,155013000,10454000,5.9,6.19,5.61,None,None,1.5,3.93,None,0.08,None,0.6857,0.1796,None,None,0.35,0.8439
1994-03-31,33436400,267491200,8,2301860000,1260155000,1869788000,1384248000,400673000,31399000,0,626024000,403827000,376538000,-9089000,-9089000,-0.27,-0.27,0.31,-204279000,-14005000,151865000,-56509000,118324000,10745000,5.86,6.24,5.47,None,None,1.5,3.88,None,0.04,None,1.0079,0.1741,None,None,-0.8,0.9104
1993-12-31,33196570,265572560,8,2289863000,1274476000,1859463000,1524218000,402186000,28214000,0,603494000,278312000,None,None,None,None,None,0,None,None,None,None,174833000,0,5.5,5.81,5.19,None,None,1.51,None,None,0,None,0.692,0.1756,None,None,None,0.8362
