"Quarter end","Shares","Shares split adjusted","Split factor","Assets","Current Assets","Liabilities","Current Liabilities","Shareholders equity","Non-controlling interest","Preferred equity","Goodwill & intangibles","Long-term debt","Revenue","Earnings","Earnings available for common stockholders","EPS basic","EPS diluted","Dividend per share","Cash from operating activities","Cash from investing activities","Cash from financing activities","Cash change during period","Cash at end of period","Capital expenditures","Price","Price high","Price low","ROE","ROA","Book value of equity per share","P/B ratio","P/E ratio","Cumulative dividends per share","Dividend payout ratio","Long-term debt to equity ratio","Equity to assets ratio","Net margin","Asset turnover","Free cash flow per share","Current ratio"
2019-06-30,92256348,92256348,1,21186136000,5089964000,17438654000,6342640000,3747482000,0,0,12005479000,7209481000,4877860000,471003000,471003000,5.13,5.03,1.13,793951000,-105039000,-635969000,51184000,145577000,76519000,448.31,479.14,417.49,0.3142,0.0577,40.62,11.96,38.45,34.98,0.3149,1.9238,0.1769,0.0661,0.87,7.78,0.8025
2019-03-31,92316202,92316202,1,20961641000,4815144000,17501580000,5000556000,3460061000,0,0,12083527000,8702630000,4040861000,245237000,245237000,2.67,2.62,1.13,-35950000,-72205000,51371000,-61112000,94393000,48610000,407.15,443.3,371,0.2961,0.055,37.48,10.12,34.92,33.85,0.3124,2.5152,0.1651,0.0627,0.88,-0.92,0.9629
2018-12-31,92718270,92718270,1,19134279000,4344487000,15403534000,4297747000,3730745000,0,0,12158281000,8708057000,4064221000,100988000,100988000,1.09,1.07,0.86,512485000,-136362000,-421167000,-26006000,155505000,84773000,408.88,462.47,355.28,0.2929,0.0557,40.24,9.63,20.41,32.72,0.2895,2.3341,0.195,0.0632,0.88,4.61,1.0109
2018-09-30,93626317,93626317,1,19980696000,5038032000,16005857000,4842065000,3974839000,0,0,12253184000,8710831000,4731470000,354027000,354027000,3.8,3.72,0.86,852119000,-8295000,-808773000,26538000,181511000,40358000,439.91,479.64,400.18,0.5045,0.0947,42.45,10.96,22.4,31.86,0.1686,2.1915,0.1989,0.1092,0.87,8.67,1.0405
2018-06-30,93381022,93381022,1,20154732000,5037205000,16407643000,4190087000,3747089000,0,0,12457724000,9722918000,4773796000,403604000,403604000,4.34,4.25,0.86,538347000,-66432000,-489264000,-3640000,154973000,52571000,387.64,412.93,362.36,0.5386,0.0919,40.13,9.83,20.67,31,0.1714,2.5948,0.1859,0.1084,0.85,5.2,1.2022
2018-03-31,93545689,93545689,1,20367686000,4886903000,16677640000,4327152000,3690046000,0,0,12776277000,9891017000,3965006000,250127000,250127000,2.68,2.62,0.86,40749000,-40551000,-27449000,-45600000,158613000,34901000,408.32,435.15,381.49,0.57,0.0872,39.45,10.4,21.88,30.14,0.179,2.6805,0.1812,0.1102,0.79,0.06,1.1294
2017-12-31,93993791,93993791,1,19958427000,4465840000,16266239000,3987180000,3692188000,0,0,12816706000,9885745000,3979776000,897393000,897393000,9.63,9.44,0.85,625136000,-136669000,-475964000,-3724000,204213000,71643000,385.63,415.75,355.5,0.651,0.1036,39.28,13.16,33.39,29.28,0.1794,2.6775,0.185,0.1183,0.88,5.89,1.12
2017-09-30,93513916,93513916,1,20779657000,4683904000,18038668000,4371661000,2740989000,0,0,13386555000,10083828000,4507020000,316606000,316606000,3.4,3.33,0.85,672699000,-46463000,-613709000,-2112000,207937000,57374000,345.33,363.98,326.68,0.4829,0.0793,29.31,13.49,28.08,28.43,0.2888,3.6789,0.1319,0.0795,1,6.58,1.0714
2017-06-30,93410169,93410169,1,20717398000,4854001000,18326138000,4151913000,2391260000,0,0,13180647000,10751284000,3735817000,319111000,319111000,3.44,3.36,0.85,354317000,-8834319000,7663905000,-807759000,210049000,39787000,334.31,362.57,306.05,0.5878,0.1127,25.6,15.07,25.86,27.58,0.2702,4.4961,0.1154,0.0928,1.21,3.37,1.1691
2017-03-31,93128304,93128304,1,6988903000,3876664000,4923553000,2939002000,2065350000,0,0,1382717000,1211512000,2761387000,239152000,239152000,2.58,2.53,0.85,231816000,-29911000,-60142000,128015000,1017808000,6717000,293.48,316.66,270.29,0.7217,0.1793,22.18,14.58,24.52,26.73,0.2556,0.5866,0.2955,0.1017,1.76,2.42,1.319
2016-12-31,93307230,93307230,1,6752521000,3627298000,4874080000,2829179000,1878441000,0,0,1381902000,1211326000,2782989000,220778000,220778000,2.39,2.33,0.84,342038000,-67075000,-71647000,187224000,889793000,33036000,259.25,277.88,240.63,0.7916,0.1718,20.13,15.07,22.05,25.88,0.2751,0.6449,0.2782,0.0955,1.8,3.31,1.2821
2016-09-30,92907741,92907741,1,6917771000,3708231000,5319988000,2515807000,1597783000,0,0,1399897000,1909713000,3279462000,386733000,386733000,4.2,4.08,0.84,456551000,-87707000,-64849000,299913000,702569000,55514000,292.81,312.1,273.53,0.9413,0.1747,17.2,21.66,25.13,25.04,0.266,1.1952,0.231,0.095,1.84,4.32,1.474
2016-06-30,92221707,92221707,1,6665677000,3483942000,5419048000,2625213000,1246629000,0,0,1391770000,1909217000,3219525000,378064000,378064000,4.12,3.99,0.84,589790000,-87455000,-164925000,332108000,402656000,61031000,290.22,300.12,280.32,None,0.1785,13.52,26.82,25.55,24.2,0.2551,1.5315,0.187,0.0948,1.88,5.73,1.3271
2016-03-31,92495113,92495113,1,6038309000,2888625000,5037486000,2262561000,1000823000,0,0,1397621000,1908774000,2574024000,147128000,147128000,1.61,1.57,0.84,-79807000,-61537000,-5932000,-135196000,70548000,51011000,264.02,288.69,239.35,None,0.1778,10.82,28.06,23.64,23.36,0.2481,1.9072,0.1657,0.093,1.91,-1.41,1.2767
2015-12-31,92270422,92270422,1,5791855000,2658874000,4923945000,2141859000,867910000,0,0,1398704000,1920196000,2604292000,198017000,197238000,2.15,2.12,0.67,544959000,-126856000,-308963000,114715000,205744000,76209000,254.74,277.56,231.92,None,0.1765,9.41,24.28,24.42,22.52,0.2374,2.2124,0.1499,0.0925,1.9,5.08,1.2414
2015-09-30,93100515,93100515,1,6102023000,2924236000,5125858000,2294196000,976165000,0,0,1411839000,1920150000,3152285000,374491000,372822000,4.04,3.97,0.67,553484000,-80770000,-447194000,15961000,91029000,67310000,252,285.07,218.94,None,0.1661,10.49,31,25.69,21.85,0.2433,1.967,0.16,0.0871,1.9,5.22,1.2746
2015-06-30,93210645,93210645,1,6134664000,3005128000,5377322000,3357239000,757342000,0,0,1425602000,1122756000,3132139000,349937000,348398000,3.78,3.7,0.67,404088000,-44725000,-335331000,11055000,75068000,43295000,283.69,292.44,274.93,None,0.1566,8.13,56.4,31.35,21.18,0.2457,1.4825,0.1235,0.0828,1.88,3.87,0.8951
2015-03-31,93186295,93186295,1,5859250000,2765790000,5390078000,3379045000,469172000,0,0,1427040000,1122741000,2450284000,131404000,130929000,1.41,1.38,0.67,-55068000,-36282000,111135000,23281000,64013000,36226000,275.88,290.89,260.87,0.8089,0.1456,5.03,26.27,31.31,20.51,0.2522,2.393,0.0801,0.0782,1.85,-0.98,0.8185
2014-12-31,94894689,94894689,1,5706052000,2566780000,4709582000,2680666000,996470000,0,0,1447473000,1122715000,2569879000,132743000,132088000,1.4,1.38,0.55,200218000,-144507000,-280582000,-220614000,40732000,64163000,234.13,266.25,202.01,0.6263,0.1411,10.5,16.63,27.35,19.84,0.2481,1.1267,0.1746,0.0774,1.81,1.43,0.9575
2014-09-30,95997693,95997693,1,6317005000,3079735000,4965069000,2868382000,1351936000,0,0,1462298000,1122699000,3150570000,326240000,324248000,3.42,3.35,0.55,549730000,-81558000,-460829000,-5852000,261346000,68369000,212,222.53,201.47,0.5416,0.1346,14.08,13.64,27.32,19.29,0.3099,0.8304,0.214,0.0766,1.75,5.01,1.0737
2014-06-30,97787954,97787954,1,6341000000,3108118000,4816041000,2725284000,1524959000,0,5722000,1481639000,1122420000,3042995000,291447000,289725000,3,2.94,0.55,414699000,-38916000,-471358000,-99267000,267198000,36801000,198.13,208,188.25,0.4666,0.1217,15.54,12.1,27.22,18.74,0.3322,0.7388,0.2396,0.0729,1.66,3.86,1.1405
2014-03-31,99651879,99651879,1,6189225000,2967478000,4536186000,2452644000,1653039000,0,21588000,1487053000,1122396000,2366556000,115457000,114934000,1.16,1.14,0.55,-83119000,-45069000,-254306000,-378424000,366465000,29696000,191.46,208.63,174.29,0.4283,0.1161,16.37,11.07,26.41,18.19,0.2753,0.688,0.2636,0.072,1.6,-1.13,1.2099
2013-12-31,100296737,100296737,1,6382507000,3158717000,4607972000,2528557000,1774535000,0,40406000,1491986000,1122373000,2457526000,116123000,115505000,1.15,1.13,1,305855000,-84460000,-505784000,-290824000,744889000,58433000,182.97,195.32,170.63,0.4227,0.1163,17.29,10.22,27.03,17.64,0.2708,0.6472,0.2717,0.0734,1.57,2.47,1.2492
2013-09-30,101333029,101333029,1,6921588000,3770715000,5051937000,2406273000,1869651000,0,54946000,1482664000,1631988000,2847417000,262966000,261266000,2.6,2.55,0.5,475836000,-126460000,-50767000,294629000,1035713000,35662000,177.16,190.68,163.63,0.398,0.1095,17.91,10.11,27.42,16.64,0.2037,0.8993,0.2622,0.0704,1.55,4.34,1.567
2013-06-30,102683128,102683128,1,6408504000,3342435000,4540974000,1967505000,1867530000,0,68049000,1483450000,1631951000,2713889000,257287000,255648000,2.52,2.46,0,393206000,-79385000,-189352000,127154000,741084000,39299000,178.39,194.56,162.22,0.3903,0.1107,17.52,10.64,28.87,16.14,0.1967,0.9069,0.2808,0.0692,1.59,3.45,1.6988
2013-03-31,103164522,103164522,1,6166220000,3086752000,4353265000,1782606000,1812955000,0,82960000,1495599000,1632198000,2167168000,116185000,115546000,1.13,1.11,0.5,-91131000,-48009000,-107405000,-248660000,613930000,30241000,163.18,172.41,153.94,0.3954,0.1094,16.77,9.98,27.11,16.14,0.2681,0.9435,0.2806,0.0671,1.62,-1.18,1.7316
2012-12-31,103402093,103402093,1,6234737000,3149238000,4442933000,1876436000,1791804000,0,101086000,1503558000,1632165000,2221870000,68052000,67592000,0.66,0.65,0.39,318621000,-167416000,656204000,807409000,862590000,55511000,149.08,159.8,138.36,0.4084,0.11,16.35,9.24,27.06,15.64,0.257,0.9654,0.2712,0.0656,1.66,2.54,1.6783
2012-09-30,103107051,103107051,1,5625265000,2609395000,3845855000,2292024000,1779410000,0,115321000,1439850000,635348000,2603226000,234953000,232988000,2.29,2.24,0.39,367153000,-84901000,-273688000,8565000,55181000,30931000,136.8,150.8,122.79,0.3953,0.1053,16.14,9.95,27.53,15.25,0.2758,0.3818,0.2958,0.0611,1.71,3.26,1.1385
2012-06-30,102632285,102632285,1,5626375000,2624002000,4087122000,2531803000,1539253000,0,128390000,1437187000,635589000,2573022000,227813000,225906000,2.23,2.18,0.39,356951000,-64097000,-271733000,21123000,46616000,31790000,120.63,133.97,107.29,0.3718,0.0959,13.75,9.12,27.11,14.86,0.2985,0.4505,0.2508,0.0561,1.7,3.17,1.0364
2012-03-31,103277120,103277120,1,5456919000,2477126000,3948322000,2395212000,1508597000,0,143389000,1416640000,637884000,2136344000,100216000,99434000,0.97,0.95,0.39,-154839000,-26041000,175795000,-7203000,25493000,29203000,100.5,110.79,90.21,0.3299,0.0869,13.22,7.72,24.33,14.47,0.3243,0.4672,0.2502,0.0523,1.66,-1.78,1.0342
2011-12-31,104168777,104168777,1,5229252000,2261593000,3712333000,2162661000,1516919000,0,160273000,1413881000,639231000,2070442000,14552000,14537000,0.14,0.14,0.36,289849000,-96829000,-205714000,-13330000,32696000,56274000,81.74,90.42,73.06,0.3062,0.0811,13.02,5.81,17.54,14.08,0.344,0.4712,0.2594,0.0504,1.61,2.24,1.0457
2011-09-30,103760672,103760672,1,5490139000,2509393000,3840212000,2354729000,1635302000,14625000,175737000,1423130000,641257000,2484920000,179877000,179877000,1.74,1.7,0.36,337797000,-95549000,-270912000,-25537000,46026000,22369000,77.98,86.5,69.47,0.3445,0.0921,14.07,5.34,17.1,13.72,0.306,0.4393,0.2659,0.0582,1.58,3.04,1.0657
2011-06-30,106278767,106278767,1,5633769000,2638182000,3886957000,2389812000,1746812000,0,194275000,1433472000,644255000,2354751000,179115000,179115000,1.69,1.66,0.36,261332000,-56391000,-179927000,17616000,71563000,41590000,84.28,87.87,80.7,0.3432,0.0925,14.61,6.39,18.56,13.36,0.3119,0.415,0.2756,0.0599,1.55,2.07,1.1039
2011-03-31,106463621,106463621,1,5443653000,2466400000,3835761000,2327162000,1607892000,0,203976000,1434408000,650881000,1855586000,68316000,68316000,0.64,0.63,0.365,-153166000,-29000000,181344000,-4638000,53947000,20726000,83.01,86.77,79.25,0.3599,0.097,13.19,6.39,19.72,13,0.3121,0.4636,0.2579,0.0618,1.57,-1.63,1.0598
2010-12-31,107242439,107242439,1,5169235000,2213722000,3559795000,2063940000,1609440000,0,216753000,1422962000,648326000,1895619000,72918000,72918000,0.68,0.67,0.36,228980000,-82901000,-146626000,-6363000,58585000,45545000,77.28,84.99,69.56,0.3418,0.0944,12.99,5.85,18.71,12.64,0.3376,0.4655,0.2694,0.0595,1.59,1.71,1.0726
2010-09-30,107934798,107934798,1,5180683000,2325102000,3537547000,2125101000,1643136000,0,216753000,1424891000,705472000,2172259000,175258000,175258000,1.63,1.6,0.36,241154000,-252598000,37093000,16547000,64948000,24938000,71.53,76.92,66.13,0.3437,0.097,13.22,5.92,17.71,12.28,0.3427,0.4946,0.2753,0.0608,1.6,2,1.0941
2010-06-30,108790303,108790303,1,4740286000,2139922000,3209060000,1833541000,1531226000,0,216753000,1288378000,699815000,2143064000,181706000,181706000,1.67,1.64,0.36,352274000,-111912000,-289581000,-42772000,48401000,21441000,74.17,80.53,67.81,0.3399,0.101,12.08,6.37,19.78,11.92,0.3457,0.5324,0.2773,0.0623,1.62,3.04,1.1671
2010-03-31,109735117,109735117,1,4509146000,1950398000,3014000000,1557742000,1495146000,0,216753000,1288288000,783082000,1565482000,32603000,32603000,0.3,0.3,0.36,-115818000,-42538000,175546000,21844000,91173000,24903000,62.95,68.03,57.86,0.3104,0.097,11.65,5.41,16.7,11.56,0.3696,0.6126,0.2835,0.0607,1.6,-1.28,1.2521
2009-12-31,109565728,109565728,1,4323855000,1770019000,2832905000,1393668000,1490950000,0,216753000,1294238000,782670000,1598836000,65338000,65338000,0.61,0.59,0.35,243545000,-24204000,-182906000,36559000,69329000,23924000,60.19,64.13,56.24,0.309,0.0986,11.63,4.59,16.81,11.2,0.3704,0.6142,0.2947,0.0614,1.6,2,1.27
2009-09-30,113340736,113340736,1,4449450000,1922714000,2746598000,1886116000,1702852000,0,216753000,1309445000,289421000,1996909000,175208000,175208000,1.54,1.51,0.355,349217000,-14327000,-341031000,-16489000,32770000,22413000,56.97,62.73,51.22,0.2923,0.0946,13.11,4.37,15.96,10.85,0.3901,0.1948,0.334,0.0585,1.62,2.88,1.0194
2009-06-30,116286155,116286155,1,4502110000,1977771000,2768112000,1903730000,1733998000,0,216753000,1311707000,291025000,1947827000,158023000,158023000,1.37,1.35,0.355,378692000,-41266000,-341942000,7014000,49259000,16956000,54.53,59.17,49.9,0.2918,0.0919,13.05,4.68,14.86,10.49,0.39,0.1918,0.337,0.0566,1.62,3.11,1.0389
2009-03-31,117092100,117092100,1,4412356000,1907689000,2830397000,1962152000,1581959000,0,216753000,1308698000,297754000,1550677000,37279000,37279000,0.32,0.32,0.355,-112268000,-50602000,183049000,16033000,42245000,22436000,51.8,61.42,42.19,0.3048,0.0915,11.66,4.37,12.98,10.14,0.3774,0.2181,0.3094,0.0563,1.63,-1.15,0.9722
2008-12-31,117211712,117211712,1,4415759000,1909205000,2810111000,1936736000,1605648000,0,216753000,1306675000,303727000,1699842000,50166000,50166000,0.49,0.4,0.35,283648000,-81199000,-222578000,-14715000,26212000,25404000,54.27,60.23,48.32,0.3334,0.097,11.85,4.17,12.53,9.78,0.3454,0.2187,0.3145,0.0598,1.62,2.2,0.9858
2008-09-30,116902299,116902299,1,5069156000,2276891000,3330870000,2410859000,1738286000,0,216753000,1340156000,297391000,2268658000,177081000,177081000,1.53,1.5,0.35,329785000,-50381000,-284034000,-4647000,40927000,20914000,54.75,65,44.51,0.3642,0.105,13.02,4.44,12.5,9.43,0.3067,0.1955,0.3002,0.0649,1.62,2.64,0.9444
2008-06-30,117461490,117461490,1,5165777000,2367629000,3500248000,2570110000,1665529000,0,216753000,1329994000,294479000,2229545000,171683000,171683000,1.48,1.45,0.35,323330000,-45398000,-251463000,25449000,45574000,31061000,53.13,60.37,45.89,0.3822,0.1094,12.33,4.64,11.94,9.08,0.2913,0.2033,0.2805,0.0683,1.6,2.49,0.9212
2008-03-31,119096798,119096798,1,5010837000,2194642000,3391225000,2463947000,1619612000,0,257048000,1354480000,293499000,1781682000,77946000,77946000,0.65,0.64,0.35,-60530000,-59850000,120165000,-7200000,20125000,39824000,55.12,60.24,49.99,0.3908,0.1162,11.44,4.63,11.88,8.73,0.276,0.2154,0.2719,0.0724,1.6,-0.84,0.8907
2007-12-31,122804070,122804070,1,4855340000,2069580000,3069613000,2141385000,1785727000,0,324733000,1347757000,293454000,1853884000,100820000,100820000,0.89,0.74,0.31,310790000,-87259000,-222204000,6092000,27325000,48664000,62.39,68.03,56.75,0.4033,0.1234,11.9,5.25,13.65,8.38,0.2606,0.2009,0.3009,0.0769,1.6,2.13,0.9665
2007-09-30,125614552,125614552,1,5107885000,2320314000,3263089000,2294027000,1844796000,0,352460000,1352267000,293971000,2197042000,200349000,200349000,1.59,1.55,0.315,293065000,-143067000,-194844000,-36309000,21233000,33875000,68.18,73.96,62.4,0.3956,0.1221,11.88,5.45,15.78,8.07,0.2542,0.197,0.2922,0.0772,1.58,2.06,1.0115
2007-06-30,130815549,130815549,1,5052880000,2340274000,3037647000,2098926000,2015233000,0,377012000,1302371000,292059000,2198188000,202607000,202607000,1.56,1.52,0.315,358852000,-189243000,-407182000,-242297000,57542000,44844000,65.78,69.33,62.22,0.3753,0.118,12.52,5.73,15.93,7.76,0.2534,0.1783,0.3242,0.0753,1.57,2.4,1.115
2007-03-31,131889389,131889389,1,4943998000,2386871000,3029860000,2106989000,1914138000,0,400827000,1198350000,291634000,1756178000,111802000,111802000,0.85,0.83,0.315,-88162000,-37047000,-42387000,-169331000,299839000,38487000,66.19,71.11,61.28,0.3475,0.1151,11.47,5.71,16.07,7.44,0.2487,0.1927,0.3061,0.0736,1.56,-0.96,1.1328
2006-12-31,134452953,134452953,1,4995087000,2450281000,2999022000,2074815000,1992360000,3705000,433215000,1202386000,291876000,1794550000,98683000,98683000,0.79,0.67,0.25,278975000,-157955000,-52360000,68810000,469170000,65571000,59.96,64.76,55.16,0.3322,0.1149,11.6,5.05,14.99,7.13,0.2347,0.1872,0.3121,0.0738,1.56,1.59,1.181
2006-09-30,134822846,134822846,1,5085809000,2545062000,3023647000,2112112000,2062162000,0,460681000,1167527000,298755000,2116711000,179112000,179112000,1.34,1.3,0.25,303848000,-50706000,-101260000,151716000,400360000,49937000,50.72,57.36,44.08,0.3125,0.1137,11.88,3.56,13.45,6.88,0.2329,0.1865,0.3149,0.0715,1.59,1.88,1.205
2006-06-30,135766303,135766303,1,4935227000,2417054000,2960686000,2059088000,1969896000,4645000,34702000,1171286000,300950000,2129970000,184592000,184592000,1.37,1.33,0.25,312394000,-61962000,-489010000,-245608000,248644000,52968000,49.23,53.32,45.13,0.2933,0.111,14.25,3.64,13.99,6.63,0.2343,0.1555,0.3921,0.0692,1.6,1.91,1.1738
2006-03-31,135862858,135862858,1,5042697000,2555429000,3195464000,2299490000,1843288000,3945000,3109000,1172777000,302575000,1768528000,113671000,113671000,0.84,0.82,0.25,-79376000,-49129000,578981000,458211000,494252000,41463000,45.76,54.12,37.4,0.2888,0.1061,13.54,3.65,13.95,6.38,0.2381,0.1644,0.3649,0.0665,1.6,-0.89,1.1113
2005-12-31,135249393,135249393,1,4369195000,1894385000,2634878000,1554371000,1730612000,3705000,34702000,1178317000,486996000,1710030000,75135000,75135000,0.56,0.55,0.2,353332000,-62845000,-287265000,6205000,36041000,40049000,43.57,46.67,40.47,0.2869,0.1027,12.54,3.53,13.16,6.13,0.242,0.2872,0.3882,0.0644,1.59,2.32,1.2187
2005-09-30,136906023,136906023,1,4575442000,2048415000,2818668000,1707320000,1753069000,3705000,64394000,1203950000,487313000,1976728000,151608000,151608000,1.11,1.07,0.205,264522000,-27449000,-220248000,17316000,29836000,33530000,44.88,48.84,40.92,0.3017,0.1049,12.33,3.86,14.2,5.93,0.2314,0.2886,0.3691,0.0674,1.56,1.69,1.1998
2005-06-30,138827667,138827667,1,4614228000,2090260000,2899226000,1775232000,1710357000,4645000,97356000,1212884000,487598000,1965358000,153221000,153221000,1.12,1.08,0.205,197606000,-46031000,-147030000,5024000,12520000,39231000,44.32,47.26,41.38,0.3054,0.1014,11.62,4.22,15.02,5.72,0.2321,0.3023,0.3496,0.0676,1.5,1.14,1.1775
2005-03-31,139084063,139084063,1,4480702000,1962821000,2883091000,1778641000,1593666000,3945000,131901000,1219064000,487943000,1538545000,83294000,83294000,0.6,0.58,0.205,-98758000,-63422000,124537000,-38436000,7496000,30262000,44.38,46.51,42.25,0.3051,0.0993,10.51,4.23,16.32,5.52,0.2367,0.3338,0.3262,0.0671,1.48,-0.93,1.1036
2004-12-31,140461901,140461901,1,4274151000,1781928000,2623200000,1520137000,1647246000,3705000,171819000,1208344000,488239000,1499182000,82485000,82485000,0.59,0.58,0.17,186902000,-31638000,-208903000,-51290000,45932000,30421000,42.98,45.61,40.36,0.2973,0.0965,10.5,4.44,16.4,5.31,0.2453,0.3309,0.3452,0.0643,1.5,1.11,1.1722
2004-09-30,141346784,141346784,1,4457109000,1929195000,2883463000,1801762000,1570534000,3112000,201714000,1221665000,498423000,1677130000,132863000,132863000,0.95,0.92,0.17,213651000,-565873000,216563000,-136327000,97222000,23419000,41.03,44.11,37.95,0.3059,0.0972,9.68,4.61,16.28,5.14,0.2502,0.3641,0.3071,0.0647,1.5,1.35,1.0707
2004-06-30,142362519,142362519,1,3910735000,1928338000,2404544000,1346473000,1503340000,2851000,235985000,750442000,501190000,1617955000,126438000,126438000,0.89,0.87,0.17,247240000,-51136000,-68295000,129979000,233549000,27156000,38.59,41.63,35.55,0.3119,0.0992,8.9,4.68,16.08,4.97,0.2549,0.3955,0.3241,0.0645,1.54,1.55,1.4321
2004-03-31,143197105,143197105,1,3651248000,1682950000,2199907000,1134566000,1451341000,0,271516000,747816000,503510000,1319522000,51468000,51468000,0.36,0.35,0.17,-103112000,-33234000,-62757000,-199243000,103570000,25826000,35.75,38.54,32.95,0.2944,0.0973,8.24,4.36,15.82,4.8,0.2622,0.4268,0.3231,0.0632,1.54,-0.9,1.4833
2003-12-31,143217604,143217604,1,3682608000,1715144000,2223751000,1154170000,1458857000,0,284657000,750733000,502992000,1284539000,70829000,70829000,0.49,0.48,0.16,281836000,-36238000,-96493000,154095000,302813000,28640000,32.08,34.77,29.39,0.2719,0.0931,8.2,4.21,14.65,4.63,0.2737,0.4284,0.3189,0.0614,1.52,1.77,1.486
2003-09-30,145777038,145777038,1,3639060000,1667581000,2207096000,1196509000,1431964000,0,320665000,732446000,505123000,1503086000,120297000,120297000,0.83,0.82,0.155,205554000,-22457000,-54067000,128702000,148718000,25844000,28.61,30.75,26.47,0.254,0.0909,7.62,3.15,13.62,4.47,0.2826,0.4545,0.3054,0.0603,1.51,1.23,1.3937
2003-06-30,145968940,145968940,1,3532325000,1574894000,2163685000,1159830000,1368640000,0,41806000,736172000,505515000,1471678000,110130000,110130000,0.76,0.75,0.155,183247000,-32687000,-144409000,7182000,20016000,29059000,27.36,28.55,26.16,0.2395,0.0896,9.09,3.16,13.35,4.32,0.2904,0.381,0.3756,0.0595,1.51,1.06,1.3579
2003-03-31,146824706,146824706,1,3407840000,1457671000,2128128000,1117929000,1279712000,0,6193000,736049000,506456000,1148461000,30802000,30802000,0.21,0.21,0.155,-111708000,-44671000,4195000,-151178000,12834000,32964000,26.84,29.25,24.42,0.2429,0.0892,8.67,3.02,31.21,4.16,0.2927,0.3977,0.3737,0.0592,1.51,-0.99,1.3039
2002-12-31,146466625,146466625,1,3432312000,1505993000,2090422000,1083496000,1341890000,0,41806000,738246000,506682000,1156146000,57057000,57057000,0.4,0.41,0.15,220773000,-48138000,-59810000,114156000,164012000,36654000,25.49,29.23,21.75,0.1036,0.037,8.88,3.02,34.45,4.01,0.7049,0.3897,0.3788,0.0246,1.51,1.26,1.3899
2002-09-30,149876489,149876489,1,3436137000,1512258000,2098476000,1150426000,1337661000,0,71476000,750612000,508022000,1426266000,111333000,111333000,0.74,0.73,0.15,201825000,-42205000,-121104000,38353000,49856000,36065000,26.58,30.46,22.7,0.0937,0.0332,8.45,3.3,45.05,3.86,0.7835,0.4012,0.3685,0.0225,1.48,1.11,1.3145
2002-06-30,150505911,150505911,1,3470724000,1550935000,2153719000,1196907000,1317005000,0,105351000,753208000,507244000,1453198000,107526000,107526000,0.71,0.7,0.15,247517000,-31187000,-224153000,-7830000,11503000,35446000,30.45,33.24,27.65,0.0766,0.0267,8.05,4.04,64.79,3.71,0.956,0.4186,0.3491,0.0186,1.43,1.41,1.2958
2002-03-31,152627029,152627029,1,3433896000,1528251000,2155765000,1198439000,1278131000,0,128481000,750912000,503528000,1149178000,-148351000,-148351000,-0.98,-0.98,0.15,-111198000,-51031000,61224000,-99481000,19333000,18365000,26.57,29.65,23.5,0.0626,0.0214,7.53,3.07,15.82,3.56,1.1664,0.438,0.3348,0.0154,1.39,-0.85,1.2752
2001-12-31,152578617,152578617,1,3627925000,1506945000,2140161000,1141353000,1487764000,0,168305000,919886000,503517000,1133353000,45433000,45433000,0.3,0.29,0.15,249770000,-981000,-133095000,116300000,118814000,18497000,24.75,28.23,21.27,0.1995,0.0704,8.65,3,None,3.41,0.3445,0.3816,0.3637,0.0519,1.36,1.52,1.3203
2001-09-30,154444093,154444093,1,3692133000,1526057000,2235161000,1259813000,1456972000,0,181137000,921833000,512015000,1366768000,90321000,90321000,0.58,0.58,0.145,251217000,-40590000,-221406000,-10863000,2514000,18827000,21.91,23.88,19.95,-0.0219,-0.0079,8.26,2.78,None,3.26,None,0.4013,0.3456,None,1.35,1.5,1.2113
2001-06-30,156348879,156348879,1,3802488000,1632156000,2356859000,1386208000,1445629000,0,215770000,934794000,507392000,1407514000,90480000,90480000,0.58,0.58,0.145,228120000,-23204000,-191821000,12226000,13377000,22636000,23.12,26.51,19.73,-0.009,-0.0034,7.87,2.5,462.4,3.11,None,0.4126,0.3234,None,1.31,1.31,1.1774
2001-03-31,156664813,156664813,1,3820568000,1627006000,2370478000,1380987000,1450090000,0,0,953249000,521816000,1158370000,36924000,36924000,0.23,0.23,0.145,-167461000,-26117000,192198000,-1745000,1151000,22612000,25.38,27.25,23.52,0.0074,0.003,9.26,2.76,362.57,2.97,7.3768,0.3599,0.3795,0.0023,1.27,-1.21,1.1781
2000-12-31,159776823,159776823,1,3750670000,1551539000,2278806000,1115243000,1471864000,0,0,964632000,623587000,1148538000,-247459000,-247459000,-1.55,-1.55,0.14,209873000,-39253000,-170237000,-108000,2896000,35122000,22.72,26.56,18.88,0.0095,0.0039,9.21,2.04,11.59,2.82,5.498,0.4237,0.3924,0.0031,1.26,1.09,1.3912
2000-09-30,160559691,160559691,1,4266668000,1704547000,2476497000,1320594000,1790171000,0,0,1327968000,624382000,1411903000,106719000,106719000,0.66,0.66,0.135,233399000,-98454000,-133678000,1278000,3004000,19001000,22.25,24.63,19.88,0.1836,0.0757,11.15,2.04,11.35,2.68,0.268,0.3488,0.4196,0.0613,1.23,1.34,1.2907
2000-06-30,162667335,162667335,1,4361316000,1831152000,2582913000,1427633000,1778403000,0,0,1328892000,621094000,1429267000,115843000,115843000,0.71,0.71,0.135,79698000,-67467000,-14021000,-1907000,1726000,43976000,24.4,27.63,21.17,0.1892,0.0775,10.93,2.36,12.98,2.55,0.2586,0.3492,0.4078,0.063,1.23,0.22,1.2826
2000-03-31,163753280,163753280,1,4209541000,1732544000,2516502000,1354408000,1693039000,0,0,1310523000,624234000,1221916000,40923000,40923000,0.25,0.25,0.135,-61862000,-47864000,94505000,-14990000,3633000,34679000,20.06,23,17.13,0.1869,0.0765,10.34,1.96,11.14,2.41,0.2602,0.3687,0.4022,0.062,1.23,-0.59,1.2792
1999-12-31,165719211,165719211,1,4052090000,1597377000,2353558000,1189862000,1698532000,0,0,1314479000,624365000,1146416000,55987000,55987000,0.33,0.34,0.12,235031000,-48873000,-172093000,13610000,18623000,32360000,20.94,23.13,18.75,0.1824,0.0742,10.25,2.06,12.03,2.28,0.265,0.3676,0.4192,0.0607,1.22,1.22,1.3425
1999-09-30,165875849,165875849,1,4106695000,1665894000,2422745000,1309192000,1683950000,0,0,1328974000,624471000,1345483000,111482000,111482000,0.67,0.66,0.12,107016000,-32985000,-74815000,-2403000,5013000,33970000,24.72,30,19.44,0.1769,0.0721,10.15,2.48,14.89,2.16,0.2688,0.3708,0.41,0.0594,1.21,0.44,1.2725
1999-06-30,169256377,169256377,1,4161400000,1700513000,2475306000,1349929000,1686094000,0,0,1348658000,626806000,1384071000,107594000,107594000,0.64,0.63,0.12,153802000,-28898000,-123392000,3913000,7416000,29464000,29.94,32.88,27,0.1697,0.0691,9.96,3.2,18.71,2.04,0.2767,0.3718,0.4052,0.0573,1.21,0.73,1.2597
1999-03-31,170099266,170099266,1,4057116000,1615124000,2463175000,1337171000,1593941000,0,0,1346834000,629124000,1127867000,28797000,28797000,0.17,0.17,0.12,-10735000,-53166000,51392000,-15630000,3503000,38377000,26.88,30.69,23.06,0.1655,0.0667,9.37,2.67,17.12,1.92,0.2814,0.3947,0.3929,0.0558,1.2,-0.29,1.2079
1998-12-31,170621431,170621431,1,4065462000,1547290000,2349522000,1111973000,1715940000,0,0,1414843000,730283000,1111067000,47468000,47468000,0.26,0.28,0.11,259332000,-57866000,-185704000,15762000,19133000,37856000,25.18,29.81,20.56,0.163,0.0653,10.06,2.53,16.14,1.8,0.2815,0.4256,0.4221,0.0553,1.18,1.3,1.3915
1998-09-30,171940904,171940904,1,4191514000,1663059000,2477777000,1223124000,1713737000,0,0,1438148000,783103000,1341431000,100748000,100748000,0.59,0.58,0.112,181510000,-40106000,-158787000,-17383000,3371000,30353000,27.22,35,19.44,0.1646,0.0649,9.97,2.84,17.56,1.69,0.2786,0.457,0.4089,0.055,1.18,0.88,1.3597
1998-06-30,172895006,172895006,1,4260380000,1739997000,2602868000,1341125000,1657512000,0,0,1443621000,783132000,1377785000,99450000,99450000,0.58,0.57,0.112,117625000,-36702000,-62903000,18020000,20754000,38831000,33.97,37.88,30.06,0.1675,0.0645,9.59,3.66,22.35,1.58,0.2729,0.4725,0.3891,0.0547,1.18,0.46,1.2974
1998-03-31,173502996,173502996,1,4193811000,1679292000,2584584000,1311043000,1609227000,0,0,1457564000,791673000,1104147000,25198000,25198000,0.15,0.14,0.112,-79968000,-34000000,113172000,-796000,2734000,39089000,30.69,35.63,25.75,0.1682,0.0632,9.27,3.34,20.32,1.46,0.2714,0.492,0.3837,0.0534,1.18,-0.69,1.2809
1997-12-31,172993132,172993132,1,4035801000,1532253000,2443621000,1115663000,1592180000,0,0,1471350000,843919000,1091434000,45066000,45066000,0.27,None,0.1,181286000,-50197000,-145800000,-14711000,3530000,41894000,27.69,30.19,25.19,0.1726,0.0628,9.2,3.06,18.84,1.35,0.2651,0.53,0.3945,0.0534,1.18,0.81,1.3734
1997-09-30,172857989,172857989,1,4186506000,1653234000,2624645000,1416792000,1561861000,0,0,1203107000,799594000,1346531000,99211000,99211000,0.57,None,0.1,166416000,-48536000,-107045000,10835000,18241000,49763000,30.22,33.38,27.06,0.1742,0.0655,9.04,3.52,21.43,1.25,0.2642,0.5119,0.3731,0.0536,1.22,0.67,1.1669
1997-06-30,172640418,172640418,1,4219348000,1688123000,2736266000,1526143000,1483082000,0,0,1223596000,796233000,1373351000,93203000,93203000,0.54,None,0.1,113194000,-33918000,-130073000,-50797000,7406000,38415000,28.26,32.38,24.13,0.1726,0.0682,8.59,3.48,21.01,1.15,0.2665,0.5369,0.3515,0.0534,1.28,0.43,1.1061
1997-03-31,172344527,172344527,1,4161157000,1650303000,2759390000,1522376000,1401767000,0,0,1206596000,795673000,1069787000,23134000,23134000,0.13,None,0.1,-21366000,-927837000,1005526000,56323000,58203000,33883000,27.54,29.13,25.94,0.1703,0.0713,8.13,3.38,20.71,1.05,0.2697,0.5676,0.3369,0.0536,1.33,-0.32,1.084
1996-12-31,172155968,172155968,1,2994590000,1416187000,1593358000,1051007000,1401232000,0,0,774636000,142679000,958844000,39112000,39112000,0.23,None,0.09,132897000,-79700000,-57511000,-4314000,1880000,36751000,25.84,28.88,22.81,0.1735,0.0789,8.14,3.24,19.88,0.95,0.2641,0.1018,0.4679,0.0554,1.42,0.56,1.3475
1996-09-30,85851851,171703702,2,2942064000,1394046000,1574368000,1126633000,1367696000,0,0,749561000,137641000,1171010000,88550000,88550000,1.02,None,0.175,151479000,-45404000,-112547000,-6472000,6194000,16688000,22.34,23.56,21.13,0.1757,0.0832,7.97,2.96,18.24,0.86,0.2623,0.1006,0.4649,0.0572,1.45,0.79,1.2374
1996-06-30,85791603,171583206,2,2949834000,1456493000,1656073000,1209725000,1293761000,0,0,712724000,134638000,1145254000,81902000,81902000,0.95,None,0.175,108965000,-112081000,2933000,-183000,12666000,37390000,22.22,23.5,20.94,0.1714,0.0847,7.54,3.12,18.91,0.78,0.2725,0.1041,0.4386,0.0575,1.47,0.42,1.204
1996-03-31,85631781,171263562,2,2732329000,1333597000,1511849000,1076356000,1220480000,0,0,638505000,127393000,857771000,19593000,19593000,0.23,None,0.175,-60776000,-482563000,306704000,-236635000,12849000,31891000,21.09,22.69,19.5,0.1703,0.0889,7.13,2.97,18.03,0.69,0.2774,0.1044,0.4467,0.059,1.51,-0.54,1.239
1995-12-31,85523699,171047398,2,2141053000,1238898000,928927000,618937000,1212126000,0,0,212224000,24018000,740907000,33766000,33766000,0.4,None,0.16,161765000,-105864000,-17725000,38176000,249484000,33425000,18.97,20.75,17.19,0.1754,0.0963,7.09,2.73,16.5,0.6,0.2718,0.0198,0.5661,0.0613,1.57,0.75,2.0017
1995-09-30,84958330,169916660,2,2109531000,1282924000,930795000,618121000,1178736000,0,0,152346000,22711000,911387000,74948000,74948000,0.87,None,0.16,134421000,-53900000,-17651000,62870000,211308000,25658000,17.81,18.56,17.06,0.1789,0.0969,6.94,2.7,15.76,0.52,0.267,0.0193,0.5588,0.061,1.59,0.64,2.0755
1995-06-30,85265195,170530390,2,2084279000,1279740000,961312000,669892000,1122967000,0,0,148429000,20732000,904729000,73207000,73207000,0.85,None,0.16,47285000,-24823000,-12019000,10443000,148438000,27212000,17.84,19,16.69,0.1806,0.0972,6.59,2.86,16.14,0.44,0.2638,0.0185,0.5388,0.0605,1.61,0.12,1.9104
1995-03-31,85154748,170309496,2,2002939000,1208653000,941341000,651376000,1061598000,0,0,151960000,20752000,716796000,18733000,18733000,0.22,None,0.16,-60746000,-41215000,-11459000,-113420000,137995000,22097000,16.72,17.44,16,0.1822,None,6.23,2.7,15.48,0.36,0.2607,0.0195,0.53,0.0597,1.62,-0.49,1.8555
1994-12-31,84983104,169966208,2,1962031000,1188624000,908687000,597048000,1053344000,0,0,138243000,20465000,703638000,30679000,30679000,0.36,None,0.14,154042000,-15963000,-34234000,103845000,251415000,21730000,15.79,16.69,14.88,0.1811,None,6.2,2.56,None,0.28,0.2574,0.0194,0.5369,0.0602,1.6,0.78,1.9908
1994-09-30,85577748,171155496,2,1923946000,1149505000,867444000,573103000,1056502000,0,0,146619000,20484000,876743000,71229000,71229000,0.83,None,0.14,80056000,-21763000,-14371000,43922000,147570000,17494000,16.1,17.07,15.13,None,None,6.17,2.77,None,0.21,None,0.0194,0.5491,None,None,0.37,2.0058
1994-06-30,85499807,170999614,2,1949127000,1172611000,954321000,655301000,994806000,0,0,152901000,23497000,880531000,69155000,69155000,0.8,None,0.14,91663000,-421000,-103474000,-12232000,103648000,21465000,15.5,16.25,14.75,None,None,5.82,2.65,None,0.14,None,0.0236,0.5104,None,None,0.41,1.7894
1994-03-31,86944421,173888842,2,1896264000,1122930000,880669000,569181000,1015595000,0,0,157807000,36713000,639157000,15508000,15508000,0.17,None,0.14,-75238000,-3681000,-35293000,-114212000,115880000,17971000,16.75,17.88,15.63,None,None,5.84,2.87,None,0.07,None,0.0361,0.5356,None,None,-0.54,1.9729
1993-12-31,88541364,177082728,2,1914665000,1151087000,881494000,567501000,1033171000,0,0,154925000,37901000,None,None,None,None,None,0,None,None,None,None,230092000,0,17.56,18.75,16.38,None,None,5.83,None,None,0,None,0.0367,0.5396,None,None,None,2.0283
