"Quarter end","Shares","Shares split adjusted","Split factor","Assets","Current Assets","Liabilities","Current Liabilities","Shareholders equity","Non-controlling interest","Preferred equity","Goodwill & intangibles","Long-term debt","Revenue","Earnings","Earnings available for common stockholders","EPS basic","EPS diluted","Dividend per share","Cash from operating activities","Cash from investing activities","Cash from financing activities","Cash change during period","Cash at end of period","Capital expenditures","Price","Price high","Price low","ROE","ROA","Book value of equity per share","P/B ratio","P/E ratio","Cumulative dividends per share","Dividend payout ratio","Long-term debt to equity ratio","Equity to assets ratio","Net margin","Asset turnover","Free cash flow per share","Current ratio"
2019-03-31,98500000,98500000,1,16970800000,2885300000,9840000000,2526900000,7111300000,19500000,0,11270800000,5495600000,2791200000,185600000,185600000,1.88,1.86,0,165800000,-140500000,-103200000,-78000000,348800000,90300000,140.17,158.07,122.27,0.1264,0.054,72.2,1.98,16.3,0,0,0.7728,0.419,0.0795,0.68,0.77,1.1418
2018-12-31,98600000,98600000,1,16185300000,2835400000,9194800000,1878900000,6971400000,19100000,0,11271400000,6097500000,2787500000,157900000,157900000,1.57,1.56,0,486400000,-146900000,-802900000,-465800000,426800000,122200000,148.05,176.71,119.38,0.1252,0.0534,70.7,2.06,10.6,0,0,0.8746,0.4307,0.078,0.68,3.69,1.5091
2018-09-30,100900000,100900000,1,16661400000,3274300000,9392900000,2106200000,7248100000,20400000,0,11353600000,6097200000,2831300000,318800000,318800000,3.14,3.1,0,297000000,549900000,-174000000,671200000,892600000,48500000,177.88,188.65,167.1,0.2039,0.0861,71.83,2.58,14.11,0,0,0.8412,0.435,0.1263,0.68,2.46,1.5546
2018-06-30,101900000,101900000,1,16504500000,3021200000,9446800000,2121500000,7037700000,20000000,0,11472800000,6093300000,2866300000,233800000,233800000,2.29,2.27,0,367300000,-122000000,-373000000,-140300000,221400000,86600000,174.3,190.35,158.25,0.1919,0.0777,69.06,2.55,14.33,0,0,0.8658,0.4264,0.1159,0.67,2.75,1.4241
2018-03-31,102300000,102300000,1,16831700000,2896600000,9827500000,2104000000,6984000000,20200000,0,11913000000,6414900000,2848300000,173200000,173200000,1.7,1.67,0,154700000,-74300000,-40000000,45100000,361800000,72400000,170.72,181.72,159.71,0.1935,0.0769,68.27,2.55,13.85,0,0,0.9185,0.4149,0.1152,0.67,0.8,1.3767
2017-12-31,101900000,101900000,1,16568000000,2682600000,9717200000,2046100000,6830000000,20800000,0,11870800000,6806500000,2796300000,706800000,706800000,6.9,6.93,0,564000000,-178300000,-479400000,-92600000,316700000,92000000,156.23,165.18,147.28,0.2072,0.081,67.03,2.6,21.55,0,0,0.9966,0.4122,0.1215,0.67,4.63,1.3111
2017-09-30,101800000,101800000,1,16691800000,2900600000,10539000000,1537200000,6125900000,26900000,0,11740400000,7259600000,2655200000,180600000,180600000,1.77,1.74,0,350900000,-1313500000,1064400000,109400000,409300000,75100000,155.45,164.22,146.68,0.1305,0.0501,60.18,2.69,21.53,0,0,1.1851,0.367,0.075,0.67,2.71,1.8869
2017-06-30,101800000,101800000,1,14902500000,2515700000,9008500000,1805500000,5878100000,15900000,0,10262600000,5662400000,2542900000,188600000,188600000,1.84,1.82,0,310700000,-491400000,106700000,-65600000,299900000,70200000,144.5,154.82,134.19,0.1338,0.052,57.74,2.62,19.77,0,0,0.9633,0.3944,0.0767,0.68,2.36,1.3934
2017-03-31,102300000,102300000,1,14428000000,2486000000,8761800000,1753200000,5650700000,15500000,0,9971400000,5457300000,2447000000,192200000,192200000,1.87,1.84,0,233800000,-245500000,-59800000,-68100000,365500000,72600000,136.5,145,128,0.139,0.0533,55.24,2.54,19.44,0,0,0.9658,0.3916,0.0786,0.68,1.58,1.418
2016-12-31,102300000,102300000,1,14247000000,2478700000,8726000000,1827600000,5505800000,15200000,0,9824900000,5889500000,2428400000,194200000,194200000,1.88,1.85,0,448900000,-219600000,-348100000,-134000000,433600000,67400000,129.89,140.27,119.51,0.1361,0.0511,53.82,2.42,20.68,0,0,1.0697,0.3865,0.0759,0.67,3.73,1.3563
2016-09-30,103000000,103000000,1,14483000000,2654900000,8944000000,1912200000,5523400000,15600000,0,9846200000,5535700000,2414700000,179500000,179500000,1.74,1.71,0,260400000,-317700000,-3800000,-72000000,567600000,63600000,135.5,141.32,129.68,0.1247,0.0456,53.63,2.61,22.36,0,0,1.0022,0.3814,0.0686,0.66,1.91,1.3884
2016-06-30,102300000,102300000,1,14199000000,2644100000,8870100000,1271600000,5313000000,15900000,0,9576200000,6028600000,2430700000,198200000,198200000,1.94,1.91,0,343600000,-106800000,-301800000,-56700000,639600000,48200000,123.99,131.99,115.98,0.1232,0.0437,51.94,2.46,21.41,0,0,1.1347,0.3742,0.0665,0.66,2.89,2.0793
2016-03-31,102400000,102400000,1,14410400000,2744900000,9228100000,1642700000,5166500000,15800000,0,9662800000,5969500000,2368000000,160200000,160200000,1.58,1.55,0,123000000,-151600000,3900000,-20100000,696300000,68900000,110.89,123.99,97.79,0.1205,0.0415,50.45,2.28,26.09,0,0,1.1554,0.3585,0.0644,0.64,0.53,1.671
2015-12-31,101700000,101700000,1,14221700000,2663000000,9262400000,1701500000,4944400000,14900000,0,9551200000,5992100000,2300500000,115000000,115000000,1.13,1.11,0,384600000,-128600000,-239600000,3400000,716400000,85000000,116.77,126.24,107.3,0.0913,0.0305,48.62,2.41,25.89,0,0,1.2119,0.3477,0.0503,0.61,2.95,1.5651
2015-09-30,101200000,101200000,1,14422300000,2707100000,9493300000,1844400000,4913500000,15500000,0,9629600000,6006500000,2317300000,152800000,152800000,1.51,1.49,0,288000000,-82700000,-86700000,94000000,713000000,67800000,117.31,128.84,105.77,0.1038,0.0351,48.55,2.47,25.45,0,0,1.2224,0.3407,0.0559,0.63,2.18,1.4677
2015-06-30,100600000,100600000,1,14465200000,2586000000,9679000000,1823100000,4769700000,16500000,0,9781400000,6113200000,2269100000,168400000,168400000,1.67,1.64,0,396700000,-132300000,-118800000,172600000,619000000,68900000,122.67,129.33,116,0.1145,0.0395,47.41,2.73,26.61,0,0,1.2817,0.3297,0.0598,0.66,3.26,1.4185
2015-03-31,100400000,100400000,1,14150600000,2328500000,9616800000,1412200000,4517600000,16200000,0,9885500000,6597700000,1793200000,700000,700000,0.01,0.01,0,-86900000,-3651300000,3629700000,-133600000,446400000,33500000,119.96,131.19,108.73,0.125,0.0445,45,4.27,20.3,0,0,1.4604,0.3193,0.0626,0.71,-1.2,1.6488
2014-12-31,100300000,100300000,1,7301800000,1692700000,4463600000,976300000,2820500000,17700000,0,4575200000,2682700000,1512700000,119600000,119600000,1.41,1.37,0,213700000,-147300000,-58800000,4300000,580000000,45800000,102.72,109.84,95.61,0.1902,0.0713,28.12,3.13,17.21,0,0,0.9511,0.3863,0.085,0.84,1.67,1.7338
2014-09-30,84500000,84500000,1,7231800000,1687800000,4442600000,749000000,2770800000,18400000,0,4555800000,2917100000,1551800000,137200000,137200000,1.62,1.59,0,175600000,-55600000,-18400000,96200000,575700000,52000000,105.16,108.77,101.55,0.1988,0.0731,32.79,3.36,17.5,0,0,1.0528,0.3831,0.0872,0.84,1.46,2.2534
2014-06-30,84900000,84900000,1,7144800000,1565900000,4469100000,740800000,2656400000,19300000,0,4615000000,2909900000,1516400000,141300000,141300000,1.67,1.64,0,207400000,-39100000,-25400000,140600000,479500000,48000000,100.25,105.38,95.12,0.2072,0.0761,31.29,3.4,16.57,0,0,1.0954,0.3718,0.0905,0.84,1.88,2.1138
2014-03-31,84800000,84800000,1,6992400000,1420900000,4472500000,753600000,2501300000,18600000,0,4605500000,2903000000,1430700000,113100000,113100000,1.33,1.31,0,142300000,-108100000,-98000000,-65100000,338900000,56300000,94.63,102,87.25,0.2112,0.0793,29.5,3.24,15.02,0,0,1.1606,0.3577,0.0931,0.85,1.01,1.8855
2013-12-31,85300000,85300000,1,6965900000,1432100000,4455200000,735700000,2491300000,19400000,0,4594800000,2889100000,1437000000,126300000,126300000,1.45,1.43,0,248700000,-112800000,95400000,229900000,404000000,59100000,97.5,108,87.01,0.2186,0.0856,29.21,3.32,15.91,0,0,1.1597,0.3576,0.0988,0.87,2.22,1.9466
2013-09-30,87400000,87400000,1,6686700000,1212900000,4101100000,680600000,2565600000,20000000,0,4592300000,2553500000,1462200000,148300000,148300000,1.66,1.63,0,234200000,-47200000,-126800000,62800000,174100000,51900000,98.64,101.92,95.36,0.2117,0.0852,29.35,3.34,16.36,0,0,0.9953,0.3837,0.0983,0.87,2.09,1.7821
2013-06-30,90100000,90100000,1,6591900000,1148000000,3908100000,655100000,2663400000,20400000,0,4592900000,2390000000,1468200000,152000000,152000000,1.67,1.68,0,137600000,-138100000,-74100000,-74500000,111300000,48600000,95.69,101.69,89.68,0.2087,0.0848,29.56,3.2,16.19,0,0,0.8973,0.404,0.099,0.86,0.99,1.7524
2013-03-31,92900000,92900000,1,6569400000,1190000000,3770200000,740500000,2778300000,20900000,0,4539100000,2175000000,1440900000,147200000,147200000,1.58,1.56,0,198200000,-61500000,-412800000,-281000000,185800000,41500000,88.82,91.84,85.8,0.2098,0.0866,29.91,3.04,14.85,0,0,0.7829,0.4229,0.1,0.87,1.69,1.607
2012-12-31,93100000,93100000,1,6795000000,1391800000,4056900000,1028500000,2717400000,20700000,0,4569400000,2175000000,1405300000,120200000,120200000,1.27,1.26,0,254200000,-121900000,-130700000,800000,466800000,61500000,88.22,94.3,82.15,0.2187,0.0903,29.19,3.07,14.49,0,0,0.8004,0.3999,0.1028,0.88,2.07,1.3532
2012-09-30,94600000,94600000,1,6814300000,1455800000,4076700000,1119400000,2716700000,20900000,0,4549900000,2175000000,1419400000,148000000,148000000,1.56,1.53,0,203800000,-310700000,446600000,341600000,466000000,42800000,89.4,95.3,83.5,0.229,0.095,28.72,3.26,15.23,0,0,0.8006,0.3987,0.1062,0.89,1.7,1.3005
2012-06-30,95900000,95900000,1,6098300000,1063300000,3446300000,718500000,2631800000,20200000,0,4283000000,1975200000,1423400000,153300000,153300000,1.59,1.56,0,186300000,-65400000,-125100000,-5500000,124400000,34100000,87.94,94.33,81.56,0.2276,0.0958,27.44,3.28,15.96,0,0,0.7505,0.4316,0.1041,0.92,1.59,1.4799
2012-03-31,96800000,96800000,1,6130600000,1081900000,3512400000,769200000,2597600000,20600000,0,4296900000,1985400000,1423300000,161600000,161600000,1.66,1.63,0,197100000,-36200000,-191600000,-29400000,129900000,34700000,89.44,93.3,85.58,0.2168,0.0905,26.83,3.47,17.5,0,0,0.7643,0.4237,0.099,0.91,1.68,1.4065
2011-12-31,97200000,97200000,1,6136600000,1084800000,3612900000,797400000,2503500000,20200000,0,4302500000,2085500000,1366100000,135400000,135400000,1.37,1.37,0,278600000,-121300000,-83400000,73500000,159300000,33700000,81.36,88.15,74.57,0.2073,0.0846,25.76,3.17,16.05,0,0,0.833,0.408,0.0938,0.9,2.52,1.3604
2011-09-30,99100000,99100000,1,6053200000,1072600000,3490300000,982200000,2543300000,19600000,0,4234100000,1769300000,1404500000,134300000,134300000,1.34,1.31,0,176800000,-41700000,-166700000,-33100000,85800000,39900000,88.34,99.76,76.91,0.2067,0.0839,25.66,3.47,17.32,0,0,0.6957,0.4202,0.0943,0.89,1.38,1.092
2011-06-30,101400000,101400000,1,6168300000,1083600000,3567100000,1025700000,2579800000,21400000,0,4320300000,1788200000,1403300000,122900000,122900000,1.22,1.2,0,184900000,-72800000,-187800000,-76500000,118900000,43100000,96.52,100.94,92.09,0.2148,0.0884,25.44,4.03,18.01,0,0,0.6932,0.4182,0.0976,0.91,1.4,1.0564
2011-03-31,100200000,100200000,1,6201600000,1147600000,3780000000,1199700000,2400400000,21200000,0,4289700000,1807900000,1368400000,127100000,127100000,1.27,1.23,0,215300000,-44500000,-207100000,-35300000,195400000,29000000,89.59,92.98,86.19,0.2365,0.0987,23.96,3.63,16.65,0,0,0.7532,0.3871,0.1067,0.92,1.86,0.9566
2010-12-31,100000000,100000000,1,6187800000,1143800000,3700900000,1120500000,2466300000,20600000,0,4275400000,1826700000,1295400000,131800000,131800000,1.32,1.33,0,259200000,-995000000,868900000,133800000,230700000,31500000,82.62,89.48,75.75,0.2453,0.1057,24.66,3.7,15.44,0,0,0.7407,0.3986,0.1116,0.95,2.28,1.0208
2010-09-30,101700000,101700000,1,5047600000,948700000,2757400000,951300000,2270200000,20000000,0,3416900000,920600000,1276500000,140000000,140000000,1.37,1.34,0,176200000,-88600000,-95200000,-6900000,96900000,32800000,75.26,78.94,71.58,0.2603,0.1151,22.32,3.5,14.42,0,0,0.4055,0.4498,0.1168,0.99,1.41,0.9973
2010-06-30,102800000,102800000,1,4958400000,915800000,2730100000,895600000,2209000000,19300000,0,3372300000,939400000,1238400000,153700000,153700000,1.48,1.46,0,216200000,-177400000,-105500000,-68400000,103800000,34100000,78.06,83,73.12,0.2637,0.1146,21.49,3.76,15.61,0,0,0.4253,0.4455,0.1172,0.98,1.77,1.0226
2010-03-31,104000000,104000000,1,4934200000,981000000,2755600000,886400000,2158400000,20200000,0,3293200000,958300000,1193600000,132700000,132700000,1.27,1.25,0,232000000,-56500000,-152900000,23700000,172200000,22900000,73.29,77.09,69.49,0.2617,0.1125,20.75,3.64,14.75,0,0,0.444,0.4374,0.1148,0.98,2.01,1.1067
2009-12-31,104700000,104700000,1,4837800000,935600000,2731700000,1018400000,2106100000,0,0,3239300000,977200000,1165100000,142700000,142700000,1.34,1.3,0,224700000,-84200000,-118800000,21700000,148500000,37600000,70.28,76.74,63.81,0.2729,0.1131,20.12,3.68,14.73,0,0,0.464,0.4353,0.1157,0.98,1.79,0.9187
2009-09-30,106200000,106200000,1,4830100000,977500000,2660900000,602600000,2028800000,140400000,0,3197000000,1280000000,1185100000,131400000,131400000,1.22,1.21,0,246400000,-182900000,-164100000,-99800000,126800000,22000000,66.68,71.29,62.06,0.275,0.109,19.1,3.59,14.62,0,0,0.6309,0.42,0.1116,0.98,2.11,1.6221
2009-06-30,108300000,108300000,1,4713200000,1055000000,2574800000,553500000,2009300000,129100000,0,3011300000,1291100000,1188800000,136400000,136400000,1.26,1.24,0,182400000,-25600000,-304900000,-146600000,226600000,23500000,62.59,68.09,57.08,0.2783,0.106,18.55,3.73,14.76,0,0,0.6426,0.4263,0.1086,0.98,1.47,1.9061
2009-03-31,108300000,108300000,1,4827600000,1213900000,2890600000,597900000,1818000000,119000000,0,2975600000,1590700000,1155700000,132800000,132800000,1.23,1.22,0,208900000,-41300000,-13100000,153500000,373200000,30700000,59.58,65.9,53.25,0.2681,0.0993,16.79,3.82,14.32,0,0,0.875,0.3766,0.1025,0.97,1.65,2.0303
2008-12-31,108300000,108300000,1,4669500000,1032800000,2859900000,546900000,1688300000,121300000,0,2994800000,1600500000,1119100000,118100000,118100000,1.09,1.1,0,215300000,-44800000,2500000,170300000,219700000,36200000,62.1,71.27,52.93,0.2711,0.1001,15.59,4.04,15.37,0,0,0.948,0.3616,0.1031,0.97,1.65,1.8885
2008-09-30,108000000,108000000,1,4620800000,884900000,2819900000,1122900000,1660100000,140800000,0,3096000000,1039600000,1135100000,111900000,111900000,1.02,1,0,194400000,-113700000,-186000000,-105900000,49400000,41600000,71.65,78.29,65,0.2675,0.101,15.37,4.42,18.09,0,0,0.6262,0.3593,0.1049,0.96,1.41,0.788
2008-06-30,111200000,111200000,1,4687600000,987500000,2739100000,1043000000,1801700000,146800000,0,3069500000,1052200000,1147800000,104200000,104200000,0.94,0.92,0,194700000,-59700000,-29500000,105200000,155300000,41500000,73.42,77.95,68.89,0.2549,0.1031,16.2,4.8,17.95,0,0,0.584,0.3844,0.1076,0.96,1.38,0.9468
2008-03-31,111300000,111300000,1,4580900000,908200000,2728100000,1037100000,1702900000,149900000,0,3061800000,1064900000,1103200000,130300000,130300000,1.18,1.14,0,176500000,-177800000,-5500000,-6300000,50100000,37700000,75.61,80.77,70.46,0.2639,0.1129,15.3,4.84,19.24,0,0,0.6253,0.3717,0.1161,0.97,1.25,0.8757
2007-12-31,110500000,110500000,1,4368200000,937500000,2642900000,967900000,1725300000,0,0,2252900000,1077500000,1005800000,114400000,114400000,1.02,0.98,0,240400000,-199700000,3000000,43900000,56400000,33300000,72.38,79.64,65.13,0.2567,0.1153,15.61,4.19,19.3,0,0,0.6245,0.395,0.1172,0.98,1.87,0.9686
2007-09-30,115200000,115200000,1,4214200000,851800000,2223000000,1028100000,1991200000,0,0,2193900000,602600000,1020600000,111200000,111200000,0.95,0.92,0,130400000,-139800000,13200000,4000000,12500000,35400000,77.01,82.32,71.7,0.2427,0.1152,17.28,4.69,21.16,0,0,0.3026,0.4725,0.1177,0.98,0.82,0.8285
2007-06-30,117300000,117300000,1,4003600000,820400000,2077600000,909500000,1926000000,0,0,2085900000,602700000,1043100000,128700000,128700000,1.1,1.05,0,153100000,-14800000,-136200000,2000000,8500000,32600000,75.78,80,71.55,0.2371,0.1152,16.42,4.99,21.9,0,0,0.3129,0.4811,0.1206,0.95,1.03,0.902
2007-03-31,117600000,117600000,1,3959200000,824000000,2172100000,1031900000,1787100000,0,0,2090500000,602900000,998700000,122500000,122500000,1.01,0.98,0,185800000,12800000,-243700000,-45000000,6500000,40600000,73.3,81,65.6,0.2284,0.1118,15.2,4.54,22.62,0,0,0.3374,0.4514,0.1219,0.92,1.23,0.7985
2006-12-31,122400000,122400000,1,4000800000,887000000,2023700000,930900000,1977100000,0,0,2094200000,603000000,898700000,103700000,103700000,0.83,0.8,0,170200000,99100000,-226600000,42900000,51500000,48100000,69.57,73.94,65.21,0.2158,0.1072,16.15,4.07,20.95,0,0,0.305,0.4942,0.1202,0.89,1,0.9528
2006-09-30,125400000,125400000,1,4165400000,1033500000,2020400000,903500000,2145000000,0,0,2085000000,603100000,909900000,109600000,109600000,0.88,0.81,0,155000000,-158300000,-4300000,-8000000,8600000,25500000,65.39,68.84,61.94,0.2108,0.1044,17.11,4.07,20.63,0,0,0.2812,0.515,0.1186,0.88,1.03,1.1439
2006-06-30,125200000,125200000,1,4048700000,891500000,2038600000,931000000,2010100000,0,0,2098100000,603300000,903700000,116400000,116400000,0.94,0.87,0,128500000,-162100000,24400000,-8600000,16600000,21800000,59.59,62.8,56.39,0.2026,0.1023,16.06,3.98,19.6,0,0,0.3001,0.4965,0.1162,0.88,0.85,0.9576
2006-03-31,124700000,124700000,1,3884800000,727500000,2015800000,921200000,1869000000,0,0,2110300000,604200000,878500000,101900000,101900000,0.82,0.76,0,178600000,-52000000,-147000000,-20200000,25200000,20200000,56.53,59.39,53.68,0.1947,0.101,14.99,3.76,19.16,0,0,0.3233,0.4811,0.1149,0.88,1.27,0.7897
2005-12-31,125300000,125300000,1,3875800000,702300000,1990100000,888100000,1885700000,0,0,2122700000,604500000,822300000,88900000,88900000,0.67,0.88,0,161200000,97900000,-127000000,132100000,45400000,21100000,51.11,55,47.22,0.1889,0.1009,15.05,3.13,20.04,0,0,0.3206,0.4865,0.1161,0.87,1.12,0.7908
2005-09-30,132920243,132920243,1,3898100000,700300000,1727800000,871100000,2170300000,0,0,2147100000,538200000,852900000,94700000,94700000,0.71,0.66,0,172100000,-39800000,-113800000,18300000,52500000,25300000,49.28,51.95,46.6,0.1843,0.1016,16.33,3.14,19.33,0,0,0.248,0.5568,0.1168,0.87,1.1,0.8039
2005-06-30,135118283,135118283,1,3852700000,691600000,1734300000,299300000,2118400000,0,0,2144000000,544100000,853300000,106000000,106000000,0.79,0.74,0,86400000,-186900000,62800000,-37500000,34200000,21700000,49.04,51.25,46.83,0.1877,0.1036,15.68,3.29,19.54,0,0,0.2568,0.5498,0.1187,0.87,0.48,2.3107
2005-03-31,134614227,134614227,1,3690900000,680700000,1686900000,339800000,2004000000,0,0,1998900000,541500000,799100000,96600000,96600000,0.72,0.67,0,154500000,-169800000,-99200000,-115100000,71700000,29400000,47.62,50.6,44.63,0.1885,0.1042,14.89,3.22,19.44,0,0,0.2702,0.543,0.1189,0.88,0.93,2.0032
2004-12-31,135045777,135045777,1,3600900000,740000000,1601600000,300800000,1999300000,0,0,1857400000,538800000,766500000,84800000,84800000,0.62,0.48,0,106400000,-40500000,-91600000,-26900000,186800000,42100000,45.55,50,41.1,0.1855,0.1031,14.8,3.19,18,0,0,0.2695,0.5552,0.1177,0.88,0.48,2.4601
2004-09-30,138333416,138333416,1,3526800000,763300000,1551900000,252400000,1974900000,0,0,1863800000,536300000,781500000,92600000,92600000,0.67,0.66,0,137400000,-19200000,-67800000,51500000,213700000,17200000,40.27,43.75,36.8,0.1843,0.1024,14.28,2.93,16.5,0,0,0.2716,0.56,0.1167,0.88,0.87,3.0242
2004-06-30,139646910,139646910,1,3474900000,720800000,1553000000,792700000,1921900000,0,0,1872900000,359500000,784300000,98300000,98300000,0.7,0.7,0,146700000,-26000000,-106900000,13800000,182200000,22900000,40.52,42.47,38.57,0.184,0.1011,13.76,2.97,17.39,0,0,0.1871,0.5531,0.1147,0.88,0.89,0.9093
2004-03-31,141366619,141366619,1,3479300000,707800000,1549400000,778100000,1929900000,0,0,1846900000,360200000,752500000,87300000,87300000,0.62,0.61,0,147600000,-54200000,-47400000,46000000,169000000,18900000,40.58,44.2,36.95,0.1818,0.0985,13.65,3.2,18.2,0,0,0.1866,0.5547,0.1122,0.88,0.91,0.9097
2003-12-31,149270059,149270059,1,3414900000,657900000,1519000000,757600000,1895900000,0,0,1857300000,519800000,731500000,77600000,77600000,0.56,0.56,0,144200000,-33100000,-18600000,93000000,123000000,22900000,32.97,37.72,28.21,0.1805,0.0958,12.7,2.65,16.16,0,0,0.2742,0.5552,0.1092,0.88,0.81,0.8684
2003-09-30,143097147,143097147,1,3332100000,585000000,1549900000,762700000,1782200000,0,0,1862600000,520000000,752000000,83100000,83100000,0.58,0.57,0,161900000,-50300000,-115600000,-3900000,30000000,37900000,30.43,32.66,28.2,0.1736,0.0941,12.45,2.52,16.36,0,0,0.2918,0.5349,0.1037,0.91,0.87,0.767
2003-06-30,144849441,144849441,1,3349000000,620100000,1599800000,247100000,1749200000,0,0,1842800000,525600000,743700000,86400000,86400000,0.59,0.59,0,123200000,-39100000,-100100000,-16000000,33900000,21100000,29.29,32.63,25.94,0.1635,0.0908,12.08,2.57,16.09,0,0,0.3005,0.5223,0.098,0.93,0.7,2.5095
2003-03-31,148025467,148025467,1,3303400000,624500000,1618200000,256800000,1685200000,0,0,1832700000,523100000,712200000,73900000,73900000,0.51,0.51,0,135000000,-588000000,446600000,-6400000,50000000,15700000,26.13,30.04,22.21,0.1713,0.0981,11.38,2.4,14.72,0,0,0.3104,0.5101,0.0999,0.98,0.81,2.4319
2002-12-31,147691417,147691417,1,2611800000,596700000,1000100000,228800000,1611700000,0,0,1217500000,521500000,650100000,53000000,53000000,0.36,0.37,0,118500000,-41900000,-120500000,-42000000,56400000,19000000,26.28,34.05,18.51,0.1812,0.1077,10.91,2.47,15.55,0,0,0.3236,0.6171,0.1015,1.06,0.67,2.608
2002-09-30,147811836,147811836,1,2653600000,637700000,1078400000,405400000,1575200000,0,0,1241000000,519800000,655200000,57300000,57300000,0.39,0.39,0,121100000,-263400000,-62900000,-205200000,98400000,16200000,35.61,45.21,26,0.1903,0.1105,10.66,4.17,22.19,0,0,0.33,0.5936,0.1001,1.1,0.71,1.573
2002-06-30,147744150,147744150,1,2139400000,816900000,877500000,224400000,1261900000,0,0,981400000,513300000,612400000,78500000,78500000,0.56,0.55,0,93100000,-39700000,4800000,58600000,303600000,34300000,47.84,52.38,43.3,0.2004,0.1149,8.54,5.82,33.57,0,0,0.4068,0.5898,0.0981,1.17,0.4,3.6404
2002-03-31,71288192,142576384,2,2052300000,746000000,880200000,232600000,1172100000,0,0,968900000,511100000,590000000,65800000,65800000,0.94,0.93,0,112200000,-23900000,7500000,95800000,245000000,18000000,43.63,49.12,38.15,0.1888,0.1067,8.22,5.7,34.35,0,0,0.4361,0.5711,0.0891,1.2,0.66,3.2072
2001-12-31,70829522,141659044,2,1929600000,624500000,844200000,201200000,1085400000,0,0,968500000,508900000,563800000,40800000,40800000,0.58,0.57,0,63600000,-36700000,66800000,93700000,149200000,27000000,40.75,45,36.5,0.1783,0.0995,7.66,5.53,41.37,0,0,0.4689,0.5625,0.0816,1.22,0.26,3.1039
2001-09-30,70328277,140656554,2,1820300000,553500000,783800000,223100000,1036500000,0,0,952300000,443500000,560800000,43100000,43100000,0.62,0.61,0,113700000,-39600000,-39300000,35000000,55500000,24100000,39.55,45.67,33.42,0.1672,0.0918,7.37,5.66,43.11,0,0,0.4279,0.5694,0.0752,1.22,0.64,2.481
2001-06-30,70131790,140263580,2,1763900000,516200000,783600000,330000000,980300000,0,0,948900000,287100000,549800000,52100000,52100000,0.75,0.74,0,74200000,-138100000,17600000,-46300000,20500000,20300000,34.74,41.25,28.23,0.1652,0.0882,6.99,5.26,32.7,0,0,0.2929,0.5558,0.0729,1.21,0.38,1.5642
2001-03-31,35004234,140016936,4,1703400000,556900000,779700000,337200000,923700000,0,0,860000000,320400000,525400000,43500000,43500000,1.26,1.24,0,64500000,-15600000,-30100000,18000000,66800000,12300000,34.31,43.75,24.88,0.148,0.0782,6.6,5.45,36.5,0,0,0.3469,0.5423,0.0556,1.19,0.37,1.6515
2000-12-31,34896433,139585732,4,1666900000,511700000,789500000,311900000,877400000,0,0,865700000,353700000,486000000,20900000,20900000,0.6,0,0,69100000,-22600000,-13200000,33500000,48800000,15100000,36.41,45.75,27.07,0.1382,0.0686,6.29,6.07,37.73,0,0,0.4031,0.5264,0.0404,1.17,0.39,1.6406
2000-09-30,34766353,139065412,4,1639800000,484200000,805800000,290500000,834000000,0,0,806700000,386700000,488200000,32800000,32800000,0.98,0.95,0,47700000,-73600000,-17700000,-43900000,15300000,13700000,26.1,33.13,19.07,0.1493,0.0652,6,10.44,32.52,0,0,0.4637,0.5086,0.031,1.15,0.24,1.6668
2000-06-30,34369515,137478060,4,1633300000,529000000,1289900000,296400000,343400000,0,0,813700000,420000000,482400000,32700000,13000000,0.54,2.06,0,81400000,-38600000,-24500000,18300000,59200000,14500000,15.05,20.25,9.85,0.131,0.0558,2.5,4.17,34.4,0,0,1.2231,0.2102,0.016,1.12,0.49,1.7848
2000-03-31,13004405,52017620,4,1599900000,513700000,1412300000,264700000,187600000,0,0,801600000,449700000,462700000,25700000,10800000,0.85,0.75,0,48500000,-15200000,-32500000,600000,40900000,10800000,9.77,11.72,7.82,0.1307,0.0479,3.61,2.89,32.57,0,0,2.3971,0.1173,0.0131,1.08,0.72,1.9407
1999-12-31,129851617,51940646,0.4,1590200000,499500000,1414700000,245600000,175500000,0,0,803900000,482800000,422700000,14200000,900000,0.01,0.01,0,51600000,-24100000,-7100000,20600000,40300000,15400000,7.9,9.7,6.1,0.0893,0.0404,3.38,2.35,10.19,0,0,2.751,0.1104,0.0088,1.05,0.7,2.0338
1999-09-30,128779887,51511954,0.4,1612000000,501500000,1439100000,260500000,172900000,0,0,812600000,511100000,428600000,17200000,4100000,0.03,0.03,0,53000000,-16700000,-33400000,2800000,19700000,16700000,6.88,8.13,5.63,0.2398,0.0531,3.36,2.12,9.83,0,0,2.956,0.1073,0.0225,1.06,0.7,1.9251
1999-06-30,127136226,50854490,0.4,1627200000,513000000,1462100000,249400000,165100000,0,0,819800000,532700000,429500000,19900000,7100000,0.06,0.06,0,50800000,-20800000,-29200000,800000,16900000,20800000,5.79,7.35,4.22,0.2305,0.0496,3.25,1.85,10.07,0,0,3.2265,0.1015,0.0206,1.05,0.59,2.0569
1999-03-31,126254500,50501800,0.4,1638400000,525600000,1480300000,265900000,158100000,0,0,827400000,552700000,417900000,14100000,2900000,0.02,0.02,0,25100000,-15400000,-16100000,-6400000,16300000,15400000,4.45,5.77,3.13,0.2041,0.0457,3.13,1.45,8.9,0,0,3.4959,0.0965,0.0176,1.03,0.19,1.9767
1998-12-31,126250216,50500086,0.4,1640900000,519100000,1486500000,251400000,154400000,0,0,836200000,575500000,455200000,35300000,24900000,0.2,0.2,0,35200000,-18400000,-5700000,11100000,22700000,18400000,3.83,4.7,2.97,0.1797,0.0427,3.06,1.48,None,0,0,3.7273,0.0941,0.0151,1,0.33,2.0648
1998-09-30,125269420,50107768,0.4,1595100000,470400000,1465400000,215200000,129700000,0,0,843700000,612800000,398300000,11400000,100000,0,0,0,24400000,-24600000,-3700000,-3900000,11600000,11300000,4.46,6.1,2.82,None,-0.0528,2.59,1.72,None,0,None,4.7247,0.0813,None,0.94,0.26,2.1859
1998-06-30,125252812,50101124,0.4,1569300000,456500000,1439200000,220000000,130100000,0,0,832800000,625500000,386100000,12800000,1300000,0.01,0.01,0,37600000,-20700000,-20100000,-3200000,15500000,10300000,5.7,6.88,4.52,-0.8454,-0.0547,2.6,2.2,None,0,None,4.8078,0.0829,None,0.9,0.54,2.075
1998-03-31,124506673,49802669,0.4,1634600000,522900000,1505800000,208600000,128800000,0,0,838400000,689600000,373000000,9300000,-1900000,-0.01,-0.01,0,27900000,1900000,-34400000,-4600000,18700000,6100000,4.68,5.47,3.9,-0.6856,-0.0577,2.59,1.81,None,0,None,5.354,0.0788,None,0.87,0.44,2.5067
1997-12-31,124499287,49799714,0.4,1658500000,527600000,1529400000,196600000,129100000,0,0,851300000,649600000,361400000,-118700000,-129200000,-1.05,-1.05,0,50000000,-18100000,-29700000,2200000,23300000,18100000,5.17,7.2,3.13,-0.5679,-0.0593,2.59,0.99,None,0,None,5.0318,0.0778,None,0.84,0.64,2.6836
1997-09-30,123542614,49417045,0.4,1802100000,655200000,1543800000,193800000,258300000,0,0,867500000,713500000,376500000,5400000,-6800000,-0.05,-0.05,0,20000000,-7000000,-22700000,-9700000,21100000,7000000,6.56,6.88,6.25,0.0031,0.007,5.23,1.22,None,0,0,2.7623,0.1433,0.0005,0.83,0.26,3.3808
1997-06-30,123541076,49416430,0.4,1834000000,673700000,1569000000,212300000,265000000,0,0,874100000,728600000,389600000,4000000,4000000,0.02,None,0,64000000,-4700000,-58000000,1300000,30800000,4700000,7.82,9.7,5.95,-0.5336,-0.0733,5.36,1.48,None,0,None,2.7494,0.1445,None,0.83,1.2,3.1733
1997-03-31,122935080,49174032,0.4,1911900000,732000000,1651400000,552300000,260500000,0,0,882100000,956300000,391500000,2400000,2400000,0.02,None,0,10400000,-3100000,-7100000,200000,29500000,3100000,8.13,10,6.25,-0.5327,-0.0829,5.3,1.55,None,0,None,3.671,0.1363,None,0.84,0.15,1.3254
1996-12-31,122935080,49174032,0.4,1917000000,721500000,1658900000,252800000,258100000,0,0,891100000,1074600000,391200000,1200000,1200000,0.01,None,0,-169200000,-7000000,177300000,1100000,29300000,7800000,7.82,9.7,5.95,-0.4596,-0.0819,5.25,1.5,None,0,None,4.1635,0.1346,None,0.86,-3.6,2.854
1996-09-30,122923705,49169482,0.4,1908400000,715700000,1651500000,1511500000,256900000,0,0,885100000,9800000,402600000,-146400000,-146400000,-1.19,None,0,3400000,-15000000,15200000,3600000,28200000,12400000,13.6,19.07,8.13,-0.4144,-0.0832,5.22,1.66,108.8,0,None,0.0381,0.1346,None,0.87,-0.18,0.4735
1996-06-30,122921605,49168642,0.4,1836400000,632800000,1433100000,1308500000,403300000,0,0,890700000,9500000,410000000,-14200000,-14200000,-0.12,None,0,-40200000,-19000000,68100000,8900000,24600000,19000000,20.48,22.5,18.45,0.0158,0.0035,8.2,2.41,None,0,0,0.0236,0.2196,0.004,0.89,-1.2,0.4836
1996-03-31,122919805,49167922,0.4,1836200000,612100000,1418700000,351100000,417500000,0,0,906400000,938300000,403900000,5900000,5900000,0.05,None,0,19200000,-18100000,-1800000,-700000,15700000,14900000,20.79,23.45,18.13,-0.0469,-0.0105,8.49,2.48,None,0,None,2.2474,0.2274,None,0.87,0.09,1.7434
1995-12-31,122908722,49163488,0.4,1837200000,599900000,1425600000,350500000,411600000,0,0,916700000,940100000,403400000,400000,400000,0,None,0,42600000,-32000000,-19200000,-8600000,16400000,31100000,22.66,25,20.31,-0.0352,-0.0076,8.37,2.71,185.4,0,None,2.284,0.224,None,0.88,0.23,1.7116
1995-09-30,122908722,49163488,0.4,1826900000,591100000,1415300000,311800000,411600000,0,0,925100000,959000000,417500000,14400000,14400000,0.12,None,0,4200000,-45500000,20700000,-20600000,25000000,17200000,28.91,35,22.81,-0.0173,None,8.37,3.58,None,0,None,2.3299,0.2253,None,0.89,-0.26,1.8958
1995-06-30,122908698,49163479,0.4,1795800000,569200000,1398600000,315300000,397200000,0,0,924600000,935100000,367300000,-39900000,-39900000,-0.36,None,0,26000000,-28600000,27100000,24500000,45600000,20000000,33.76,38.13,29.38,-0.0855,None,8.08,9.27,None,0,None,2.3542,0.2212,None,0.9,0.12,1.8053
1995-03-31,122908701,49163480,0.4,1027200000,311800000,848200000,177100000,179000000,0,0,549200000,593700000,243800000,12800000,12800000,0.15,None,0,-25800000,-8900000,29000000,-5700000,21100000,7100000,35.16,38.75,31.56,None,None,3.64,5.17,None,0,None,3.3168,0.1743,None,None,-0.67,1.7606
1994-12-31,84766109,24412639,0.288,1012700000,293000000,846700000,202800000,166000000,0,0,551900000,563800000,234900000,7700000,7700000,0.1,None,0,8600000,-4100000,2700000,7200000,26800000,12000000,33.91,39.38,28.44,None,None,6.8,5.32,None,0,None,3.3964,0.1639,None,None,-0.14,1.4448
1994-09-30,84760067,24410899,0.288,1018000000,283900000,862200000,213600000,155800000,0,0,569200000,562800000,248700000,200000,200000,0,None,0,11000000,-19900000,1400000,-7500000,19600000,12200000,30.31,33.44,27.19,None,None,6.38,4.75,None,0,None,3.6123,0.153,None,None,-0.05,1.3291
1994-06-30,84753192,24408919,0.288,1016700000,305300000,860900000,196500000,155800000,0,0,552300000,562800000,None,None,None,None,None,0,None,None,None,None,27100000,0,30.47,34.38,26.56,None,None,6.38,None,None,0,None,3.6123,0.1532,None,None,None,1.5537
