"Quarter end","Shares","Shares split adjusted","Split factor","Assets","Current Assets","Liabilities","Current Liabilities","Shareholders equity","Non-controlling interest","Preferred equity","Goodwill & intangibles","Long-term debt","Revenue","Earnings","Earnings available for common stockholders","EPS basic","EPS diluted","Dividend per share","Cash from operating activities","Cash from investing activities","Cash from financing activities","Cash change during period","Cash at end of period","Capital expenditures","Price","Price high","Price low","ROE","ROA","Book value of equity per share","P/B ratio","P/E ratio","Cumulative dividends per share","Dividend payout ratio","Long-term debt to equity ratio","Equity to assets ratio","Net margin","Asset turnover","Free cash flow per share","Current ratio"
2019-05-31,260808410,260808410,1,54403000000,13086000000,36646000000,9013000000,17757000000,0,0,7300000000,16617000000,17807000000,-1969000000,-1966000000,-7.56,-7.56,0,2290000000,-1778000000,-1032000000,-553000000,2319000000,1733000000,176.56,199.32,153.79,0.0283,0.0101,68.08,2.31,13.01,12.82,1.2646,0.9358,0.3264,0.0077,1.3,2.14,1.4519
2019-02-28,260574612,260574612,1,54464000000,13500000000,34570000000,9256000000,19894000000,0,0,6916000000,17218000000,17010000000,739000000,738000000,2.83,2.8,0.65,1144000000,-1114000000,695000000,749000000,2872000000,1123000000,192.72,234.49,150.94,0.1867,0.0686,76.35,2.61,10.5,12.82,0.1877,0.8655,0.3653,0.0525,1.31,0.08,1.4585
2018-11-30,261043625,261043625,1,53289000000,13438000000,33995000000,9496000000,19294000000,0,0,6908000000,16399000000,17824000000,935000000,933000000,3.56,3.51,0.65,1478000000,-1480000000,-230000000,-246000000,2123000000,1455000000,233.57,259.25,207.9,0.2586,0.095,73.91,3.21,13.2,12.17,0.1301,0.85,0.3621,0.0722,1.31,0.09,1.4151
2018-08-31,263515857,263515857,1,51901000000,12641000000,32728000000,9606000000,19173000000,0,0,6869000000,15241000000,17052000000,835000000,834000000,3.15,3.1,1.3,701000000,-1101000000,-472000000,-896000000,2369000000,1179000000,244.56,266.67,222.44,0.2579,0.0933,72.76,3.35,14.57,11.52,0.127,0.7949,0.3694,0.0715,1.3,-1.81,1.3159
2018-05-31,265924840,265924840,1,52330000000,13341000000,32914000000,9627000000,19416000000,0,0,7453000000,15243000000,17314000000,1127000000,1126000000,4.23,4.16,0,3512000000,-1660000000,-1350000000,476000000,3265000000,1669000000,243.45,258,228.9,0.2537,0.0897,73.01,3.44,14.86,10.22,0.1173,0.7851,0.371,0.0698,1.28,6.93,1.3858
2018-02-28,267215207,267215207,1,51851000000,13575000000,32957000000,9503000000,18894000000,0,0,7464000000,16017000000,16526000000,2074000000,2071000000,7.74,7.59,0.5,-336000000,-1364000000,1685000000,21000000,2789000000,1373000000,250.42,274.66,226.17,0.2598,0.0893,70.71,3.93,23.06,10.22,0.1202,0.8477,0.3644,0.0698,1.28,-6.4,1.4285
2017-11-30,267889623,267889623,1,50281000000,12881000000,33226000000,8227000000,17055000000,0,0,7325000000,15180000000,16313000000,775000000,774000000,2.89,2.84,0.5,908000000,-1615000000,-20000000,-735000000,2768000000,1577000000,221.78,233.89,209.67,0.1816,0.0606,63.66,3.58,20.9,9.72,0.1727,0.8901,0.3392,0.0473,1.28,-2.5,1.5657
2017-08-31,268147668,268147668,1,49350000000,12722000000,32732000000,7790000000,16618000000,0,0,7382000000,15137000000,15297000000,596000000,595000000,2.22,2.19,1,590000000,-1038000000,-88000000,-466000000,3503000000,1044000000,206.97,219.99,193.94,0.1842,0.0603,61.97,3.45,18.7,9.22,0.1676,0.9109,0.3367,0.0472,1.28,-1.69,1.6331
2017-05-31,268257434,268257434,1,48552000000,12628000000,32479000000,7918000000,16073000000,0,0,7683000000,14909000000,15728000000,1020000000,1018000000,3.81,3.76,0,2285000000,-1314000000,-203000000,796000000,3969000000,1326000000,191.03,199.17,182.89,0.1998,0.064,59.92,3.36,27.06,8.22,0.1424,0.9276,0.331,0.0496,1.29,3.57,1.5948
2017-02-28,267374954,267374954,1,46781000000,11938000000,31597000000,7450000000,15184000000,0,0,7000000000,14713000000,14997000000,562000000,561000000,2.11,2.07,0.4,10000000,-1086000000,1162000000,114000000,3173000000,1109000000,192.72,201.57,183.87,0.1323,0.0413,56.79,3.53,28.22,8.22,0.2584,0.969,0.3246,0.0331,1.25,-4.11,1.6024
2016-11-30,266509290,266509290,1,46348000000,12052000000,31817000000,7807000000,14531000000,0,0,6921000000,13553000000,14931000000,700000000,700000000,2.63,2.59,0.4,1664000000,-1375000000,-118000000,70000000,3059000000,1466000000,175.39,192.58,158.2,0.1304,0.0421,54.52,3.3,26.26,7.82,0.2446,0.9327,0.3135,0.0335,1.26,0.74,1.5437
2016-08-31,265759372,265759372,1,45575000000,11401000000,31433000000,7474000000,14142000000,0,0,6783000000,13735000000,14663000000,715000000,714000000,2.69,2.65,0.8,971000000,-1206000000,-313000000,-545000000,2989000000,1215000000,157.28,169.57,145,0.1286,0.0439,53.21,3.03,24.38,7.42,0.2254,0.9712,0.3103,0.0349,1.26,-0.92,1.5254
2016-05-31,265524323,265524323,1,46064000000,11989000000,32280000000,8008000000,13784000000,0,0,6747000000,13838000000,12979000000,-70000000,-69000000,-0.25,-0.25,0.25,1912000000,-5867000000,4672000000,693000000,3534000000,1256000000,153.3,169.3,137.3,0.1246,0.0456,51.91,2.87,38.13,6.62,0.1502,1.0039,0.2992,0.0361,1.26,2.47,1.4971
2016-02-29,268423762,268423762,1,37819000000,10237000000,23492000000,5939000000,14327000000,0,0,3764000000,8477000000,12654000000,507000000,506000000,1.86,1.84,0.25,1342000000,-1029000000,-1094000000,-806000000,2841000000,1000000000,140.19,160.67,119.71,0.0763,0.0302,53.37,2.58,33.46,6.37,0.2316,0.5917,0.3788,0.0229,1.32,1.27,1.7237
2015-11-30,275615246,275615246,1,38371000000,11152000000,23381000000,5951000000,14990000000,0,0,3806000000,8481000000,12453000000,691000000,690000000,2.47,2.44,0.25,1213000000,-1351000000,257000000,104000000,3647000000,1353000000,152.47,164.94,140.01,0.0789,0.0326,54.39,2.82,39.2,6.12,0.209,0.5658,0.3907,0.0249,1.31,-0.51,1.874
2015-08-31,282379446,282379446,1,37245000000,10703000000,21962000000,5844000000,15283000000,0,0,3792000000,7244000000,12279000000,692000000,691000000,2.45,2.42,0.25,1241000000,-1199000000,-224000000,-220000000,3543000000,1209000000,157.66,185.19,130.13,0.0733,0.0317,54.12,2.97,44.16,5.87,0.2121,0.474,0.4103,0.0236,1.34,0.11,1.8315
2015-05-31,282430208,282430208,1,37069000000,10941000000,22076000000,5957000000,14993000000,0,0,4017000000,7249000000,12114000000,-752000000,-751000000,-2.68,-2.68,0.2,1893000000,-1370000000,-234000000,285000000,3763000000,1378000000,171.19,178.79,163.6,0.068,0.0303,53.09,3.03,19.65,5.62,0.2162,0.4835,0.4045,0.0221,1.37,1.82,1.8367
2015-02-28,283756646,283756646,1,36108000000,10482000000,20096000000,5243000000,16012000000,0,0,3805000000,7228000000,11716000000,580000000,579000000,2.05,2.01,0.2,1322000000,-2499000000,2433000000,1212000000,3478000000,1079000000,173.54,183.51,163.57,0.1631,0.0752,56.43,3.16,21.88,5.42,0.0673,0.4514,0.4434,0.0536,1.4,0.86,1.9992
2014-11-30,283312620,283312620,1,32984000000,9212000000,17421000000,5173000000,15563000000,0,0,2734000000,4735000000,11939000000,616000000,615000000,2.17,2.14,0.2,1169000000,-1167000000,-109000000,-150000000,2266000000,1170000000,164.08,179.79,148.37,0.152,0.0709,54.93,3.07,22.29,5.22,0.0678,0.3042,0.4718,0.0497,1.42,-0,1.7808
2014-08-31,283246379,283246379,1,32587000000,9250000000,17466000000,5153000000,15121000000,0,0,2775000000,4735000000,11684000000,606000000,605000000,2.13,2.1,0.2,982000000,-716000000,-741000000,-492000000,2416000000,720000000,146.81,155.31,138.3,0.1399,0.0671,53.38,2.74,21.62,5.02,0.0669,0.3131,0.464,0.0478,1.4,0.92,1.7951
2014-05-31,285423144,285423144,1,33070000000,9683000000,17793000000,5312000000,15277000000,0,0,2847000000,4736000000,11839000000,730000000,728000000,2.5,2.46,0,1686000000,-1020000000,-807000000,-134000000,2908000000,979000000,137.75,144.85,130.64,0.1274,0.0631,53.52,2.67,26.14,4.82,0.0889,0.31,0.462,0.0459,1.37,2.48,1.8229
2014-02-28,295516371,295516371,1,32729000000,9781000000,17502000000,5019000000,15227000000,0,0,2739000000,4735000000,11301000000,378000000,377000000,1.24,1.23,0.15,969000000,-860000000,-995000000,-893000000,3042000000,864000000,136.28,144.39,128.17,0.0984,0.05,51.53,2.43,26.36,4.82,0.1382,0.311,0.4652,0.0369,1.35,0.36,1.9488
2013-11-30,312228182,312228182,1,33542000000,10866000000,16009000000,5406000000,17533000000,0,0,2737000000,2739000000,11403000000,500000000,499000000,1.58,1.57,0.15,680000000,-1109000000,-736000000,-1161000000,3935000000,1118000000,123.47,140.55,106.38,0.0961,0.0499,56.15,2.21,24.74,4.67,0.1396,0.1562,0.5227,0.0368,1.35,-1.4,2.01
2013-08-31,316642256,316642256,1,33673000000,11493000000,16018000000,5523000000,17655000000,0,0,2712000000,2739000000,11024000000,489000000,489000000,1.54,1.53,0.3,929000000,-562000000,-181000000,179000000,5096000000,572000000,103.97,113.34,94.6,0.0953,0.0488,55.76,1.89,21.18,4.52,0.1433,0.1551,0.5243,0.0357,1.37,1.13,2.0809
2013-05-31,316584465,316584465,1,33567000000,11274000000,16169000000,5750000000,17398000000,0,0,2827000000,2739000000,11435000000,303000000,303000000,0.96,0.94,0.14,1712000000,-935000000,767000000,1545000000,4917000000,945000000,100.13,109.66,90.61,0.0973,0.049,54.96,1.97,17.57,4.22,0.1134,0.1574,0.5183,0.0352,1.39,2.42,1.9607
2013-02-28,316868914,316868914,1,31830000000,9745000000,15718000000,5099000000,16112000000,0,0,2765000000,1991000000,10953000000,361000000,360000000,1.14,1.13,0.14,1258000000,-517000000,127000000,855000000,3372000000,542000000,97.75,107.5,87.99,0.1176,0.0584,50.85,1.98,15.72,4.08,0.0961,0.1236,0.5062,0.0412,1.42,2.26,1.9112
2012-11-30,314461506,314461506,1,31312000000,9159000000,15769000000,4828000000,15543000000,0,0,2757000000,2241000000,11107000000,438000000,437000000,1.39,1.39,0.14,815000000,-908000000,-135000000,-226000000,2517000000,916000000,89.09,94.26,83.92,0.1271,0.0652,49.43,1.86,13.92,3.94,0.0865,0.1442,0.4964,0.0452,1.44,-0.32,1.8971
2012-08-31,314090117,314090117,1,30691000000,8877000000,15667000000,4809000000,15024000000,0,0,2734000000,2242000000,10792000000,459000000,458000000,1.46,1.45,0.14,903000000,-1443000000,425000000,-100000000,2743000000,972000000,88.48,93.17,83.8,0.1301,0.0688,47.83,1.9,13.8,3.8,0.0825,0.1492,0.4895,0.0471,1.46,-0.22,1.8459
2012-05-31,316599754,316599754,1,29903000000,9056000000,15176000000,5374000000,14727000000,0,0,2421000000,1250000000,11008000000,550000000,550000000,1.75,1.73,0.13,1818000000,-1009000000,14000000,803000000,2843000000,1061000000,90.88,96.89,84.86,0.129,0.0707,46.52,1.73,14.09,3.66,0.081,0.0849,0.4925,0.0475,1.49,2.39,1.6852
2012-02-29,315367909,315367909,1,28752000000,8198000000,12183000000,5152000000,16569000000,0,0,2419000000,1251000000,10564000000,521000000,521000000,1.66,1.65,0.13,849000000,-724000000,2000000,144000000,2040000000,729000000,87.07,97.19,76.95,0.1285,0.0726,52.54,1.72,15.75,3.53,0.0791,0.0755,0.5763,0.0482,1.5,0.38,1.5912
2011-11-30,314484094,314484094,1,28452000000,8168000000,12535000000,5380000000,15917000000,0,0,2399000000,1251000000,10587000000,497000000,495000000,1.57,1.57,0.13,1308000000,-1100000000,-234000000,-63000000,1896000000,1107000000,74.91,85.75,64.07,0.1132,0.0637,50.61,1.51,15.45,3.4,0.0905,0.0786,0.5594,0.0423,1.5,0.64,1.5182
2011-08-31,317217726,317217726,1,27838000000,7963000000,12124000000,4981000000,15714000000,0,0,2435000000,1367000000,10521000000,464000000,463000000,1.46,1.46,0.13,860000000,-1216000000,-26000000,-369000000,1959000000,1110000000,85.41,98.66,72.16,0.1017,0.0571,49.54,1.78,18.61,3.27,0.101,0.087,0.5645,0.038,1.5,-0.79,1.5987
2011-05-31,317027077,317027077,1,27385000000,8285000000,12165000000,4882000000,15220000000,0,0,2364000000,1667000000,10552000000,558000000,558000000,1.77,1.77,0.12,1584000000,-635000000,13000000,969000000,2328000000,643000000,90.96,96.89,85.03,0.0987,0.0554,48.01,1.93,21.97,3.14,0.1043,0.1095,0.5558,0.0369,1.5,2.97,1.6971
2011-02-28,315657943,315657943,1,26202000000,7238000000,11322000000,4574000000,14880000000,0,0,2321000000,1667000000,9663000000,231000000,231000000,0.73,0.73,0.12,446000000,-732000000,-241000000,-518000000,1359000000,644000000,93.03,98.52,87.54,0.0914,0.0513,47.14,2.01,22.31,3.02,0.0864,0.112,0.5679,0.0344,1.49,-0.63,1.5824
2010-11-30,315020546,315020546,1,26093000000,7398000000,11532000000,4863000000,14561000000,0,0,2224000000,1667000000,9632000000,283000000,283000000,0.9,0.89,0.12,1215000000,-1043000000,-18000000,168000000,1877000000,1047000000,86.03,93.03,79.04,0.0928,0.0523,46.22,1.91,19.64,2.9,0.0833,0.1145,0.558,0.0355,1.47,0.53,1.5213
2010-08-31,314641838,314641838,1,25212000000,7036000000,11007000000,4541000000,14205000000,0,0,2211000000,1668000000,9457000000,380000000,380000000,1.21,1.2,0.12,796000000,-1009000000,-41000000,-243000000,1709000000,1012000000,78.76,87.74,69.78,0.0978,0.0556,45.15,1.79,20.95,2.78,0.0771,0.1174,0.5634,0.0382,1.45,-0.69,1.5494
2010-05-31,314540141,314540141,1,24902000000,7284000000,11091000000,4645000000,13811000000,0,0,2200000000,1668000000,9428000000,419000000,419000000,1.34,1.32,0,1230000000,-831000000,14000000,403000000,1952000000,800000000,88.02,97.75,78.29,0.0844,0.0482,43.91,1.92,None,2.66,0.1162,0.1208,0.5546,0.0341,1.41,1.37,1.5681
2010-02-28,313190004,313190004,1,24876000000,6683000000,10496000000,4372000000,14380000000,0,0,2229000000,1668000000,8701000000,239000000,239000000,0.76,0.76,0.11,551000000,-434000000,-25000000,84000000,1549000000,432000000,83.88,92.59,75.17,-0.0079,-0.0046,45.91,1.85,None,2.66,None,0.116,0.5781,None,1.36,0.38,1.5286
2009-11-30,312915326,312915326,1,24594000000,6434000000,10426000000,4119000000,14168000000,0,0,2237000000,1918000000,8596000000,345000000,345000000,1.1,1.1,0.11,459000000,-662000000,-131000000,-324000000,1465000000,669000000,76.75,85.43,68.06,-0.0177,-0.0102,45.28,1.74,None,2.55,None,0.1354,0.5761,None,1.31,-0.67,1.562
2009-08-31,312518509,312518509,1,23857000000,6388000000,10071000000,3886000000,13786000000,0,0,2233000000,1918000000,8009000000,181000000,181000000,0.58,0.58,0.22,898000000,-854000000,-550000000,-503000000,1789000000,880000000,60.02,70.27,49.76,-0.0072,-0.0041,44.11,1.38,200.07,2.44,None,0.1391,0.5779,None,1.32,0.06,1.6438
2009-05-31,312334216,312334216,1,24244000000,7116000000,10618000000,4524000000,13626000000,0,0,3400000000,1930000000,7852000000,-876000000,-876000000,-2.82,-2.82,0.11,532000000,-431000000,-500000000,-381000000,2292000000,472000000,48.09,62.16,34.02,0.0066,0.0038,43.63,0.96,20.46,2.22,1.3988,0.1416,0.562,0.0028,1.37,0.19,1.5729
2009-02-28,311358341,311358341,1,27006000000,7373000000,11455000000,4893000000,15551000000,0,0,4311000000,1918000000,8137000000,97000000,97000000,0.31,0.31,0.11,766000000,-595000000,960000000,1131000000,2673000000,600000000,59.66,76.94,42.37,0.0483,0.0279,49.95,1.2,18.08,2.11,0.1826,0.1233,0.5758,0.0195,1.43,0.53,1.5068
2008-11-30,311291988,311291988,1,26384000000,6834000000,10903000000,5523000000,15481000000,0,0,4192000000,918000000,9538000000,493000000,493000000,1.59,1.58,0.11,757000000,-736000000,-30000000,-31000000,1542000000,751000000,75.28,96.65,53.9,0.0694,0.0401,49.73,1.55,23.09,2,0.1269,0.0593,0.5868,0.0265,1.51,0.02,1.2374
2008-08-31,311241913,311241913,1,26143000000,7174000000,11003000000,5519000000,15140000000,0,0,4126000000,1007000000,9970000000,384000000,384000000,1.24,1.23,0.11,698000000,-621000000,-30000000,34000000,1573000000,636000000,82.51,93.69,71.33,0.0705,0.0403,48.64,1.77,22.86,1.89,0.1254,0.0665,0.5791,0.0262,1.54,0.2,1.2999
2008-05-31,311187628,311187628,1,25633000000,7244000000,11107000000,5368000000,14526000000,0,0,4084000000,1506000000,9866000000,-241000000,-241000000,-0.77,-0.77,0.1,1293000000,-770000000,5000000,528000000,1539000000,791000000,90.98,99.46,82.5,0.0808,0.0457,46.68,1.99,14.35,1.78,0.1102,0.1037,0.5667,0.0296,1.54,1.61,1.3495
2008-02-29,310064047,310064047,1,24596000000,6431000000,10404000000,4612000000,14192000000,0,0,4851000000,2006000000,9437000000,393000000,393000000,1.27,1.26,0.1,913000000,-625000000,-107000000,181000000,1011000000,643000000,90.77,101.53,80,0.1468,0.0816,45.77,2.04,14.12,1.68,0.0611,0.1413,0.577,0.0531,1.54,0.87,1.3944
2007-11-30,309464551,309464551,1,24347000000,6351000000,10587000000,4910000000,13760000000,0,0,4771000000,2007000000,9451000000,479000000,479000000,1.55,1.54,0.1,475000000,-731000000,-26000000,-282000000,830000000,747000000,101.19,111.29,91.1,0.1522,0.0824,44.46,2.37,15.5,1.58,0.0586,0.1459,0.5652,0.055,1.5,-0.88,1.2935
2007-08-31,309265298,309265298,1,23906000000,6228000000,10685000000,4695000000,13221000000,0,0,4735000000,2007000000,9199000000,494000000,494000000,1.6,1.58,0.1,803000000,-771000000,-489000000,-457000000,1112000000,766000000,109.2,119.1,99.3,0.1582,0.0834,42.75,2.66,16.85,1.48,0.056,0.1518,0.553,0.0567,1.47,0.12,1.3265
2007-05-31,308769004,308769004,1,24000000000,6629000000,11344000000,5428000000,12656000000,0,0,4735000000,2007000000,9151000000,610000000,610000000,1.98,1.96,0.09,1459000000,-1056000000,-604000000,-201000000,1569000000,770000000,110.39,116.76,104.01,0.1605,0.0827,40.99,2.61,17.41,1.38,0.0549,0.1586,0.5273,0.0572,1.44,2.23,1.2213
2007-02-28,307801104,307801104,1,24973000000,6767000000,11963000000,5770000000,13010000000,0,0,4498000000,2005000000,8592000000,420000000,420000000,1.37,1.35,0.09,756000000,-857000000,16000000,-85000000,1770000000,653000000,114.03,121.42,106.63,0.1608,0.082,42.27,2.79,17.9,1.29,0.0544,0.1541,0.521,0.0571,1.44,0.33,1.1728
2006-11-30,307117815,307117815,1,24713000000,6843000000,12155000000,5974000000,12558000000,0,0,4246000000,2047000000,8926000000,511000000,511000000,1.67,1.64,0.09,683000000,-1517000000,-1000000,-835000000,1855000000,760000000,109.28,119.21,99.34,0.1686,0.0854,40.89,2.79,17.46,1.2,0.0526,0.163,0.5082,0.0583,1.46,-0.25,1.1455
2006-08-31,306633491,306633491,1,23878000000,7342000000,11857000000,5623000000,12021000000,0,0,4070000000,2090000000,8545000000,475000000,475000000,1.55,1.53,0.09,665000000,-694000000,782000000,753000000,2690000000,699000000,108.27,118.74,97.79,0.1731,0.087,39.2,2.88,18.57,1.11,0.0519,0.1739,0.5034,0.0586,1.48,-0.11,1.3057
2006-05-31,306410446,306410446,1,22690000000,6464000000,11179000000,5473000000,11511000000,0,0,4107000000,1592000000,8494000000,568000000,568000000,1.86,1.82,0.08,1457000000,-642000000,1000000,816000000,1937000000,662000000,113,120.01,106,0.1689,0.084,37.57,3.16,20.66,1.02,0.054,0.1383,0.5073,0.0559,1.5,2.59,1.1811
2006-02-28,305115801,305115801,1,21539000000,5514000000,10615000000,4511000000,10924000000,0,0,4159000000,2209000000,8003000000,428000000,428000000,1.41,1.38,0.08,1084000000,-523000000,-226000000,335000000,1121000000,530000000,102.31,108.83,95.79,0.1651,0.0805,35.8,2.99,19.98,0.94,0.0558,0.2022,0.5072,0.0535,1.51,1.82,1.2223
2005-11-30,303881824,303881824,1,21211000000,5292000000,10803000000,4791000000,10408000000,0,0,4107000000,2203000000,8090000000,471000000,471000000,1.55,1.53,0.08,352000000,-619000000,2000000,-265000000,786000000,655000000,87.81,98.81,76.81,0.1613,0.0763,34.25,2.68,18.53,0.86,0.0577,0.2117,0.4907,0.0511,1.49,-1,1.1046
2005-08-31,303038948,303038948,1,20586000000,5246000000,10657000000,4525000000,9929000000,0,0,4183000000,2408000000,7707000000,339000000,339000000,1.12,1.1,0.08,783000000,-670000000,-101000000,12000000,1051000000,671000000,85.49,91.43,79.55,0.1558,0.0716,32.76,2.7,18.11,0.78,0.0601,0.2425,0.4823,0.0484,1.48,0.37,1.1593
2005-05-31,302630105,302630105,1,20404000000,5269000000,10816000000,4734000000,9588000000,0,0,4220000000,2427000000,7715000000,448000000,448000000,1.48,1.46,0.07,1157000000,-575000000,-627000000,-45000000,1039000000,575000000,92.49,101.87,83.11,0.1615,0.0723,31.68,3.06,20.02,0.7,0.0583,0.2531,0.4699,0.0493,1.46,1.92,1.113
2005-02-28,302074178,302074178,1,20375000000,5272000000,11253000000,5180000000,9122000000,0,0,4364000000,2441000000,7339000000,317000000,317000000,1.05,1.03,0.07,721000000,-481000000,-95000000,145000000,1084000000,486000000,95.34,100.92,89.75,0.1646,0.0716,30.2,3.27,22.33,0.63,0.0575,0.2676,0.4477,0.0493,1.45,0.78,1.0178
2004-11-30,301317517,301317517,1,20037000000,5133000000,11241000000,4914000000,8796000000,0,0,4291000000,2740000000,7334000000,354000000,354000000,1.18,1.15,0.07,502000000,-901000000,-50000000,-449000000,939000000,780000000,89.25,96.63,81.88,0.1588,0.0678,29.19,3.2,26.1,0.56,0.0599,0.3115,0.439,0.0475,1.43,-0.92,1.0446
2004-08-31,300571051,300571051,1,19379000000,5271000000,10990000000,4658000000,8389000000,0,0,3971000000,2744000000,6975000000,330000000,330000000,1.1,1.08,0.07,737000000,-391000000,-4000000,342000000,1388000000,395000000,77.88,83.47,72.28,0.1323,0.0569,27.91,2.91,28.22,0.49,0.0691,0.3271,0.4329,0.04,1.42,1.14,1.1316
2004-05-31,299997050,299997050,1,19134000000,4970000000,11098000000,4732000000,8036000000,0,0,4000000000,2837000000,7041000000,412000000,412000000,1.37,1.36,0.06,1288000000,-374000000,-343000000,571000000,1046000000,379000000,70.97,76.07,65.88,0.1104,0.0485,26.79,2.79,30.59,0.42,0.0785,0.353,0.42,0.0339,1.43,3.03,1.0503
2004-02-29,298719743,298719743,1,18349000000,4365000000,10748000000,5666000000,7601000000,0,0,3236000000,1859000000,6062000000,207000000,207000000,0.69,0.68,0.06,472000000,-2692000000,1665000000,-555000000,475000000,284000000,70,75.15,64.84,0.0953,0.0432,25.45,2.82,32.86,0.36,0.0888,0.2446,0.4142,0.03,1.44,0.63,0.7704
2003-11-30,298384140,298384140,1,16214000000,4559000000,8804000000,3716000000,7410000000,0,0,1063000000,1893000000,5920000000,91000000,91000000,0.31,0.3,0.05,687000000,-305000000,-58000000,324000000,1030000000,308000000,70.88,78.05,63.7,0.0889,0.0417,24.83,2.89,26.85,0.3,0.0924,0.2555,0.457,0.0281,1.48,1.27,1.2269
2003-08-31,298293433,298293433,1,15465000000,4093000000,8138000000,3241000000,7327000000,0,0,1063000000,1815000000,5687000000,128000000,128000000,0.43,0.42,0.05,573000000,-291000000,-114000000,168000000,706000000,300000000,63.98,68.96,59.01,0.1121,0.0532,24.56,2.62,23.35,0.25,0.0746,0.2477,0.4738,0.0352,1.51,0.92,1.2629
2003-05-31,298503301,298503301,1,15385000000,3941000000,8097000000,3335000000,7288000000,0,0,1063000000,1709000000,5830000000,280000000,280000000,0.95,0.92,0.05,965000000,-336000000,-277000000,352000000,538000000,337000000,56.27,64.35,48.18,0.1191,0.0565,24.42,2.39,21.64,0.2,0.0719,0.2345,0.4737,0.0369,1.53,2.1,1.1817
2003-02-28,298340416,298340416,1,14846000000,3586000000,7818000000,3447000000,7028000000,0,0,1063000000,1526000000,5545000000,147000000,147000000,0.49,0.49,0.05,-233000000,-277000000,177000000,-333000000,186000000,286000000,53.15,58.6,47.7,0.1159,0.055,23.56,2.3,21.26,0.15,0.0569,0.2171,0.4734,0.0356,1.55,-1.74,1.0403
2002-11-30,298445880,298445880,1,14483000000,3963000000,7587000000,3216000000,6896000000,0,0,1063000000,1775000000,5667000000,245000000,245000000,0.82,0.81,0.05,658000000,-346000000,-26000000,286000000,519000000,352000000,49.5,56.24,42.75,0.1149,0.0542,23.11,2.22,19.8,0.1,0.0393,0.2574,0.4761,0.0352,1.54,1.03,1.2323
2002-08-31,298195388,298195388,1,14003000000,3699000000,7346000000,3052000000,6657000000,0,0,1063000000,1775000000,5445000000,158000000,158000000,0.53,0.52,0.05,481000000,-531000000,-48000000,-98000000,233000000,536000000,50.48,57.25,43.71,0.1178,0.055,22.32,2.3,21.57,0.05,0.0196,0.2666,0.4754,0.0361,1.52,-0.18,1.212
2002-05-31,297626098,297626098,1,13812000000,3665000000,7267000000,2942000000,6545000000,0,0,1063000000,1800000000,5416000000,236000000,236000000,0.79,0.78,0,788000000,-345000000,-332000000,111000000,331000000,314000000,55.6,61.35,49.85,0.1129,0.0519,21.99,2.62,28.66,0,0,0.275,0.4739,0.0345,1.51,1.59,1.2458
2002-02-28,298419197,298419197,1,13697000000,3525000000,7370000000,3104000000,6327000000,0,0,1027000000,1809000000,5019000000,120000000,120000000,0.4,0.39,0,376000000,-352000000,-52000000,-28000000,220000000,364000000,52.02,58.91,45.13,0.0959,0.0433,21.2,2.48,27.09,0,0,0.2859,0.4619,0.0289,1.5,0.04,1.1356
2001-11-30,298341329,298341329,1,13691000000,3650000000,7438000000,3141000000,6253000000,0,0,1027000000,1896000000,5135000000,245000000,245000000,0.82,0.81,0,736000000,-432000000,-166000000,138000000,248000000,437000000,40.33,47.5,33.15,0.0962,0.0426,20.96,2,22.66,0,0,0.3032,0.4567,0.0286,1.49,1,1.1621
2001-08-31,298121834,298121834,1,13485000000,3478000000,7464000000,3049000000,6021000000,0,0,1027000000,2050000000,5037000000,109000000,109000000,0.37,0.36,0,328000000,-483000000,144000000,-11000000,110000000,500000000,39.78,43.58,35.99,0.0919,0.0397,20.2,2.01,19.89,0,0,0.3405,0.4465,0.0264,1.51,-0.58,1.1407
2001-05-31,297508056,297508056,1,13340012000,3449061000,7439592000,3249516000,5900420000,0,0,1082223000,1900119000,5116603000,113218000,113218000,0.38,0.38,0,1017853000,-466236000,-570259000,-18642000,121302000,346566000,39.87,44.24,35.5,0.1073,0.0457,19.83,2.05,16.21,0,0,0.322,0.4423,0.0298,1.54,2.26,1.0614
2001-02-28,297109218,297109218,1,13519731000,3648382000,7741152000,2865313000,5778579000,0,0,1097950000,2658776000,4838780000,108689000,108689000,0.38,0.37,0,191386000,-911971000,205752000,-514833000,139944000,452996000,42.38,48.4,36.35,0.1386,0.0581,19.45,2.35,17.09,0,0,0.4601,0.4274,0.037,1.57,-0.88,1.2733
2000-11-30,285523518,285523518,1,12487171000,4048557000,7340178000,3018453000,5146993000,0,0,499762000,2230156000,4894921000,193804000,193804000,0.68,0.67,0,522379000,-392250000,348059000,478188000,654777000,478697000,43.95,49.85,38.04,0.1476,0.061,18.03,2.52,18.47,0,0,0.4333,0.4122,0.0378,1.61,0.15,1.3413
2000-08-31,285037989,285037989,1,11757759000,3409121000,6796197000,2836892000,4961562000,0,0,494878000,1894854000,4778736000,168660000,168660000,0.59,0.58,0,312188000,-342258000,138700000,108630000,176589000,340681000,38.41,43.44,33.38,0.1467,0.0602,17.41,2.29,16.56,0,0,0.3819,0.422,0.0373,1.62,-0.1,1.2017
2000-05-31,284886605,284886605,1,11527111000,3284744000,6741868000,2891026000,4785243000,0,0,500547000,1776253000,4848807000,244991000,244991000,0.86,0.84,0,749673000,-381566000,-429640000,-61533000,67959000,209701000,36.5,42.44,30.56,0.1458,0.0607,16.8,2.26,16.59,0,0,0.3712,0.4151,0.0377,1.61,1.9,1.1362
2000-02-29,287072262,287072262,1,11515684000,3319347000,6876615000,2923726000,4639069000,0,0,466156000,1855773000,4518057000,113128000,113128000,0.39,0.39,0,199115000,-525705000,-61811000,-388401000,129492000,389357000,40.56,47.94,33.19,0.1417,0.0598,16.16,2.54,19.59,0,0,0.4,0.4028,0.0374,1.6,-0.66,1.1353
1999-11-30,289956501,289956501,1,11538227000,3569464000,6897841000,2999254000,4640386000,0,0,439575000,1849989000,4570104000,171183000,171183000,0.58,0.57,0,346334000,-542217000,334053000,138170000,517893000,480391000,41.09,47.31,34.88,0.1359,0.0583,16,2.55,19.43,0,0,0.3987,0.4022,0.0362,1.61,-0.46,1.1901
1999-08-31,298565567,298565567,1,10795711000,3153049000,5976785000,2677967000,4818926000,0,0,341037000,1359711000,4319977000,159034000,159034000,0.53,0.52,0,330120000,-258629000,-17091000,54400000,379723000,358195000,47.81,57.13,38.5,0.141,0.0608,16.14,3.06,22.82,0,0,0.2822,0.4464,0.0377,1.61,-0.09,1.1774
1999-05-31,298256834,298256834,1,10648211000,3141028000,5984519000,2784757000,4663692000,0,0,344002000,1359668000,4383513000,221365000,221365000,0.74,0.72,0,733026000,-357010000,-189798000,186218000,325323000,354206000,53.8,61.75,45.84,0.1446,None,15.64,3.63,None,0,0,0.2915,0.438,0.0376,1.63,1.27,1.1279
1999-02-28,148722086,297444172,2,10196414000,2919110000,5791124000,2715409000,4405290000,0,0,346969000,1362059000,4098418000,77833000,77833000,0.53,0.52,0,151979000,-387104000,-290213000,-525338000,139105000,367884000,40.41,47.63,33.19,None,None,14.81,2.78,None,0,None,0.3092,0.432,None,None,-0.73,1.075
1998-11-30,147963830,295927660,2,10553906000,3412303000,6254005000,3205566000,4299901000,0,0,349954000,1362013000,4209237000,182756000,182756000,1.24,1.23,0,491214000,-286929000,264977000,469262000,664443000,208713000,27.31,32.44,22.19,None,None,14.53,1.97,None,0,None,0.3168,0.4074,None,None,0.95,1.0645
1998-08-31,147553130,295106260,2,9849090000,2857567000,5756503000,2791398000,4092587000,0,0,353079000,1371302000,4082302000,149379000,149379000,1.01,1,0,395901000,-417714000,-12571000,-34384000,195181000,495238000,29.06,33.09,25.03,None,None,13.87,2.16,None,0,None,0.3351,0.4155,None,None,-0.34,1.0237
1998-05-31,147449762,294899524,2,9686060000,2880132000,5724830000,2803839000,3961230000,0,0,356272000,1385180000,None,None,None,None,None,0,845675000,-637680000,-122607000,85053000,229565000,535257000,33.88,37.13,30.63,None,None,13.43,2.64,None,0,None,0.3497,0.409,None,None,1.05,1.0272
1998-02-28,147134098,294268196,2,9353437000,2838632000,5574314000,2608956000,3779123000,0,0,359494000,1499739000,3986304000,17711000,17711000,0.12,0.12,0,None,None,None,None,144512000,0,31.52,34.84,28.19,None,None,12.84,None,None,0,None,0.3968,0.404,None,None,None,1.088
