"Quarter end","Shares","Shares split adjusted","Split factor","Assets","Current Assets","Liabilities","Current Liabilities","Shareholders equity","Non-controlling interest","Preferred equity","Goodwill & intangibles","Long-term debt","Revenue","Earnings","Earnings available for common stockholders","EPS basic","EPS diluted","Dividend per share","Cash from operating activities","Cash from investing activities","Cash from financing activities","Cash change during period","Cash at end of period","Capital expenditures","Price","Price high","Price low","ROE","ROA","Book value of equity per share","P/B ratio","P/E ratio","Cumulative dividends per share","Dividend payout ratio","Long-term debt to equity ratio","Equity to assets ratio","Net margin","Asset turnover","Free cash flow per share","Current ratio"
2015-04-30,106829801,106829801,1,3740373000,2182730000,2105816000,1292549000,1634557000,0,0,699359000,373472000,681145000,96177000,96177000,0.9,0.89,0.305,122231000,-29350000,-29824000,64831000,1094504000,14090000,101.22,106.19,96.24,0.2331,0.1035,15.3,6.96,29.25,12.89,0.3278,0.2285,0.437,0.1364,0.76,1.01,1.6887
2015-01-31,106645105,106645105,1,3667908000,2088627000,2117776000,1297213000,1550132000,0,0,688419000,375342000,673794000,84399000,84399000,0.79,0.78,0.305,123629000,-16664000,-29958000,28192000,1029673000,14832000,97.24,103.29,91.18,0.2224,0.1021,14.54,6.5,28.35,12.58,0.407,0.2421,0.4226,0.1337,0.76,1.02,1.6101
2014-10-31,106534159,106534159,1,3775534000,2120873000,2180693000,1338819000,1594841000,0,0,717611000,375593000,696492000,88273000,88273000,0.82,0.81,0.305,114537000,-10275000,-29719000,37371000,1001481000,10408000,84.38,92.17,76.59,0.2158,0.1033,14.97,4.75,25.96,12.28,0.3223,0.2355,0.4224,0.1333,0.77,0.98,1.5841
2014-07-31,106804232,106804232,1,3852513000,2137223000,1957156000,1097646000,1895357000,0,0,733885000,375826000,799954000,120086000,120086000,1.09,1.07,0.28,161748000,-150899000,90023000,93236000,964110000,24436000,82.42,87.39,77.46,0.2006,0.1006,17.75,4.97,28.03,11.97,0.3316,0.1983,0.492,0.1305,0.77,1.29,1.9471
2014-04-30,109681236,109681236,1,3646265000,2027348000,1825095000,860512000,1821170000,0,0,656616000,463666000,682445000,88691000,88691000,0.8,0.8,0.55,136569000,-206957000,-21762000,-80960000,870874000,15638000,85.09,91.83,78.34,0.1836,0.0935,16.6,5.35,30.61,11.69,0.3604,0.2546,0.4995,0.1218,0.77,1.1,2.356
2014-01-31,109775816,109775816,1,3473514000,2038849000,1726486000,777264000,1747028000,0,0,485465000,463674000,676969000,83666000,83666000,0.76,0.75,0,119698000,-18398000,-112484000,-16142000,951834000,15748000,81.99,85.58,78.4,0.177,0.0903,15.91,5.06,30.37,11.14,0.275,0.2654,0.503,0.1178,0.77,0.95,2.6231
2013-10-31,110790224,110790224,1,3504266000,2053755000,1710067000,767498000,1794199000,0,0,485844000,467562000,629779000,71513000,71513000,0.64,0.63,0.275,85897000,-17255000,-48689000,31090000,967976000,18915000,74.94,81.44,68.43,0.1742,0.0885,16.19,4.62,15.02,11.14,0.3718,0.2606,0.512,0.1158,0.76,0.6,2.6759
2013-07-31,111835283,111835283,1,3472839000,2050029000,1657883000,729071000,1814956000,0,0,479735000,467319000,716818000,85628000,85628000,0.77,0.76,0.25,177569000,-70921000,-63735000,32919000,936886000,43795000,68.59,73.19,64,0.3259,0.1655,16.23,4.41,13.83,10.87,0.1938,0.2575,0.5226,0.2171,0.76,1.2,2.8118
2013-04-30,111573016,111573016,1,3447241000,2051730000,1712257000,768283000,1734984000,0,0,483335000,467616000,641190000,73065000,73065000,0.65,0.64,0.25,117508000,-30526000,-40945000,33735000,903967000,23984000,65.94,69.17,62.72,0.341,0.1672,15.55,4.31,13.21,10.62,0.1868,0.2695,0.5033,0.2265,0.74,0.84,2.6705
2013-01-31,111292279,111292279,1,3453093000,2040156000,1749520000,803478000,1703573000,0,0,487852000,474492000,662455000,76770000,76770000,0.68,0.67,0.25,50424000,-10312000,-84079000,-39448000,870232000,18926000,63.61,69.05,58.18,0.3481,0.1695,15.31,3.92,12.62,10.37,0.1789,0.2785,0.4933,0.2273,0.75,0.28,2.5392
2012-10-31,111091438,111091438,1,3520428000,2096832000,1717619000,710110000,1802809000,0,0,488986000,488683000,627600000,339472000,339472000,2.96,2.92,0.25,38958000,511059000,-155706000,409406000,909680000,23477000,58.91,65.82,52,0.3599,0.175,16.23,4.46,21.74,10.12,0.1706,0.2711,0.5121,0.2272,0.77,0.14,2.9528
2012-07-31,114436725,114436725,1,3347892000,1852457000,1837857000,852128000,1510035000,0,0,490085000,490706000,610058000,86207000,86207000,0.74,0.73,0.21,148431000,-30819000,-132400000,-35617000,500274000,31986000,54.97,59.97,49.97,0.2033,0.0969,13.2,3.84,19.63,9.87,0.2911,0.325,0.451,0.1195,0.81,1.02,2.1739
2012-04-30,116202448,116202448,1,3394854000,1887392000,1731060000,824005000,1663794000,0,0,500041000,487936000,657976000,78918000,78918000,0.68,0.67,0.21,122434000,-169288000,55902000,7987000,535891000,32638000,60.73,64.55,56.91,0.2111,0.1012,14.32,4.47,22.25,9.66,0.2642,0.2933,0.4901,0.1163,0.87,0.77,2.2905
2012-01-31,115798588,115798588,1,3206186000,1760300000,1632352000,738506000,1573834000,0,0,371742000,493737000,697981000,84729000,84729000,0.73,0.72,0.21,125627000,-40542000,-16793000,52510000,527904000,57473000,54.8,60.75,48.86,0.2125,0.1001,13.59,4.12,20.68,9.45,0.2581,0.3137,0.4909,0.1115,0.9,0.59,2.3836
2011-10-31,115411001,115411001,1,3232973000,1768710000,1697923000,723533000,1535050000,0,0,376371000,494771000,705641000,69455000,69455000,0.6,0.59,0.175,78356000,-69176000,-79931000,-82372000,475394000,36812000,46.95,54.08,39.81,0.2142,0.0988,13.3,3.63,17.58,9.24,0.2528,0.3223,0.4748,0.1104,0.89,0.36,2.4445
2011-07-31,115029938,115029938,1,3232416000,1809208000,1742595000,790007000,1489821000,0,0,352341000,491954000,780399000,97354000,97354000,0.84,0.82,0.16,149031000,-57698000,-33082000,66270000,557766000,55658000,54.16,58.83,49.49,0.2252,0.1006,12.95,4.27,23.34,9.06,0.2458,0.3302,0.4609,0.1151,0.87,0.81,2.2901
2011-04-30,116318787,116318787,1,3217832000,1823980000,1743182000,781594000,1474650000,0,0,358427000,486632000,709808000,71069000,71069000,0.61,0.6,0.175,125433000,-44893000,-45304000,56235000,491496000,43197000,55.92,59.5,52.35,0.2062,0.0887,12.68,4.79,24.31,8.9,0.2843,0.33,0.4583,0.1035,0.86,0.71,2.3337
2011-01-31,116120230,116120230,1,3016404000,1670820000,1660997000,731120000,1355407000,0,0,353425000,485637000,645232000,75664000,75664000,0.65,0.64,0.175,96837000,-36562000,-101274000,-44116000,435261000,34587000,48.94,55.47,42.4,0.2154,0.0907,11.67,4.4,23.53,8.73,0.2795,0.3583,0.4493,0.1068,0.85,0.54,2.2853
2010-10-31,115472003,115472003,1,3079055000,1738085000,1794133000,610075000,1284922000,0,0,356346000,729683000,605477000,71409000,71409000,0.61,0.61,0.16,58686000,-37388000,-63525000,-19186000,479377000,25358000,39.19,44.65,33.72,0.2017,0.0832,11.13,3.83,19.31,8.55,0.3026,0.5679,0.4173,0.0998,0.83,0.29,2.849
2010-07-31,115564279,115564279,1,2999212000,1702759000,1816862000,637205000,1182350000,0,0,352649000,741353000,678610000,54955000,54955000,0.47,0.47,0.16,120819000,-43598000,-67398000,14679000,498563000,41197000,35.91,39.99,31.84,0.2018,0.0831,10.23,3.43,16.78,8.39,0.3021,0.627,0.3942,0.1004,0.83,0.69,2.6722
2010-04-30,116665051,116665051,1,2889282000,1616471000,1666319000,578358000,1222963000,0,0,353852000,685975000,615982000,69691000,69691000,0.59,0.58,0.16,101033000,-49506000,-2660000,41927000,483884000,30269000,37.52,41.82,33.21,0.217,0.0893,10.48,3.71,19.44,8.23,0.2766,0.5609,0.4233,0.1077,0.83,0.61,2.7949
2010-01-31,116911551,116911551,1,2843452000,1570059000,1661614000,661899000,1181838000,0,0,351986000,576265000,560401000,49619000,49619000,0.42,0.42,0.16,82968000,-37327000,-27235000,8423000,441957000,26270000,34.45,37.85,31.06,0.2019,0.082,10.11,3.38,18.72,8.07,0.3005,0.4876,0.4156,0.0995,0.82,0.48,2.3721
2009-10-31,117361998,117361998,1,2881357000,1596496000,1686104000,667807000,1195253000,0,0,347103000,577765000,546939000,66983000,66983000,0.57,0.56,0.145,73040000,-38303000,-23370000,19523000,433534000,36974000,31.62,34.54,28.69,0.1999,0.0804,10.18,3.31,19.28,7.91,0.3076,0.4834,0.4148,0.0955,0.84,0.31,2.3907
2009-07-31,116892307,116892307,1,2840812000,1570450000,1726214000,717390000,1114598000,0,0,346528000,577666000,651957000,69499000,69499000,0.59,0.58,0.14,172583000,-38736000,-57827000,93948000,414011000,36277000,27.31,30.63,24,0.1856,0.0736,9.54,3.01,16.75,7.77,0.3367,0.5183,0.3924,0.084,0.88,1.17,2.1891
2009-04-30,117931067,117931067,1,2660178000,1454560000,1590336000,534014000,1069842000,0,0,342017000,702044000,555883000,44162000,44162000,0.37,0.37,0.145,93019000,-36388000,40677000,98577000,320063000,34144000,23.44,28.68,18.2,0.1849,0.0729,9.07,2.72,13.24,7.63,0.3317,0.6562,0.4022,0.0817,0.89,0.5,2.7238
2009-01-31,117593247,117593247,1,2545169000,1355716000,1532845000,525609000,1012324000,0,0,341755000,654771000,543296000,38871000,38871000,0.33,0.33,0.145,11039000,-43864000,-10453000,-44817000,221486000,32100000,25.6,29.59,21.61,0.1993,0.0783,8.61,2.96,13.99,7.48,0.2952,0.6468,0.3977,0.0858,0.91,-0.18,2.5793
2008-10-31,118079381,118079381,1,2589630000,1417408000,1569611000,581517000,1020019000,0,0,333135000,619759000,578022000,43087000,43087000,0.36,0.36,0.13,50854000,-63042000,-141007000,-187762000,266303000,26287000,32.25,42.72,21.79,0.2013,0.0792,8.64,3.38,18.32,7.34,0.2729,0.6076,0.3939,0.0866,0.91,0.21,2.4374
2008-07-31,119357527,119357527,1,2956746000,1659639000,1817511000,573963000,1139235000,0,0,312097000,747051000,723211000,69915000,69915000,0.58,0.57,0.13,174351000,-44660000,-68766000,57228000,454065000,37251000,38.76,43.19,34.33,0.1911,0.075,9.54,4.05,37.27,7.21,0.3467,0.6557,0.3853,0.0845,0.89,1.15,2.8915
2008-04-30,119875974,119875974,1,2903638000,1638239000,1757735000,580640000,1145903000,0,0,313289000,717384000,661680000,63274000,63274000,0.51,0.51,0.13,91360000,-24162000,-87825000,-13428000,396837000,23785000,37.74,41.48,34.01,0.1142,0.045,9.56,4.03,35.27,7.08,0.469,0.626,0.3946,0.0511,0.88,0.56,2.8214
2008-01-31,122872069,122872069,1,2878696000,1626777000,1728606000,586120000,1150090000,0,0,312403000,692430000,625747000,47988000,47988000,0.39,0.39,0.12,50901000,-30330000,-21592000,2488000,410265000,29095000,37.81,42.26,33.37,0.1134,0.0475,9.36,4.18,33.46,6.95,0.4488,0.6021,0.3995,0.0549,0.87,0.18,2.7755
2007-10-31,122872069,122872069,1,2843460000,1594036000,1731069000,567657000,1112391000,0,0,312849000,711406000,561007000,36102000,36102000,0.29,0.29,0.24,-125806000,-22535000,101842000,-35259000,407777000,23586000,39,44.55,33.46,0.1174,0.0521,9.05,4.52,37.5,6.83,0.4237,0.6395,0.3912,0.0602,0.86,-1.22,2.8081
2007-07-31,122872069,122872069,1,2708846000,1606377000,1648245000,832190000,1060601000,0,0,308138000,591591000,646340000,-19814000,-19814000,-0.15,-0.15,0,119374000,-42302000,-1515000,78364000,443036000,-4057000,43.72,49,38.43,0.1054,0.049,8.63,4.1,25.87,6.59,0.3368,0.5578,0.3915,0.0567,0.86,1,1.9303
2007-04-30,122597865,122597865,1,2628696000,1494402000,1320297000,565326000,1308399000,0,0,295792000,540499000,559347000,67074000,67074000,0.54,0.54,0.12,64679000,-23071000,-28726000,18986000,364672000,21876000,37.92,42.15,33.7,0.1696,0.082,10.67,3.7,28.09,6.59,0.2684,0.4131,0.4977,0.0955,0.86,0.35,2.6434
2007-01-31,123002784,123002784,1,2511846000,1398268000,1251404000,509998000,1260442000,0,0,297071000,533993000,544930000,55803000,55803000,0.45,0.45,0.12,76377000,22488000,-115122000,-14909000,345686000,19386000,33.08,35.57,30.58,0.1377,0.0672,10.25,3.35,28.52,6.47,0.3294,0.4237,0.5018,0.0782,0.86,0.46,2.7417
2006-10-31,122411587,122411587,1,2559579000,1396996000,1352672000,507467000,1206907000,0,0,297236000,641109000,499288000,24434000,24434000,0.2,0.2,0.11,72498000,-12542000,-17085000,42938000,360595000,12824000,28.73,32.2,25.26,0.1202,0.0589,9.86,2.98,24.77,6.35,0.3755,0.5312,0.4715,0.0695,0.85,0.49,2.7529
2006-07-31,122234443,122234443,1,2552858000,1376981000,1374162000,530816000,1178696000,0,0,297953000,640015000,597251000,62758000,62758000,0.5,0.5,0.11,67161000,-36979000,80204000,110298000,317657000,19797000,29.02,32.44,25.61,0.122,0.061,9.64,2.92,29.02,6.24,0.3669,0.543,0.4617,0.0721,0.85,0.39,2.5941
2006-04-30,124833255,124833255,1,2387329000,1258374000,1147028000,475610000,1240301000,0,0,299242000,488807000,509981000,25189000,25189000,0.2,0.2,0.11,26647000,-19511000,-31665000,-20639000,207359000,17426000,29.63,31.61,27.66,0.1067,0.0545,9.94,3.1,25.77,6.13,0.4151,0.3941,0.5195,0.0649,0.84,0.07,2.6458
2006-01-31,124922454,124922454,1,2334554000,1219393000,1140634000,442377000,1193920000,0,0,299926000,518109000,478436000,32436000,32436000,0.26,0.26,0.11,93550000,-33338000,-14946000,48310000,227998000,27690000,27.48,29.12,25.85,0.1244,0.0634,9.56,2.96,23.9,6.02,0.3531,0.434,0.5114,0.075,0.85,0.53,2.7565
2005-10-31,124580497,124580497,1,2268020000,1165181000,1112502000,423251000,1155518000,0,0,301281000,528582000,431162000,25110000,25110000,0.2,0.2,0.1,31470000,-26274000,10823000,14760000,179688000,21104000,28.2,31.2,25.21,0.1255,0.064,9.28,3.08,25.18,5.91,0.3451,0.4574,0.5095,0.0752,0.85,0.08,2.7529
2005-07-31,124271966,124271966,1,2265301000,1160392000,1125324000,457139000,1139977000,0,0,302908000,510161000,524536000,43394000,43394000,0.35,0.34,0.1,82440000,-26454000,-67061000,-17369000,164928000,25320000,28.86,31.52,26.19,0.1246,0.0632,9.17,3.1,23.66,5.81,0.3442,0.4475,0.5032,0.074,0.85,0.46,2.5384
2005-04-30,124391411,124391411,1,2251605000,1140075000,1092443000,424178000,1159162000,0,0,313506000,528105000,493543000,43678000,43678000,0.35,0.35,0.1,13751000,-17470000,-39499000,-44839000,182297000,17908000,26.79,27.89,25.68,0.1379,0.0696,9.32,2.92,21.6,5.71,0.3081,0.4556,0.5148,0.0813,0.86,-0.03,2.6877
2005-01-31,124448801,124448801,1,2234469000,1113456000,1091815000,399969000,1142654000,0,0,315672000,543515000,469473000,32045000,32045000,0.26,0.26,0.1,42735000,-55237000,28153000,18748000,227136000,21628000,27.84,29.8,25.87,0.1447,0.0722,9.18,3.2,23.59,5.61,0.295,0.4757,0.5114,0.0841,0.86,0.17,2.7839
2004-10-31,123999373,123999373,1,2160755000,1078243000,1080544000,417020000,1080211000,0,0,285196000,509673000,414732000,21699000,21699000,0.17,0.17,0.09,22682000,-15402000,-15075000,1111000,208388000,16170000,23.98,25.89,22.07,0.1409,0.0701,8.71,2.8,19.98,5.51,0.3017,0.4718,0.4999,0.082,0.85,0.05,2.5856
2004-07-31,123203277,123203277,1,2140383000,1069815000,1085944000,418774000,1054439000,0,0,239660000,488686000,504455000,55535000,55535000,0.44,0.44,0.09,68050000,5872000,-43878000,30463000,199177000,23495000,24.11,26.22,22,0.1471,0.0727,8.56,2.93,20.26,5.42,0.2968,0.4635,0.4926,0.0856,0.85,0.36,2.5546
2004-04-30,125098488,125098488,1,2092572000,1021442000,1063614000,388760000,1028958000,0,0,286061000,500957000,463921000,46514000,46514000,0.37,0.37,0.09,66104000,-17629000,-42654000,2018000,168714000,10341000,24.91,27.5,22.31,0.1506,0.0733,8.23,2.97,21.66,5.33,0.2997,0.4869,0.4917,0.0867,0.85,0.45,2.6274
2004-01-31,125789808,125789808,1,2087507000,988917000,1033839000,357802000,1053668000,0,0,289500000,501358000,428085000,24856000,24856000,0.2,0.2,0.09,26250000,-9918000,10478000,32615000,166696000,13314000,25.8,28.04,23.56,0.1497,0.0709,8.38,3.3,21.5,5.24,0.3118,0.4758,0.5047,0.0852,0.83,0.1,2.7639
2003-10-31,125725000,125725000,1,2019229000,936881000,1034384000,378664000,984845000,0,0,290178000,495552000,374286000,24668000,24668000,0.2,0.19,0.09,31542000,-14576000,-14235000,7428000,134081000,9997000,23.75,25.95,21.55,0.1654,0.0753,7.83,3.18,28.96,5.15,0.2967,0.5032,0.4877,0.0912,0.83,0.17,2.4742
2003-08-02,124975414,124975414,1,2016726000,938434000,1082190000,421496000,934536000,0,0,240579000,489870000,471412000,54606000,54606000,0.44,0.43,0.09,95551000,-24230000,-68043000,1490000,126653000,15263000,22.54,25,20.07,0.1195,0.0521,7.48,3.15,49,5.06,0.4317,0.5242,0.4634,0.064,0.81,0.64,2.2264
2003-05-03,124112960,124112960,1,2027847000,943418000,1139042000,390230000,888805000,0,0,292700000,606139000,421491000,40355000,40355000,0.33,0.33,0.09,52843000,-18302000,-15337000,22978000,125163000,9665000,18.33,21.5,15.16,0.069,0.029,7.16,2.67,53.91,4.97,0.7705,0.682,0.4383,0.0366,0.79,0.35,2.4176
2003-02-01,123008220,123008220,1,1962921000,872645000,1119216000,358006000,843705000,0,0,277363000,598838000,388522000,31379000,31379000,0.26,0.25,0.09,40302000,-10716000,-23728000,11678000,102185000,12190000,17.23,19.45,15.01,0.054,0.0224,6.86,2.69,71.79,4.88,1.0131,0.7098,0.4298,0.0301,0.74,0.23,2.4375
2002-11-02,122973348,122973348,1,1915219000,839343000,1127138000,364606000,788081000,0,0,281439000,617904000,332210000,-23138000,-23138000,-0.19,-0.19,0.09,34795000,-3737000,-46232000,-14717000,90507000,13338000,16.54,18.4,14.68,0.0391,0.0169,6.41,2.48,28.03,4.79,1.7576,0.7841,0.4115,0.0228,0.74,0.17,2.3021
2002-08-03,122835795,122835795,1,2027222000,915982000,1207502000,438171000,819720000,0,0,262973000,619705000,428889000,8984000,8984000,0.07,0.07,0.09,50048000,-11482000,-14241000,30043000,105224000,20701000,19.66,23.42,15.9,0.094,0.0428,6.67,3.09,27.31,4.7,0.8693,0.756,0.4044,0.0567,0.76,0.24,2.0905
2002-04-27,122733108,122733108,1,1909092000,863622000,1128319000,693887000,780773000,0,0,54776000,309622000,302377000,26443000,26443000,0.22,0.21,0.09,41090000,-340662000,314376000,16123000,75181000,10872000,20.07,23.4,16.75,0.1172,0.0566,6.36,3.25,24.78,4.61,0.8157,0.3966,0.409,0.0753,0.75,0.25,1.2446
2002-01-26,122335030,122335030,1,1422582000,668671000,667183000,251775000,755399000,0,0,53592000,312016000,285435000,18415000,18415000,0.15,0.15,0.17,46989000,-9038000,-29361000,7339000,59058000,13976000,22.58,25,20.16,0.1315,0.0675,6.17,3.62,25.09,4.52,0.8286,0.413,0.531,0.0828,0.82,0.27,2.6558
2001-10-27,122142304,122142304,1,1479635000,703940000,718129000,284699000,761506000,0,0,54131000,329001000,274119000,19392000,19392000,0.16,0.16,0.17,16614000,52621000,-72615000,-3208000,51719000,18779000,21.12,24.74,17.5,0.1464,0.0744,6.23,3.35,22.23,4.35,0.7441,0.432,0.5147,0.0908,0.82,-0.02,2.4726
2001-07-28,121958649,121958649,1,1548510000,778988000,778468000,313849000,770042000,0,0,0,359094000,331518000,25664000,25664000,0.21,0.2,0.17,81011000,-99241000,28099000,9402000,54927000,19588000,23.3,24.35,22.25,0.1556,0.0785,6.31,3.73,20.8,4.18,0.7005,0.4663,0.4973,0.0955,0.82,0.5,2.482
2001-04-28,122539684,122539684,1,1490565000,733654000,724618000,371467000,765947000,0,0,0,273335000,321057000,36855000,36855000,0.3,0.3,0.17,31830000,-9727000,-29610000,-8336000,45525000,16211000,23.23,26.25,20.2,0.1831,0.0927,6.25,3.77,20.03,4.01,0.5977,0.3569,0.5139,0.1109,0.84,0.13,1.975
2001-01-27,122792517,122792517,1,1489726000,724840000,732951000,389323000,756775000,0,0,0,263289000,304697000,29911000,29911000,0.24,0.24,0.17,49900000,-19937000,-43918000,-12950000,53861000,20632000,21.41,24.88,17.94,0.1907,0.0964,6.16,3.54,17.99,3.84,0.5738,0.3479,0.508,0.1152,0.84,0.24,1.8618
2000-10-28,122598648,122598648,1,1484515000,735463000,742957000,400039000,741558000,0,0,0,260659000,278151000,25580000,25580000,0.21,0.21,0.165,38581000,-39342000,-11589000,-14197000,66811000,17369000,21.18,23.31,19.06,0.1975,0.1,6.05,3.41,17.95,3.67,0.5553,0.3515,0.4995,0.1193,0.84,0.17,1.8385
2000-07-29,122477260,122477260,1,1507252000,753176000,745946000,437679000,761306000,0,0,0,223915000,344231000,46118000,46118000,0.37,0.37,0.17,57191000,-19962000,-27744000,9384000,81008000,24571000,21.28,24.25,18.31,0.1969,0.1001,6.22,3.51,18.03,3.5,0.5553,0.2941,0.5051,0.1198,0.84,0.27,1.7208
2000-04-29,123378412,123378412,1,1467496000,724925000,718473000,551739000,749023000,0,0,0,87765000,318049000,41792000,41792000,0.34,0.34,0.165,46914000,-53844000,-3192000,-10321000,71624000,13564000,21.06,25,17.13,0.1997,0.1008,6.07,3.56,34.52,3.33,0.5468,0.1172,0.5104,0.1227,0.82,0.27,1.3139
2000-01-29,123649516,123649516,1,1435989000,688839000,703584000,515786000,732405000,0,0,0,100863000,294699000,33828000,33828000,0.27,0.27,0.165,40272000,-7773000,-13710000,16942000,81945000,9980000,21.69,24.94,18.44,0.1066,0.0534,5.92,3.66,44.27,3.17,1.0378,0.1377,0.51,0.0653,0.82,0.24,1.3355
1999-10-30,124002979,124002979,1,1448115000,695532000,712182000,522591000,735933000,0,0,0,102272000,267122000,24898000,24898000,0.2,0.2,0.16,72546000,-10724000,-83553000,-21674000,65003000,15269000,21.79,25.19,18.38,0.0847,0.0432,5.93,3.71,53.15,3,1.2839,0.139,0.5082,0.0532,0.81,0.46,1.3309
1999-07-31,124167433,124167433,1,1488327000,744189000,757663000,558279000,730664000,0,0,0,116815000,319065000,46646000,46646000,0.37,0.37,0.16,6666000,-36707000,28615000,-924000,86677000,13476000,20.03,22.81,17.25,0.0696,0.0363,5.88,3.59,55.64,2.84,1.5328,0.1599,0.4909,0.0449,0.81,-0.05,1.333
1999-05-01,124097307,124097307,1,1395196000,671329000,703058000,521829000,692138000,0,0,0,103496000,299896000,-28323000,-28323000,-0.23,-0.23,0.16,60511000,-6893000,19390000,72325000,87601000,16994000,19.5,23.25,15.75,0.0595,0.0323,5.58,3.18,30,2.68,1.7431,0.1495,0.4961,0.0395,0.82,0.35,1.2865
1999-01-30,124643311,124643311,1,1396280000,639724000,631289000,443048000,764991000,0,0,0,109753000,278255000,18704000,18704000,0.15,0.15,0.16,6884000,-37241000,22203000,-8516000,15276000,20352000,24.13,26.63,21.63,0.1057,0.0586,6.14,3.88,33.51,2.52,0.9533,0.1435,0.5479,0.0723,0.81,-0.11,1.4439
1998-10-31,124417033,124417033,1,1388438000,639002000,615062000,424704000,773376000,0,0,0,112860000,249850000,14480000,14480000,0.12,0.12,0.155,37000000,-24447000,-1498000,11667000,23792000,14701000,22.66,25.75,19.56,0.1176,0.0661,6.22,3.68,30.21,2.36,0.8515,0.1459,0.557,0.0816,0.81,0.18,1.5046
1998-08-01,124247002,124247002,1,1346919000,602489000,581304000,394090000,765615000,0,0,0,111469000,301759000,39726000,39726000,0.32,None,0.15,7116000,-23912000,-12188000,-29251000,12125000,22641000,21,22.63,19.38,0.1219,0.0701,6.16,3.45,29.58,2.21,0.7963,0.1456,0.5684,0.0861,0.81,-0.12,1.5288
1998-05-02,123996150,123996150,1,1387160000,671222000,632058000,396787000,755102000,0,0,0,149959000,289171000,7947000,7947000,0.06,0.06,0.155,87596000,-48601000,-8002000,30562000,41376000,22546000,20.56,21.75,19.38,0.1221,0.0727,6.09,3.37,43.74,2.06,0.7718,0.1986,0.5444,0.0845,0.86,0.52,1.6916
1998-01-31,124090501,124090501,1,1307352000,622018000,550437000,363030000,756915000,0,0,0,105914000,259004000,27546000,27546000,0.22,0.22,0.155,8911000,-36491000,7735000,-20619000,10814000,16200000,20.84,22.25,19.44,0.0825,0.0511,6.1,3.27,42.53,1.9,1.106,0.1399,0.579,0.0586,0.87,-0.06,1.7134
1997-11-01,124766593,124766593,1,1299771000,625413000,505469000,316870000,794302000,0,0,0,109598000,237351000,18414000,18414000,0.15,None,0.14,57159000,-39133000,-4687000,13461000,31433000,20062000,22.53,25.56,19.5,0.0826,0.0523,6.37,3.48,43.33,1.75,1.0801,0.138,0.6111,0.0601,0.87,0.3,1.9737
1997-08-02,127420359,127420359,1,1265624000,606604000,440791000,301029000,824833000,0,0,0,62126000,345255000,41660000,41660000,0.28,None,0.14,36054000,13145000,-55862000,-6181000,17972000,18580000,24,25.38,22.63,0.0861,0.0553,6.47,3.83,35.29,1.61,1.0024,0.0753,0.6517,0.0634,0.87,0.14,2.0151
1997-05-03,127225531,127225531,1,1252335000,609546000,456046000,328515000,796289000,0,0,0,56002000,275339000,-22204000,-22204000,-0.18,None,0.14,25284000,-21032000,-14180000,-9980000,24153000,25623000,22.63,24.5,20.75,0.1006,0.0638,6.26,3.77,19.02,1.47,0.8461,0.0703,0.6358,0.0763,0.84,-0,1.8555
1997-02-01,126465885,126465885,1,1194496000,576456000,433903000,305305000,760593000,0,0,0,51077000,233958000,27702000,27702000,0.24,None,0.14,7258000,-35806000,41892000,12669000,24543000,21706000,24.69,27.25,22.13,0.186,0.1167,6.01,3.82,20.07,1.33,0.4441,0.0672,0.6367,0.1401,0.83,-0.11,1.8881
1996-11-02,115294087,115294087,1,1158699000,544366000,413177000,289184000,745522000,0,0,0,47004000,207456000,20160000,20160000,0.18,None,0.1225,30135000,-24846000,-27811000,-22654000,11874000,21396000,25.5,28.25,22.75,0.1983,0.1228,6.47,4.01,21.07,1.19,0.4026,0.063,0.6434,0.1436,0.86,0.08,1.8824
1996-08-03,115101755,115101755,1,1184958000,581205000,452658000,330221000,732300000,0,0,0,46712000,283526000,50695000,50695000,0.44,None,0.13,42251000,-31907000,-21375000,-10021000,34528000,27789000,24.13,28.63,19.63,0.2014,0.1231,6.36,3.99,20.62,1.06,0.3945,0.0638,0.618,0.1432,0.86,0.13,1.76
1996-04-27,115331198,115331198,1,1142019000,557563000,444118000,308924000,697901000,0,0,0,61448000,249552000,37965000,37965000,0.33,None,0.12,43979000,-17375000,-12310000,13826000,44549000,15269000,27.5,29.38,25.63,0.2003,0.1219,6.05,4.74,24.34,0.93,0.3823,0.088,0.6111,0.1424,0.86,0.25,1.8049
1996-01-27,115039638,115039638,1,1103631000,520323000,436883000,302132000,666748000,0,0,0,62209000,240797000,32086000,32086000,0.28,None,0.12,18596000,-27452000,18665000,7458000,30723000,17343000,25.5,27.75,23.25,0.1978,0.1201,5.8,4.47,23.61,0.81,0.3858,0.0933,0.6041,0.1422,0.84,0.01,1.7222
1995-10-28,114613898,114613898,1,1069115000,489264000,415754000,278244000,653361000,0,0,0,64817000,193522000,17752000,17752000,0.16,None,0.105,43852000,-45824000,-13325000,-14648000,23265000,16416000,22.31,24.5,20.13,0.1934,0.1188,5.7,3.91,21.66,0.69,0.3949,0.0992,0.6111,0.1434,0.83,0.24,1.7584
1995-07-29,114443187,114443187,1,1074922000,524767000,423123000,287733000,651799000,0,0,0,68814000,255408000,45918000,45918000,0.4,None,0.1,40601000,-31954000,-20509000,-12188000,37913000,16925000,22.19,24,20.38,0.1891,0.1168,5.7,3.95,None,0.59,0.3983,0.1056,0.6064,0.1428,0.82,0.21,1.8238
1995-04-29,114392437,114392437,1,1058881000,513724000,416275000,295562000,642606000,0,0,0,53705000,219020000,33508000,33508000,0.29,None,0.11,42928000,-22044000,-9621000,13533000,50101000,14794000,21.13,23.63,18.63,None,None,5.62,4.02,None,0.49,None,0.0836,0.6069,None,None,0.25,1.7381
1995-01-28,116073613,116073613,1,959590000,455555000,350364000,236985000,609226000,0,0,0,48943000,194330000,26481000,26481000,0.23,None,0.11,24956000,-20158000,-17665000,-14408000,36568000,16658000,18.69,20.25,17.13,None,None,5.25,3.58,None,0.38,None,0.0803,0.6349,None,None,0.07,1.9223
1994-10-29,115324144,115324144,1,961605000,461314000,359358000,242177000,602247000,0,0,0,54925000,160565000,12529000,12529000,0.11,None,0.09,48422000,-12679000,-25396000,12752000,50976000,13579000,17.06,18.38,15.75,None,None,5.22,3.35,None,0.27,None,0.0912,0.6263,None,None,0.3,1.9049
1994-07-30,115322619,115322619,1,959579000,470425000,372373000,256839000,587206000,0,0,0,54097000,None,None,None,None,None,0,22792000,-30551000,-10369000,-17545000,38224000,18626000,15.44,17.25,13.63,None,None,5.09,3.18,None,0.18,None,0.0921,0.6119,None,None,0.04,1.8316
1994-04-30,115319451,115319451,1,922123000,445695000,362154000,283456000,559969000,0,0,0,23533000,179254000,27817000,27817000,0.24,None,0.09,48332000,-5362000,-45255000,-1387000,55769000,14765000,17.56,19.13,16,None,None,4.86,3.74,None,0.18,None,0.042,0.6073,None,None,0.29,1.5724
1994-01-29,115725206,115725206,1,913776000,448937000,370660000,290528000,543116000,0,0,0,22344000,171105000,22031000,22031000,0.19,None,0.09,None,None,None,None,57156000,0,19.25,21,17.5,None,None,4.69,None,None,0.09,None,0.0411,0.5944,None,None,None,1.5452
