"Quarter end","Shares","Shares split adjusted","Split factor","Assets","Current Assets","Liabilities","Current Liabilities","Shareholders equity","Non-controlling interest","Preferred equity","Goodwill & intangibles","Long-term debt","Revenue","Earnings","Earnings available for common stockholders","EPS basic","EPS diluted","Dividend per share","Cash from operating activities","Cash from investing activities","Cash from financing activities","Cash change during period","Cash at end of period","Capital expenditures","Price","Price high","Price low","ROE","ROA","Book value of equity per share","P/B ratio","P/E ratio","Cumulative dividends per share","Dividend payout ratio","Long-term debt to equity ratio","Equity to assets ratio","Net margin","Asset turnover","Free cash flow per share","Current ratio"
2019-03-31,230724058,230724058,1,5185661000,663764000,4544967000,323637000,640694000,0,0,2019593000,2301563000,408583000,31894000,31894000,0.14,0.14,0.1,62021000,-15889000,-62551000,-14535000,471977000,11215000,16.73,18.14,15.32,0.7541,0.1045,2.78,5.93,8.9,3.5,0.1782,3.5923,0.1236,0.2916,0.36,0.22,2.051
2018-12-30,230230350,230230350,1,4292035000,665718000,3643586000,284185000,648449000,0,0,2042037000,2752783000,397820000,18831000,18831000,0.07,0.08,0.09,-5434000,-28538000,-154801000,-194267000,486512000,29780000,16.61,18.26,14.96,0.7915,0.1083,2.82,5.02,6.86,3.4,0.1767,4.2452,0.1511,0.2894,0.37,-0.15,2.3426
2018-09-30,236768234,236768234,1,4507432000,856090000,3724114000,339103000,783318000,0,0,2052882000,2759766000,400550000,391249000,391249000,1.65,1.6,0.085,81241000,414084000,-55673000,441858000,680779000,14770000,17.49,18.68,16.31,None,0.143,3.31,9.61,19.88,3.31,0.1288,3.5232,0.1738,0.4,0.36,0.28,2.5246
2018-07-01,236991883,236991883,1,4080179000,433445000,3649640000,252762000,430539000,0,0,2043246000,2771660000,411002000,29876000,29876000,0.13,0.12,0.085,79710000,-11533000,-69605000,-3347000,238921000,11866000,17.12,18.22,16.01,0.4635,0.0546,1.82,8.82,22.83,3.23,0.3318,6.4377,0.1055,0.1587,0.34,0.29,1.7148
2018-04-01,239213450,239213450,1,4109838000,442414000,3646841000,250106000,462997000,0,0,2053772000,2777183000,380564000,20159000,20159000,0.08,0.08,0.085,68711000,-11102000,-25683000,29444000,242268000,10218000,16.25,17.7,14.8,0.3864,0.0468,1.94,6.8,21.38,3.14,0.3705,5.9983,0.1127,0.1455,0.32,0.24,1.7689
2017-12-31,239414307,239414307,1,4096938000,404353000,3523735000,227162000,573203000,0,0,2064919000,2724230000,309247000,159276000,159276000,0.66,0.62,0.07,74897000,-29227000,-60130000,-15182000,171447000,26541000,15.28,16.98,13.57,0.379,0.0478,2.39,8,58.77,3.06,0.3501,4.7526,0.1399,0.1586,0.3,0.2,1.78
2017-10-01,242196738,242196738,1,4090273000,420881000,3627678000,234422000,462595000,0,0,2075638000,2696520000,308000000,14257000,14257000,0.06,0.06,0.07,56160000,-16552000,-61023000,-17914000,186629000,19516000,15.17,16.17,14.16,0.1271,0.0158,1.91,7.58,39.92,2.99,1.0757,5.8291,0.1131,0.052,0.3,0.15,1.7954
2017-07-02,243456241,243456241,1,4108663000,440923000,3621614000,229530000,487049000,0,0,2081052000,2699760000,320342000,-1845000,-1845000,-0.01,-0.01,0.07,81931000,-15104000,-57958000,11308000,204543000,-59024000,14.97,16.66,13.29,0.1772,0.0244,2,7,30.55,2.92,0.681,5.5431,0.1185,0.0768,0.32,0.58,1.921
2017-04-02,245456174,245456174,1,3952325000,438530000,3427476000,208614000,524849000,0,0,2056198000,2527819000,285819000,22341000,22341000,0.09,0.09,0.07,38652000,-6428000,-37973000,-5005000,193235000,13161000,13.75,14.46,13.03,0.2089,0.0314,2.14,6.43,28.06,2.85,0.5179,4.8163,0.1328,0.0943,0.33,0.1,2.1021
2017-01-01,246926773,246926773,1,3939314000,452532000,3411578000,230081000,527736000,0,0,2063941000,2487630000,309901000,28891000,28891000,0.11,0.12,0.07,50611000,29650000,-188852000,-110544000,198240000,-47045000,12.25,13.96,10.54,0.1969,0.0317,2.14,4.64,18.01,2.78,0.4966,4.7138,0.134,0.0903,0.35,0.4,1.9668
2016-10-02,257028237,257028237,1,4114424000,612837000,3435849000,264986000,678575000,0,0,2068368000,2491992000,364012000,48890000,48890000,0.19,0.18,0.06,29839000,84612000,-70426000,42604000,308784000,-88522000,10.16,11,9.33,0.2611,0.0452,2.64,3.83,19.17,2.71,0.3392,3.6724,0.1649,0.1184,0.38,0.46,2.3127
2016-07-03,261255301,261255301,1,4135220000,655732000,3442056000,277954000,693164000,0,0,2070435000,2485414000,382718000,26480000,26480000,0.1,0.1,0.06,53684000,-21927000,-79215000,-46743000,266180000,25744000,10.27,11.38,9.15,0.2014,0.0353,2.65,3.73,19.02,2.65,0.433,3.5856,0.1676,0.0867,0.41,0.11,2.3591
2016-04-03,266532514,266532514,1,4150310000,607355000,3416721000,256995000,733589000,0,0,2101039000,2478581000,378787000,25363000,25363000,0.09,0.09,0.06,47274000,-228000,-66042000,-14293000,312923000,-2327000,9.95,11,8.89,0.1618,0.0365,2.75,3.57,19.13,2.59,0.3975,3.3787,0.1768,0.0892,0.41,0.19,2.3633
2016-01-03,270010291,270010291,1,4108720000,616569000,3355806000,268774000,752914000,0,0,2110368000,2402823000,449888000,85856000,85856000,0.31,0.31,0.06,93851000,98972000,-39241000,151516000,327216000,-94655000,9.72,10.9,8.54,0.1312,0.037,2.79,3.77,36,2.53,0.4282,3.1914,0.1832,0.0862,0.43,0.7,2.294
2015-09-27,273479452,273479452,1,4080782000,595042000,3375325000,304907000,705457000,0,0,2118830000,2379934000,464629000,7584000,7584000,0.03,0.03,0.055,65515000,-48320000,-1032721000,-1021867000,175700000,50038000,10.09,11.28,8.9,0.0671,0.0226,2.58,1.68,33.63,2.47,0.7593,3.3736,0.1729,0.0513,0.44,0.06,1.9516
2015-06-28,290282990,290282990,1,5106545000,1553919000,3368119000,297900000,1738426000,0,0,2155222000,2379782000,489534000,40195000,40195000,0.11,0.11,0.055,31374000,43108000,918854000,994705000,1197567000,36854000,10.85,11.58,10.12,0.066,0.0259,5.99,2.3,40.19,2.41,0.6859,1.3689,0.3404,0.0578,0.45,-0.02,5.2162
2015-03-29,363167737,363167737,1,4133835000,538422000,2417975000,332604000,1715860000,0,0,2164267000,1392309000,466246000,27507000,27507000,0.08,0.07,0.06,21740000,-58380000,-22616000,-64414000,202862000,54997000,10.18,11.39,8.96,0.0594,0.0247,4.72,2.18,31.81,2.36,0.7839,0.8114,0.4151,0.0512,0.48,-0.09,1.6188
2014-12-28,367628227,367628227,1,4145842000,562102000,2428266000,340224000,1717576000,0,0,2173927000,1394366000,501951000,23294000,23294000,0.07,0.06,0.06,72180000,-107842000,-36560000,-75170000,267276000,-48742000,8.3,8.99,7.61,0.0703,0.0292,4.67,1.75,25.15,2.3,0.6342,0.8118,0.4143,0.0589,0.5,0.33,1.6522
2014-09-28,365267004,365267004,1,4179455000,670233000,2450740000,339144000,1728715000,0,0,2154473000,1409066000,512489000,22830000,22830000,0.06,0.06,0.05,101587000,-82109000,-46060000,-29214000,342446000,79677000,8.27,8.65,7.88,0.0737,0.0311,4.73,1.74,30.63,2.24,0.5584,0.8151,0.4136,0.061,0.51,0.06,1.9762
2014-06-29,367015443,367015443,1,4157055000,672934000,2412689000,321010000,1744366000,0,0,2170928000,1416411000,523427000,29007000,29007000,0.08,0.08,0.05,66268000,-53585000,-27766000,-13035000,371660000,53716000,8.63,9.18,8.07,0.0582,0.025,4.75,1.84,39.23,2.19,0.7007,0.812,0.4196,0.0467,0.54,0.03,2.0963
2014-03-30,366812087,366812087,1,4154077000,710738000,2430923000,308911000,1723154000,0,0,2171548000,1423756000,523196000,46303000,46303000,0.12,0.12,0.05,14741000,55724000,-264176000,-195457000,384695000,-55399000,9.29,10.19,8.4,0.0475,0.0209,4.7,1.76,84.45,2.14,0.8027,0.8263,0.4148,0.0372,0.56,0.19,2.3008
2013-12-29,366161754,366161754,1,4363040000,922411000,2433554000,349526000,1929486000,0,0,2148324000,1425285000,592405000,33069000,33069000,0.08,0.07,0.05,77156000,29025000,-37564000,66721000,580152000,-12188000,8.68,9.51,7.85,0.0234,0.0105,5.27,1.77,78.91,2.09,1.5248,0.7387,0.4422,0.0183,0.58,0.24,2.639
2013-09-29,391675340,391675340,1,4323955000,858799000,2402646000,352846000,1923722000,-2413000,0,2168092000,1433662000,640779000,-1939000,-1939000,0,0,0.05,109327000,-39552000,-46425000,24414000,513431000,15815000,7.29,8.75,5.84,0.0198,0.009,4.91,1.46,182.25,2.04,1.7206,0.7453,0.4449,0.0154,0.59,0.24,2.4339
2013-06-30,393307777,393307777,1,4316695000,775795000,2352893000,535018000,1966133000,-2331000,0,2173468000,1222285000,650544000,12224000,12224000,0.03,0.03,0.04,110760000,-28568000,-20267000,60333000,489017000,16779000,5.76,6.23,5.28,0.0074,0.0034,5,1.15,1106804644422573056,1.99,3.7719,0.6217,0.4555,0.0058,0.59,0.24,1.45
2013-03-31,393367322,393367322,1,4256978000,695666000,2285499000,271625000,1971479000,0,0,2169041000,1441742000,603682000,2133000,2133000,0.01,0.01,0.04,32604000,-37595000,-18645000,-24677000,428684000,35769000,5.31,5.95,4.68,-0.0016,-0.0007,5.01,1.05,265.5,1.95,None,0.7313,0.4631,None,0.58,-0.01,2.5611
2012-12-30,392939774,392939774,1,4303199000,709827000,2317344000,286862000,1985855000,0,0,2177738000,1444651000,629879000,26388000,26388000,0.07,0.07,0.04,65784000,-54787000,-10711000,-231000,453361000,41765000,4.48,4.87,4.09,0.0036,0.0016,5.05,0.89,None,1.91,5.5287,0.7275,0.4615,0.0028,0.58,0.06,2.4745
2012-09-30,391084280,391084280,1,4340079000,733680000,2368335000,343924000,1971744000,0,0,2191468000,1447328000,636308000,-26162000,-26162000,-0.07,-0.07,0.02,56101000,-52456000,13331000,18492000,453592000,30607000,4.48,4.8,4.16,-0.0077,-0.0036,5.04,0.88,448,1.87,None,0.734,0.4543,None,0.52,0.07,2.1333
2012-07-01,390735791,390735791,1,4310481000,729976000,2316907000,348453000,1993574000,0,0,2187338000,1384373000,645868000,-5493000,-5493000,-0.01,-0.01,0.02,83674000,-56105000,-10141000,16690000,435100000,36174000,4.73,5.09,4.37,0.0034,0.0016,5.1,0.92,94.6,1.85,4.5385,0.6944,0.4625,0.0031,0.51,0.12,2.0949
2012-04-01,390296589,390296589,1,4266104000,713913000,2258763000,323561000,2007341000,0,0,2171512000,1344687000,593187000,12350000,12350000,0.03,0.03,0.02,-15144000,-26037000,-16608000,-56821000,418410000,46998000,5.08,5.5,4.67,0.0116,0.0054,5.14,0.99,254,1.83,1.3248,0.6699,0.4705,0.0109,0.5,-0.16,2.2064
2012-01-01,389950170,389950170,1,4300668000,746936000,2304599000,368268000,1996069000,0,0,2174719000,1350402000,349659000,3984000,3984000,-0,-0,0.02,64614000,-64300000,-15243000,-13586000,475231000,42124000,4.94,5.58,4.29,0.0048,0.0022,5.12,0.96,None,1.81,3.2289,0.6765,0.4641,0.0041,0.54,0.06,2.0282
2011-10-02,389140409,389140409,1,4253295000,735706000,2255942000,342525000,1997353000,0,0,2176905000,1348707000,611416000,-3966000,-3966000,-0.01,-0.01,0.02,49504000,67153000,-123608000,-10707000,488817000,42560000,4.99,5.62,4.36,-0.0023,-0.0011,5.13,0.93,None,1.79,None,0.6752,0.4696,None,0.63,0.02,2.1479
2011-07-03,396140434,396140434,1,4751632000,822525000,2624210000,456494000,2127422000,0,0,2190608000,1346640000,622459000,11266000,11266000,0.03,0.03,0.02,79136000,-29882000,-50032000,-537000,499524000,27398000,4.85,5.2,4.5,-0.0008,-0.0004,5.37,0.94,None,1.77,None,0.633,0.4477,None,0.67,0.13,1.8018
2011-04-03,419022290,419022290,1,4740741000,802053000,2573628000,412092000,2167113000,0,0,2239513000,1526674000,847824000,-1409000,-1409000,0,0,0.02,53463000,-31168000,-35701000,-12447000,500061000,28568000,4.81,5.22,4.4,-0.0011,-0.0005,5.17,0.93,None,1.75,None,0.7045,0.4571,None,0.72,0.06,1.9463
2011-01-02,419005869,419005869,1,4732654000,754788000,2569480000,421486000,2163174000,0,0,2242218000,1553987000,840732000,-10758000,-10758000,-0.03,-0.03,0.03,58878000,-55224000,-12377000,-8006000,512508000,51967000,4.69,5.09,4.28,-0.002,-0.0009,5.16,0.9,None,1.73,None,0.7184,0.4571,None,0.71,0.02,1.7908
2010-10-03,418367459,418367459,1,4854680000,854730000,2680093000,457121000,2174587000,0,0,2249689000,1559634000,861214000,-909000,-909000,0,0,0.015,65163000,-41333000,-12852000,12134000,520514000,41723000,4.28,4.73,3.83,-0.0032,-0.0015,5.2,0.83,214,1.7,None,0.7172,0.4479,None,0.71,0.06,1.8698
2010-07-04,418277163,418277163,1,4839700000,829077000,2671216000,437593000,2168484000,0,0,2257387000,1556623000,877021000,10742000,10742000,0.03,0.03,0.015,66968000,7820000,-72172000,1096000,508380000,21476000,4.75,5.55,3.95,0.0037,0.0017,5.18,0.9,237.5,1.68,2.8579,0.7178,0.4481,0.0024,0.71,0.11,1.8946
2010-04-04,430131620,430131620,1,4868478000,813698000,2607232000,419351000,2261246000,0,0,2266020000,1501853000,837447000,-3400000,-3400000,-0.01,-0.01,0.015,35241000,-24185000,-96749000,-84435000,507284000,27143000,4.74,5.22,4.26,0.0054,0.0025,5.26,0.9,474,1.67,1.9783,0.6642,0.4645,0.0035,0.71,0.02,1.9404
2010-01-03,443829031,443829031,1,4975416000,878992000,2639077000,475147000,2336339000,0,0,2273902000,1500784000,900943000,-13594000,-13594000,-0.03,-0.03,0.01,44367000,-38785000,-59563000,-52927000,591719000,36634000,4.5,5.04,3.95,0.0021,0.001,5.26,0.87,None,1.66,5.0359,0.6424,0.4696,0.0014,0.72,0.02,1.8499
2009-09-27,463003194,463003194,1,5068306000,920359000,2668800000,458454000,2399506000,0,0,2276852000,1507857000,903221000,14688000,14688000,0.03,0.03,0.015,104369000,-22576000,-54116000,28645000,644646000,25265000,4.67,5.54,3.8,-0.1567,-0.0771,5.18,0.92,None,1.65,None,0.6284,0.4734,None,0.74,0.17,2.0075
2009-06-28,470939552,470939552,1,5082415000,913168000,2680593000,471167000,2401822000,0,0,2272323000,1503035000,912687000,14892000,14892000,0.03,0.03,0.015,88155000,17385000,387212000,493567000,616001000,22812000,4.67,5.78,3.55,-0.2142,-0.1023,5.1,0.92,None,1.63,None,0.6258,0.4726,None,0.76,0.14,1.9381
2009-03-29,469629729,469629729,1,4642678000,424933000,2267746000,484989000,2374932000,0,0,2268024000,1078494000,863984000,-10924000,-10924000,-0.02,-0.02,0.015,58239000,-11643000,-14140000,32344000,122434000,17203000,4.83,5.8,3.86,-0.3111,-0.1415,5.06,0.95,None,1.62,None,0.4541,0.5115,None,0.8,0.09,0.8762
2008-12-28,469236315,469236315,1,4645620000,380838000,2262329000,502489000,2383291000,0,0,2265248000,1081151000,896522000,-393218000,-393218000,-1.71,-1.71,0.02,30305000,157911000,-120035000,68181000,90090000,48588000,4.69,6.75,2.63,-0.5593,-0.2198,5.08,1.31,None,1.6,None,0.4536,0.513,None,0.84,-0.04,0.7579
2008-09-28,93300000,93300000,1,1322170000,104610000,987781000,228749000,334235000,154000,0,525004000,666240000,310371000,-12147000,-12147000,-0.13,-0.13,0.08,18838000,14376000,-26275000,6939000,26032000,17958000,5.89,7.06,4.72,-0.1422,-0.0384,3.58,1.57,None,1.58,None,1.9933,0.2528,None,0.9,0.01,0.4573
2008-06-29,93034216,93034216,1,1355935000,98084000,1006032000,179909000,349674000,229000,0,526886000,729955000,313014000,-6905000,-6905000,-0.07,-0.07,0.08,6019000,-27611000,-18341000,-39933000,19093000,23673000,6.91,7.91,5.9,-0.0939,-0.026,3.76,1.76,None,1.5,None,2.0875,0.2579,None,0.88,-0.19,0.5452
2008-03-30,92806208,92806208,1,1405412000,155938000,1040854000,213090000,363586000,972000,0,529155000,728235000,302854000,-67471000,-67471000,-0.73,-0.73,0.08,16929000,-27745000,-8274000,-19090000,59026000,16770000,8.43,10.11,6.76,-0.1395,-0.0394,3.92,1.74,52.69,1.42,None,2.0029,0.2587,None,0.85,0,0.7318
2007-12-30,92769901,92769901,1,1454567000,170254000,1004735000,207163000,448874000,958000,0,514096000,711531000,320637000,33312000,33312000,0.35,0.35,0.08,-19949000,-18210000,-18297000,-56456000,78116000,23980000,11.41,15,7.82,0.0362,0.0106,4.84,2.47,None,1.34,1.8452,1.5851,0.3086,0.0127,0.84,-0.47,0.8218
2007-09-30,92767501,92767501,1,1530406000,271812000,1092804000,275631000,428509000,9093000,0,590990000,720357000,324213000,3731000,3731000,0.04,0.04,0.08,12609000,-5062000,-7518000,29000,134572000,22116000,14.14,16.9,11.38,-0.0428,-0.0125,4.62,3.01,None,1.26,None,1.6811,0.28,None,0.83,-0.1,0.9861
2007-07-01,92761555,92761555,1,1547793000,277953000,1101509000,286082000,435201000,11083000,0,592074000,713317000,316821000,-28023000,-28023000,-0.3,-0.3,0.08,30192000,-33772000,-10314000,-13894000,134543000,17639000,17.12,18.99,15.25,-0.0471,-0.0144,4.69,3.4,190.22,1.18,None,1.6391,0.2812,None,0.81,0.14,0.9716
2007-04-01,92606116,92606116,1,1519958000,360164000,1041355000,212639000,465415000,13188000,0,591940000,706490000,302046000,7061000,7061000,0.07,0.07,0.08,-2761000,17120000,-14074000,285000,148437000,16515000,18.6,20.55,16.65,0.0172,0.0033,5.03,3.63,None,1.1,3.3584,1.518,0.3062,0.0069,0.48,-0.21,1.6938
2006-12-31,92612862,92612862,1,1560449000,391770000,1071582000,230576000,474642000,14225000,0,591978000,701916000,331429000,-2064000,-2064000,-0.02,-0.02,0.08,-13656000,-35424000,-25201000,-74281000,148152000,-17886000,17.53,20.56,14.5,-0.0218,-0.0032,5.13,2.93,None,1.02,None,1.4788,0.3042,None,0.36,0.05,1.6991
2006-10-01,88915631,88915631,1,1609484000,439644000,1062979000,232241000,531698000,14807000,0,599334000,696607000,311877000,548000,548000,0.01,0.01,0.08,1137639000,-1041670000,-63969000,32000000,222433000,19449000,14.68,16.5,12.86,-0.0509,-0.0067,5.98,2.43,None,0.94,None,1.3102,0.3304,None,0.32,12.58,1.8931
2006-07-02,88445055,88445055,1,5674251000,4510419000,5087182000,4252726000,534644000,52425000,0,606704000,695222000,307829000,3092000,3092000,0.03,0.03,0.08,191223000,-196490000,-47599000,-52866000,190433000,19257000,16.2,17.84,14.55,-0.146,-0.0165,6.04,2.63,None,0.86,None,1.3003,0.0942,None,0.28,1.94,1.0606
2006-04-02,88049911,88049911,1,5102711000,3946368000,4511923000,3649522000,541248000,49540000,0,591760000,733900000,292143000,-12905000,-12905000,-0.16,-0.16,0.08,-713228000,769139000,-15452000,40459000,243299000,14570000,16.14,17.48,14.8,-0.1734,-0.0224,6.15,3.59,None,0.78,None,1.3559,0.1061,None,0.29,-8.27,1.0813
2006-01-01,87956861,87956861,1,2809489000,1655286000,2370493000,1358859000,395570000,43426000,0,594024000,894527000,305558000,-16245000,-16245000,-0.17,-0.17,0.08,None,None,None,-42872000,202840000,-1672000,14.98,15.8,14.15,-0.1585,-0.0245,4.5,2.82,None,0.7,None,2.2614,0.1408,None,0.32,None,1.2181
2005-10-02,76436945,76436945,1,2984792000,1792626000,2541121000,1426694000,405972000,37699000,0,636704000,981318000,240356000,-42480000,-42480000,-0.58,-0.58,0.08,-108997000,-105328000,141266000,-73077000,245712000,10671000,15.18,16,14.36,-0.2067,-0.0369,5.31,3.86,None,0.62,None,2.4172,0.136,None,0.26,-1.57,1.2565
2005-07-03,76306592,76306592,1,1804682000,1403915000,1492018000,940537000,300105000,12559000,0,118566000,450599000,93723000,419000,419000,0.01,0.01,0.065,-24557000,16289000,-13970000,-21796000,318789000,1554000,13.85,15.34,12.36,-0.0109,-0.0025,3.93,3.05,None,0.54,None,1.5015,0.1663,None,0.24,-0.34,1.4927
2005-04-03,66566170,66566170,1,1489489000,1092294000,1174987000,638146000,302239000,12263000,0,118264000,436691000,87697000,2679000,2679000,0.04,0.04,0.065,-375535000,368020000,-19631000,-27407000,340585000,1588000,13.5,15.4,11.6,-0.0167,-0.0044,4.54,2.92,None,0.48,None,1.4449,0.2029,None,0.27,-5.67,1.7117
2005-01-02,65572082,65572082,1,1066973000,669766000,753146000,205844000,303139000,10688000,0,118264000,446479000,61004000,-28378000,-28378000,-0.43,-0.43,0.07,-64755000,20539000,-6856000,-51095000,367992000,-2622000,11.82,12.9,10.74,-0.0366,-0.0105,4.62,2.48,107.45,0.41,None,1.4729,0.2841,None,0.29,-0.95,3.2538
2004-09-26,64463389,64463389,1,1016920000,633919000,709372000,162629000,307548000,0,0,132966000,455942000,85960000,21972000,21972000,0.32,0.31,0.065,36104000,-101143000,-9846000,-74906000,419087000,5098000,10.66,11.7,9.62,0.0329,0.0094,4.77,2.4,None,0.34,1.805,1.4825,0.3024,0.0313,0.3,0.48,3.8979
2004-06-27,64189106,64189106,1,1009524000,742701000,724821000,152496000,284703000,0,0,71991000,465278000,77465000,-1276000,-1276000,-0.02,-0.02,0.065,11228000,13006000,-11055000,13099000,493993000,1742000,10.41,11.15,9.67,-0.0411,-0.0114,4.44,2.29,None,0.28,None,1.6343,0.282,None,0.28,0.15,4.8703
2004-03-28,63626893,63626893,1,1017148000,749636000,727999000,144233000,289149000,0,0,72045000,474132000,69191000,-3156000,-3156000,-0.05,-0.05,0.065,-1004000,-71177000,-7218000,-79616000,480894000,1052000,10.95,11.94,9.95,-0.0413,-0.0114,4.54,2.3,None,0.21,None,1.6397,0.2843,None,0.28,-0.03,5.1974
2003-12-28,60484099,60484099,1,1042965000,None,755359000,None,287606000,0,0,72268000,483280000,74451000,-7935000,-7935000,-0.13,-0.13,0.08,-17583000,55041000,-9617000,16564000,560510000,1805000,10.84,12.08,9.6,-0.0359,-0.0104,4.76,2.19,70.7,0.15,None,1.6804,0.2758,None,0.28,-0.32,None
2003-09-28,59245827,59245827,1,1081313000,783767000,787276000,172566000,294037000,0,0,101993000,492305000,74635000,495000,495000,0.01,0.01,0.065,31540000,-38866000,-9400000,-16918000,543946000,1595000,9.39,10.43,8.36,0.0305,0.0093,4.96,1.88,90.87,0.07,0.4032,1.6743,0.2719,0.0389,0.24,0.51,4.5418
2003-06-29,19588173,58764519,3,1090475000,791556000,796432000,173615000,294043000,0,0,98971000,501192000,74800000,-1424000,-1424000,-0.07,-0.07,0,-23643000,3021000,113410000,94423000,561948000,1149000,8.64,9.25,8.04,0.0203,0.0068,5,1.63,2592,0,0,1.7045,0.2696,0.0331,0.2,-0.42,4.5593
2003-03-30,20947333,62841999,3,952885000,661150000,620194000,155516000,332691000,0,0,98990000,340917000,69734000,-1974000,-1974000,-0.1,-0.1,0,-20473000,33753000,-6551000,10053000,467525000,721000,8.15,8.62,7.68,0.0013,0.0005,5.29,1.5,407.5,0,0,1.0247,0.3491,0.003,0.16,-0.34,4.2513
2002-12-29,20448722,61346166,3,968891000,670890000,636149000,160452000,332742000,0,0,98980000,352700000,26329000,12455000,12455000,0.6,0.6,0,11657000,5358000,-15645000,13234000,457472000,77000,7.68,8.61,6.75,0.0041,0.0015,5.42,1.45,None,0,0,1.06,0.3434,0.0136,0.11,0.19,4.1813
2002-09-29,20347939,61043817,3,831287000,662780000,507426000,126803000,323861000,0,0,23002000,269710000,25657000,-2555000,-2555000,-0.12,-0.12,0,7877000,-3723000,-7024000,-2955000,444238000,7000,7.65,8.46,6.84,-0.014,-0.0055,5.31,1.44,None,0,None,0.8328,0.3896,None,0.12,0.13,5.2268
2002-06-30,20507131,61521393,3,839076000,665032000,511916000,123476000,327160000,0,0,23175000,276225000,18914000,-7511000,-7511000,-0.37,-0.37,0,4266000,808000,-4522000,704000,447193000,0,8.48,8.82,8.13,-0.0116,-0.0045,5.32,1.57,13.46,0,None,0.8443,0.3899,None,0.13,0.07,5.3859
2002-03-31,20481040,61443120,3,841753000,665952000,510781000,114042000,330972000,0,0,23251000,282641000,27873000,-1046000,-1046000,-0.05,-0.05,0,-11799000,-44506000,-3957000,-59972000,446489000,23000,8.09,8.8,7.37,0.131,0.0504,5.39,1.49,10.6,0,0,0.854,0.3932,0.3373,0.15,-0.19,5.8395
2001-12-30,20455403,61366209,3,868409000,689761000,536012000,133124000,332397000,0,0,23394000,288955000,30686000,6499000,6499000,0.36,0.34,0,-7727000,143007000,-5637000,143391000,506461000,-13203000,7.92,8.37,7.47,0.1646,0.062,5.42,1.49,1.13,0,0,0.8693,0.3828,0.3832,0.16,0.09,5.1813
2001-09-30,20376692,61130076,3,844162000,658176000,519151000,114945000,325011000,0,0,23736000,295175000,29787000,-1768000,-1768000,-0.08,-0.08,0,8302000,-21960000,-25894000,-39795000,363070000,24129000,8.05,8.83,7.27,None,0.532,5.32,1.49,1.14,0,0,0.9082,0.385,3.5739,0.15,-0.26,5.726
2001-07-01,20360932,61082796,3,869434000,703903000,539929000,105158000,329505000,0,0,24088000,281392000,39625000,39477000,39477000,1.77,1.68,0,13736000,34321000,-2623000,102707000,402865000,300000,8.38,8.8,7.95,None,0.6195,5.39,1.95,1.27,0,0,0.854,0.379,3.6165,0.17,0.22,6.6938
2001-04-01,22274885,66824655,3,801378000,650591000,514145000,72197000,287233000,0,0,24468000,286604000,36677000,8208000,8208000,0.37,0.35,0,-19873000,-29665000,-6644000,-295977000,300158000,729000,8.34,8.87,7.81,None,0.527,4.3,1.97,1.28,0,0,0.9978,0.3584,1.2419,0.42,-0.31,9.0113
2000-12-31,22249676,66749028,3,1067424000,935053000,785114000,338734000,282310000,0,0,24834000,291718000,27233000,430563000,430563000,19.03,19.05,0,14479000,-214627000,235245000,483951000,596135000,-2678000,8.14,8.65,7.63,None,0.4748,4.23,None,37,0,0,1.0333,0.2645,0.86,0.55,0.26,2.7604
2000-10-01,22304377,66913131,3,371517000,278093000,524955000,61260000,-153438000,0,0,24931000,18205000,29638000,3368000,3368000,0.15,0.14,0,45810000,21102000,-26667000,-7070000,112184000,-9740000,8.11,9.33,6.88,None,0.0166,-2.29,None,22.74,0,0,None,None,0.0238,0.7,0.83,4.5396
2000-07-02,22009950,66029850,3,1150462000,483712000,1311329000,246899000,-160867000,0,0,289394000,855912000,266169000,4590000,4590000,0.19,0.18,0,24836000,11161000,-11763000,24214000,153294000,3191000,6.89,7.48,6.31,None,0.0235,-2.44,None,19.88,0,0,None,None,0.0301,0.78,0.33,1.9591
2000-04-02,23919602,71758806,3,1127921000,454392000,1294308000,225345000,-166387000,0,0,291334000,867663000,190018000,2720000,2720000,0.11,0.11,0,-35847000,4330000,-1260000,-32803000,129080000,16970000,6.59,7.58,5.6,None,0.0229,-2.32,None,42.06,0,0,None,None,0.0302,0.76,-0.74,2.0164
2000-01-02,23839395,71518185,3,1123732000,477643000,1290458000,239651000,-166726000,0,0,293296000,850859000,174244000,5003000,5003000,0.21,0.23,0,29245000,-25534000,-2679000,1271000,161883000,3066000,6.45,7.15,5.75,None,0.0087,-2.33,None,None,0,0,None,None,0.0119,0.73,0.37,1.9931
1999-10-03,23660272,70980816,3,1123973000,496011000,1301308000,245903000,-177335000,0,0,273065000,846739000,250711000,14246000,14246000,0.58,0.55,0,26607000,-29114000,-41826000,-57546000,160612000,6588000,7,7.38,6.63,None,-0.0114,-2.5,None,None,0,None,None,None,None,0.78,0.28,2.0171
1999-07-04,25575060,76725180,3,1203888000,573571000,1265689000,271533000,-61801000,0,0,275911000,881791000,250826000,4220000,4220000,0.16,0.15,0,32100000,-16719000,-76476000,-63107000,218158000,4734000,6.46,7.27,5.65,None,-0.0221,-0.81,161.5,None,0,None,None,None,None,0.78,0.36,2.1123
1999-04-04,25565583,76696749,3,1226206000,591045000,1223370000,197334000,2836000,0,0,279083000,894781000,178191000,-13345000,-13345000,-0.46,-0.46,0,-35735000,-31112000,186912000,120017000,281265000,1604000,5.37,5.81,4.92,None,-0.0191,0.04,44.75,None,0,None,315.5081,0.0023,None,0.78,-0.49,2.9952
1999-01-03,29318251,87954753,3,1019892000,409497000,1008978000,201139000,10914000,0,0,268436000,698981000,209346000,-18132000,-18132000,-0.6,-0.6,0,1678000,2964000,-7368000,-2793000,161248000,4255000,4.81,5.5,4.13,-0.2097,-0.0034,0.12,68.71,12.55,0,None,64.0444,0.0107,None,0.81,-0.03,2.0359
1998-09-27,29239877,87719631,3,1076599000,463986000,1070053000,246891000,6546000,0,0,271017000,693460000,247031000,2252000,2252000,0.07,0.07,0,17475000,-7158000,-29651000,-19380000,164041000,1109000,6.29,7.75,4.83,None,0.0332,0.07,21.69,13.2,0,0,105.9364,0.0061,0.0437,0.76,0.19,1.8793
1998-06-28,30587709,91763127,3,1117550000,500221000,1090996000,273461000,26554000,0,0,273746000,698811000,232891000,8069000,8069000,0.26,0.25,0,17948000,-5789000,-9582000,3136000,183421000,2374000,8.21,9.25,7.17,None,0.0408,0.29,30.41,615.75,0,0,26.3166,0.0238,0.0526,0.77,0.17,1.8292
1998-03-29,30660873,91982619,3,1053954000,403668000,1028999000,201620000,24955000,0,0,276476000,709066000,172053000,4195000,4195000,0.13,0.13,0,-22032000,2485000,67900000,50805000,180285000,6168000,8.54,9.42,7.67,None,0.0016,0.27,17.79,None,0,0,28.4138,0.0237,0.0021,0.76,-0.31,2.0021
1997-12-28,30657366,91972098,3,1004873000,355759000,960885000,225673000,43988000,0,0,279225000,604830000,154797000,20744000,20744000,0.7,None,0,10780000,76131000,2506000,65162000,129480000,6249000,7.15,8.42,5.88,None,-0.0035,0.48,None,None,0,None,13.7499,0.0438,None,0.83,0.05,1.5764
1997-09-28,30071070,90213210,3,1136359000,391048000,1129206000,264429000,-15140000,22293000,0,288767000,737273000,275001000,10940000,10940000,0.35,None,0,32679000,-2103000,-32630000,-2200000,69149000,3323000,6.86,7.71,6,None,-0.0785,-0.17,None,None,0,None,None,None,None,0.92,0.33,1.4788
1997-06-29,30009729,90029187,3,1156990000,407998000,1151527000,254561000,-24396000,29859000,0,290593000,767737000,226122000,-34123000,-34123000,-1.14,None,0,8320000,-306168000,249146000,-49167000,71349000,3188000,6.58,7.88,5.29,None,-0.0413,-0.27,109.67,None,0,None,None,None,None,0.9,0.06,1.6028
1997-03-30,29949214,89847642,3,844557000,422194000,804473000,254117000,5768000,34316000,0,202026000,487612000,205401000,-1177000,-1177000,-0.04,None,0,2232000,-28484000,-8859000,-33889000,120516000,1146000,4.83,6,3.67,-0.733,-0.018,0.06,69,None,0,None,84.5374,0.0068,None,1.01,0.01,1.6614
1996-12-31,30109731,90329193,3,854404000,445662000,813915000,250487000,6765000,33724000,0,203914000,500529000,207432000,-54019000,-54019000,-1.7,None,0,-22520000,-27793000,40040000,-10321000,154405000,8547000,3.92,4.25,3.58,-0.5589,-0.0153,0.07,5.68,None,0,None,73.988,0.0079,None,1.09,-0.34,1.7792
1996-09-30,29874844,89624532,3,909829000,371354000,820163000,176964000,61724000,27942000,0,211979000,565088000,206447000,50454000,50454000,1.6,None,0,12226000,-55379000,72520000,31306000,164726000,10408000,3.81,4.29,3.33,0.0413,0.0012,0.69,34.64,None,0,0,9.1551,0.0678,0.0011,1.13,0.02,2.0985
1996-06-30,29881751,89645253,3,836473000,302920000,826276000,215014000,10197000,0,0,214080000,564566000,246477000,-10734000,-10734000,-0.36,None,0,23016000,241831000,-172442000,92420000,133420000,6168000,4.14,4.46,3.83,None,-0.0548,0.11,18,None,0,None,55.3659,0.0122,None,1.18,0.19,1.4088
1996-03-31,29917674,89753022,3,1037192000,375111000,1016394000,211380000,20798000,0,0,225528000,757387000,328893000,398000,398000,0.01,None,0,22066000,2376000,-47395000,-23205000,41000000,4956000,4.21,4.79,3.63,None,-0.0419,0.23,18.3,None,0,None,36.4163,0.0201,None,1.18,0.19,1.7746
1995-12-31,29915824,89747472,3,1085966000,412828000,1065316000,254558000,20650000,0,0,227825000,763346000,315072000,-38947000,-38947000,-1.31,None,0,-25169000,-34120000,30512000,-29613000,64205000,21632000,3.96,4.75,3.17,-0.7348,-0.037,0.23,6.19,None,0,None,36.9659,0.019,None,1.18,-0.52,1.6217
1995-09-30,29907918,89723754,3,1062675000,362645000,1005404000,200069000,57271000,0,0,282443000,754434000,291875000,-5776000,-5776000,-0.19,None,0,-2183000,-126272000,103154000,-25890000,39046000,20507000,4.67,5.21,4.13,None,-0.0109,0.64,6.67,None,0,None,13.1731,0.0539,None,1.19,-0.25,1.8126
1995-06-30,29905461,89716383,3,946893000,359318000,884448000,190276000,62445000,0,0,199295000,649903000,279281000,1010000,1010000,0.03,None,0,12168000,-5212000,32782000,39644000,64936000,19500000,4.98,5.58,4.38,None,-0.0083,0.7,7.32,None,0,None,10.4076,0.0659,None,1.21,-0.08,1.8884
1995-03-31,29914810,89744430,3,904096000,323398000,843072000,182131000,61024000,0,0,201028000,614374000,297993000,6719000,6719000,0.23,0.22,0,-14539000,-22192000,-16802000,-54772000,25292000,15969000,4.06,4.42,3.71,None,None,0.68,None,None,0,None,10.0677,0.0675,None,1.22,-0.34,1.7756
1994-12-31,29912680,89738040,3,922167000,359149000,953950000,223005000,-31783000,0,0,202797000,612118000,268890000,-12424000,-13883000,-0.54,None,0,-16582000,-37571000,25565000,-36474000,80064000,47363000,3.94,4.54,3.33,None,None,-0.35,None,None,0,None,None,None,None,1.2,-0.71,1.6105
1994-09-30,24049923,72149769,3,862444000,321403000,881769000,175424000,-19325000,0,0,207020000,578460000,256143000,-2883000,-4341000,-0.18,None,0,-8317000,495000,-7376000,-14542000,46836000,2966000,5.08,5.75,4.42,None,None,-0.27,None,None,0,None,None,None,None,None,-0.16,1.8321
1994-06-30,24030734,72092202,3,885984000,343157000,900436000,200441000,-14452000,0,0,209071000,571639000,267429000,-1587000,-3045000,-0.13,None,0,18615000,-11552000,-543000,12279000,61378000,11310000,6.38,7.33,5.42,None,None,-0.2,None,None,0,None,None,None,None,None,0.1,1.712
1994-03-31,24066732,72200196,3,861343000,341578000,901862000,200918000,-68981000,28462000,0,186387000,568886000,270059000,8785000,7327000,0.34,0.33,0,-33803000,-20528000,-15747000,-69702000,49099000,11260000,7.34,8.63,6.04,None,None,-0.96,None,None,0,None,None,None,None,None,-0.62,1.7001
1993-12-31,24056732,72170196,3,897246000,359346000,874252000,225840000,-75981000,98975000,0,186572000,488654000,None,None,None,None,None,0,None,None,None,None,118801000,0,9.13,10.33,7.92,None,None,-1.05,None,None,0,None,None,None,None,None,None,1.5912
