"Quarter end","Shares","Shares split adjusted","Split factor","Assets","Current Assets","Liabilities","Current Liabilities","Shareholders equity","Non-controlling interest","Preferred equity","Goodwill & intangibles","Long-term debt","Revenue","Earnings","Earnings available for common stockholders","EPS basic","EPS diluted","Dividend per share","Cash from operating activities","Cash from investing activities","Cash from financing activities","Cash change during period","Cash at end of period","Capital expenditures","Price","Price high","Price low","ROE","ROA","Book value of equity per share","P/B ratio","P/E ratio","Cumulative dividends per share","Dividend payout ratio","Long-term debt to equity ratio","Equity to assets ratio","Net margin","Asset turnover","Free cash flow per share","Current ratio"
2019-06-30,552291064,552291064,1,15517000000,7206000000,4960000000,2824000000,10557000000,0,0,4812000000,718000000,4141000000,509000000,509000000,0.9,0.9,0.2,575000000,1267000000,-1137000000,710000000,1660000000,96000000,65.78,74.84,56.73,0.1882,0.1322,19.11,3.36,18.85,1.65,0.2193,0.068,0.6804,0.1261,1.05,0.87,2.5517
2019-03-31,569282940,569282940,1,16096000000,7883000000,4960000000,2720000000,11136000000,0,0,4823000000,727000000,4110000000,441000000,441000000,0.77,0.77,0.2,269000000,356000000,-839000000,-211000000,950000000,106000000,67.85,74.69,61.01,0.183,0.1303,19.56,3.42,18.85,1.45,0.2279,0.0653,0.6918,0.1239,1.05,0.29,2.8982
2018-12-31,575099275,575099275,1,15913000000,8677000000,4489000000,2777000000,11424000000,0,0,4631000000,736000000,4129000000,648000000,648000000,1.12,1.12,0.2,702000000,-550000000,-325000000,-178000000,1161000000,96000000,68.67,77.87,59.47,0.1908,0.1377,19.86,3.62,28.03,1.25,0.2209,0.0644,0.7179,0.1303,1.06,1.05,3.1246
2018-09-30,579028009,579028009,1,15274000000,8727000000,4296000000,2693000000,10978000000,0,0,4058000000,624000000,4078000000,477000000,477000000,0.82,0.82,0.2,862000000,-266000000,-146000000,438000000,1339000000,94000000,78.69,83.35,74.02,0.1326,0.0951,18.96,4.29,31.86,1.05,0.3047,0.0568,0.7187,0.0907,1.05,1.33,3.2406
2018-06-30,580233834,580233834,1,14806000000,8303000000,4158000000,2537000000,10648000000,0,0,4096000000,649000000,4006000000,456000000,456000000,0.78,0.78,0.2,640000000,-584000000,-734000000,-698000000,901000000,91000000,78.6,83.24,73.97,0.1343,0.0974,18.35,4.19,31.57,0.85,0.2821,0.061,0.7192,0.0937,1.04,0.95,3.2728
2018-03-31,585898903,585898903,1,15045000000,8990000000,4057000000,2469000000,10988000000,0,0,3668000000,673000000,3912000000,520000000,520000000,0.89,0.88,0.2,388000000,-227000000,-488000000,-326000000,1599000000,96000000,77.82,85.1,70.54,0.1361,0.0998,18.75,4.29,30.76,0.65,0.2607,0.0612,0.7303,0.0967,1.03,0.5,3.6412
2017-12-31,588051333,588051333,1,15221000000,9111000000,4552000000,2839000000,10669000000,0,0,3685000000,698000000,3828000000,-18000000,-18000000,-0.03,-0.03,0.15,836000000,-160000000,-333000000,348000000,1925000000,80000000,73.1,76.51,69.69,0.1429,0.1049,18.14,3.93,22.49,0.45,0.1764,0.0654,0.7009,0.1016,1.03,1.29,3.2092
2017-09-30,589645636,589645636,1,14580000000,8557000000,3601000000,2600000000,10979000000,0,0,3565000000,723000000,3766000000,495000000,495000000,0.84,0.84,0.15,773000000,-124000000,-231000000,420000000,1577000000,78000000,69.53,73,66.05,0.1837,0.1374,18.62,3.92,22.14,0.3,0.0914,0.0659,0.753,0.1341,1.02,1.18,3.2912
2017-06-30,590622691,590622691,1,13938000000,8099000000,3455000000,2415000000,10483000000,0,0,3470000000,747000000,3670000000,470000000,470000000,0.8,0.8,0.15,521000000,-389000000,-297000000,-151000000,1157000000,60000000,62.84,68.18,57.5,0.1819,0.1358,17.75,3.71,22.85,0.15,0.047,0.0713,0.7521,0.1335,1.02,0.78,3.3536
2017-03-31,588996873,588996873,1,13629000000,7842000000,3646000000,2585000000,9983000000,0,0,3486000000,772000000,3546000000,557000000,557000000,0.92,0.92,0,277000000,91000000,-1124000000,-726000000,1308000000,66000000,55.95,60.39,51.52,0.1633,0.1219,16.95,3.17,21.94,0,0,0.0773,0.7325,0.1207,1.01,0.36,3.0337
2016-12-31,608637143,608637143,1,14262000000,8600000000,3534000000,2418000000,10728000000,0,0,3505000000,797000000,3461900000,415000000,415000000,0.68,0.69,0,598600000,-90300000,10600000,483900000,2034000000,87200000,53.5,58.5,48.5,0.1534,0.1153,17.63,3.15,20.9,0,0,0.0743,0.7522,0.1151,1,0.84,3.5567
2016-09-30,606704575,606704575,1,13716700000,8199800000,3424400000,2300700000,10292300000,0,0,3418900000,821600000,3453200000,444400000,444400000,0.73,0.73,0,594000000,-612400000,-118500000,-134200000,1550300000,74200000,52.95,60.47,45.44,0.16,0.1186,16.96,3.26,21.35,0,0,0.0798,0.7503,0.1178,1.01,0.86,3.564
2016-06-30,606942840,606942840,1,13140100000,7758900000,3277200000,2120000000,9862900000,0,0,3419300000,840000000,3369900000,252400000,252400000,0.42,0.41,0,359600000,-31900000,-143300000,160700000,1684500000,74900000,59.2,63.23,55.17,0.1612,0.1183,16.25,3.73,21.53,0,0,0.0852,0.7506,0.1166,1.01,0.47,3.6599
2016-03-31,605869539,605869539,1,12735900000,7570900000,3123600000,2050400000,9612300000,0,0,3324100000,858400000,3202000000,441200000,441200000,0.73,0.72,0,68800000,-228400000,-467800000,-601400000,1523800000,63700000,57.33,63.43,51.22,0.1855,0.1349,15.87,3.76,21.63,0,0,0.0893,0.7547,0.1324,1.02,0.01,3.6924
2015-12-31,609120446,609120446,1,13065400000,7908600000,3787300000,2713700000,9278100000,0,0,3269000000,881200000,3232500000,423400000,423400000,0.7,0.7,0,690000000,-340200000,306800000,648500000,2125200000,74100000,63.97,69.8,58.15,0.1865,0.1339,15.23,4.41,25.19,0,0,0.095,0.7101,0.1308,1.02,1.01,2.9143
2015-09-30,608068826,608068826,1,12267600000,7237900000,3440600000,2128400000,8827000000,0,0,3285000000,900000000,3187000000,397200000,397200000,0.65,0.65,0,817900000,-176900000,-248500000,387400000,1476700000,65100000,63.42,69.35,57.5,0.1878,0.1326,14.52,4.53,25.68,0,0,0.102,0.7195,0.1311,1.01,1.24,3.4006
2015-06-30,609529268,609529268,1,11797600000,6771400000,3256800000,1956500000,8540800000,0,0,3311400000,912500000,3085100000,420100000,420100000,0.69,0.68,0,456100000,-489500000,-149100000,-182100000,1089300000,75600000,62.16,65.96,58.35,0.1911,0.1379,14.01,4.64,25.9,0,0,0.1068,0.7239,0.1344,1.03,0.62,3.461
2015-03-31,610517593,610517593,1,11383400000,6406500000,3204900000,1884100000,8178500000,0,0,3332000000,925000000,2911400000,382900000,382900000,0.63,0.62,0,189300000,-364000000,-557300000,-738700000,1271400000,58000000,57.7,64.69,50.71,0.1945,0.1437,13.4,4.54,24.55,0,0,0.1131,0.7185,0.137,1.05,0.22,3.4003
2014-12-31,609616575,609616575,1,11718916000,6750297000,3978698000,2592094000,7740218000,0,0,3367313000,937500000,2742230000,362857000,362857000,0.61,0.59,0,324196000,-2534058000,1611798000,-607470000,2010149000,74656000,48.91,54.89,42.94,0.2003,0.1519,12.7,4.04,21.36,0,0,0.1211,0.6605,0.1402,1.08,0.41,2.6042
2014-09-30,608917740,608917740,1,9227043000,7260026000,1845333000,1741464000,7381710000,0,0,547468000,0,2581009000,355624000,355624000,0.58,0.58,0,583181000,64552000,-8400000,625177000,2617619000,55590000,46.45,51.38,41.51,0.2065,0.1629,12.12,4.04,20.78,0,0,0,0.8,0.1418,1.15,0.87,4.1689
2014-06-30,607924314,607924314,1,8687294000,6740690000,1696465000,1567662000,6990829000,0,0,570493000,0,2517094000,371908000,371908000,0.61,0.61,0,408313000,-257534000,-93415000,56451000,1992442000,38701000,49.56,53.4,45.73,0.2149,0.1665,11.5,4.56,23.38,0,0,0,0.8047,0.1422,1.17,0.61,4.2998
2014-03-31,608453905,608453905,1,8279299000,6290740000,1656342000,1502866000,6622957000,0,0,569917000,0,2422348000,348878000,348878000,0.57,0.57,0,157320000,-433654000,-6573000,-277015000,1935991000,43256000,50.71,54,47.42,0.218,0.1662,10.88,5.02,25.17,0,0,0,0.7999,0.1399,1.19,0.19,4.1858
2013-12-31,303711987,607423974,2,8208914000,6147882000,2073123000,1774508000,6135791000,0,0,575510000,0,2355488000,324332000,324332000,1.07,1.06,0,505873000,-352387000,30182000,181887000,2213006000,107280000,45.59,50.56,40.62,0.2201,0.1663,10.1,4.88,23.44,0,0,0,0.7475,0.1389,1.2,0.66,3.4646
2013-09-30,302497091,604994182,2,7617149000,5739205000,1968873000,1602038000,5648276000,0,0,536100000,0,2305723000,319627000,319627000,1.06,1.05,0,478878000,-152602000,28332000,352914000,2031119000,31836000,36.83,42.09,31.57,0.2249,0.1699,9.34,4.17,19.64,0,0,0,0.7415,0.1402,1.21,0.74,3.5824
2013-06-30,301368685,602737370,2,7012320000,5133961000,1688572000,1357297000,5323748000,0,0,534638000,0,2161240000,300410000,300410000,1,0.99,0,365557000,-39900000,-106313000,203345000,1678205000,50325000,34.7,38.95,30.46,0.2284,0.1731,8.83,4.01,19.39,0,0,0,0.7592,0.1421,1.22,0.52,3.7825
2013-03-31,301615588,603231176,2,6709302000,4836640000,1493368000,1225843000,5215934000,0,0,529850000,0,2020738000,284209000,284209000,0.94,0.93,0,73468000,-185874000,16932000,-95217000,1474860000,72185000,38.78,40.54,37.02,0.2331,0.1747,8.65,4.82,22.55,0,0,0,0.7774,0.1426,1.23,0,3.9456
2012-12-31,301781902,603563804,2,6521571000,4814294000,1667188000,1377330000,4854383000,0,0,396660000,0,1948215000,278779000,278779000,0.93,0.92,0,361860000,-140712000,24064000,245338000,1570077000,125749000,34.77,37.44,32.1,0.2351,0.1756,8.04,4.56,21.07,0,0,0,0.7444,0.1431,1.23,0.39,3.4954
2012-09-30,300191775,600383550,2,6107039000,4541531000,1534669000,1275588000,4572370000,0,0,388986000,0,1891688000,276901000,276901000,0.93,0.91,0,384860000,-86531000,-25649000,274494000,1324739000,69944000,31.34,35.73,26.96,0.2385,0.1766,7.62,4.58,20.09,0,0,0,0.7487,0.1434,1.23,0.52,3.5603
2012-06-30,298565179,597130358,2,5654219000,4152352000,1561886000,1151095000,4092333000,0,0,375741000,0,1795220000,251932000,251932000,0.83,0.82,0,324100000,-247316000,-348520000,-278290000,1050245000,78321000,33.27,38.92,27.63,0.2355,0.1756,6.85,4.64,22.4,0,0,0,0.7238,0.1422,1.23,0.41,3.6073
2012-03-31,304490277,608980554,2,5668125000,4196742000,1300876000,1021245000,4367249000,0,0,383325000,0,1711349000,243651000,243651000,0.8,0.79,0,101763000,-95487000,7117000,17629000,1328535000,60451000,35.73,39,32.46,0.2267,0.1734,7.17,5.49,25.07,0,0,0,0.7705,0.1422,1.22,0.07,4.1094
2011-12-31,303376134,606752268,2,5507933000,4085506000,1555047000,1209705000,3952886000,0,0,386388000,0,1663707000,240127000,240127000,0.79,0.78,0,285066000,-173232000,21276000,129687000,1310906000,124561000,34.35,38.72,29.98,0.2264,0.1753,6.51,5.27,25.16,0,0,0,0.7177,0.1444,1.21,0.26,3.3773
2011-09-30,302116724,604233448,2,5104115000,3812197000,1164593000,1040730000,3939522000,0,0,391623000,0,1600954000,227119000,227119000,0.75,0.73,0,329344000,-180646000,-146924000,-11821000,1181219000,74110000,32.81,38.85,26.77,0.223,0.1766,6.52,5.04,24.67,0,0,0,0.7718,0.1473,1.2,0.42,3.663
2011-06-30,303655336,607310672,2,4916702000,3757897000,964853000,887351000,3951849000,0,0,311986000,0,1485242000,208045000,208045000,0.68,0.67,0,215113000,-243746000,-80763000,-100459000,1193040000,33735000,36.97,41.74,32.2,0.2253,0.1798,6.51,5.97,29,0,0,0,0.8038,0.1535,1.17,0.3,4.235
2011-03-31,304249849,608499698,2,4637873000,3535800000,873684000,801713000,3764189000,0,0,305799000,0,1371253000,208327000,208327000,0.69,0.67,0,45629000,-252657000,-49044000,-247470000,1293499000,55815000,38.09,40.92,35.27,0.2298,0.1835,6.19,6.47,32.14,0,0,0,0.8116,0.1579,1.16,-0.02,4.4103
2010-12-31,304214788,608429576,2,4583074000,3518234000,998643000,930726000,3584431000,0,0,309099000,0,1310602000,206166000,206166000,0.68,0.66,0,392294000,-154305000,-14468000,223892000,1540969000,74551000,34.02,37.4,30.63,0.2278,0.1822,5.89,6.13,31.07,0,0,0,0.7821,0.1597,1.14,0.52,3.7801
2010-09-30,303482436,606964872,2,4246279000,3234680000,879095000,804169000,3367184000,0,0,312361000,0,1216913000,203699000,203699000,0.68,0.66,0,234738000,-34600000,61026000,277391000,1317077000,44796000,28.69,32.88,24.49,0.2248,0.1807,5.55,5.68,28.98,0,0,0,0.793,0.1604,1.13,0.31,4.0224
2010-06-30,300891248,601782496,2,3764154000,2804924000,723267000,645598000,3040887000,0,0,307786000,0,1105154000,172175000,172175000,0.57,0.56,0,135294000,-200844000,29904000,-41256000,1039686000,41946000,25.17,27.41,22.93,0.2194,0.1779,5.05,5.22,26.63,0,0,0,0.8079,0.1581,1.12,0.16,4.3447
2010-03-31,299418969,598837938,2,3509747000,2469233000,623378000,578147000,2886369000,0,0,270643000,0,959720000,151500000,151500000,0.51,0.49,0,2328000,-57141000,43541000,-19988000,1080942000,24219000,23.69,26.34,21.04,0.2239,0.1835,4.82,5.31,26.62,0,0,0,0.8224,0.1642,1.12,-0.04,4.2709
2009-12-31,297561219,595122438,2,3338240000,2307568000,685063000,646608000,2653177000,0,0,268129000,0,902721000,144004000,144004000,0.48,0.48,0,237522000,-175085000,45351000,108004000,1100930000,14626000,20.82,23.3,18.34,0.2269,0.1874,4.46,5.04,24.93,0,0,0,0.7948,0.1632,1.15,0.37,3.5687
2009-09-30,294713446,589426892,2,2976482000,2016826000,540264000,508374000,2436218000,0,0,226355000,0,853488000,136572000,136572000,0.47,0.45,0,208455000,-99245000,21464000,132549000,992926000,31988000,16.11,19.7,12.51,0.2303,0.1926,4.13,4.16,20.14,0,0,0,0.8185,0.1608,1.2,0.3,3.9672
2009-06-30,293210214,586420428,2,2673287000,1763674000,405590000,389858000,2267697000,0,0,200054000,0,776592000,141255000,141255000,0.48,0.47,0,151258000,-76889000,12432000,101809000,860377000,9553000,12.06,13.95,10.18,0.2354,0.198,3.87,3.4,16.3,0,0,0,0.8483,0.1593,1.24,0.24,4.5239
2009-03-31,292120295,584240590,2,2429045000,1525656000,356334000,340520000,2072711000,0,0,202043000,0,745862000,113132000,113132000,0.39,0.38,0,75090000,-43545000,-2299000,23502000,758568000,20472000,9.86,11.09,8.63,0.2316,0.1938,3.55,2.93,13.69,0,0,0,0.8533,0.1515,1.28,0.09,4.4804
2008-12-31,291759485,583518970,2,2374560000,1468119000,408982000,387577000,1965578000,0,0,201825000,0,753045000,112288000,112288000,0.39,0.37,0,192913000,-21553000,6797000,165804000,735066000,23085000,9.27,11.35,7.19,0.2406,0.1995,3.37,2.93,13.43,0,0,0,0.8278,0.153,1.3,0.29,3.7879
2008-09-30,291187366,582374732,2,2212228000,1321208000,369199000,345898000,1843029000,0,0,201153000,0,734726000,112828000,112828000,0.39,0.38,0,139766000,-59143000,-18212000,48069000,569262000,61115000,13.3,16.27,10.34,0.2489,0.2048,3.16,4.42,20.15,0,0,0,0.8331,0.1558,1.31,0.14,3.8196
2008-06-30,291625351,583250702,2,2109781000,1268620000,355407000,328447000,1754374000,0,0,204902000,0,685427000,103856000,103856000,0.36,0.35,0,74765000,-40466000,38573000,71454000,521193000,31787000,15.86,18.55,13.16,0.2541,0.2088,3.01,5.73,25.58,0,0,0,0.8315,0.1601,1.3,0.07,3.8625
2008-03-31,288883204,577766408,2,1941657000,1116421000,340631000,312660000,1601026000,0,0,195960000,0,643106000,101873000,101873000,0.35,0.34,0,22261000,66156000,16876000,109894000,449739000,53423000,14.34,17,11.69,0.2584,0.212,2.77,5.62,24.94,0,0,0,0.8246,0.1624,1.31,-0.05,3.5707
2007-12-31,288346719,576693438,2,1838306000,1242179000,370096000,340684000,1468210000,0,0,194354000,0,599956000,96256000,96256000,0.34,0.31,0,149896000,-26133000,-80317000,43357000,339845000,72034000,18.16,21.45,14.88,0.2581,0.212,2.55,7.29,33.94,0,0,0,0.7987,0.164,1.29,0.14,3.6461
2007-09-30,290360818,580721636,2,1739013000,1353594000,295506000,286354000,1443507000,0,0,57752000,0,558837000,96154000,96154000,0.33,0.32,0,129903000,-122312000,17936000,27503000,296488000,39562000,19.41,21.88,16.94,0.2571,0.2123,2.49,8.51,40.86,0,0,0,0.8301,0.165,1.29,0.16,4.727
2007-06-30,144661431,578645724,4,1584354000,1229570000,267111000,259119000,1317243000,0,0,58106000,0,516514000,82277000,82277000,0.57,0.54,0,52038000,-82549000,25789000,-4053000,268985000,42196000,20.69,22.66,18.71,0.2532,0.2082,2.28,9.95,47.84,0,0,0,0.8314,0.1621,1.28,0.02,4.7452
2007-03-31,143756189,575024756,4,1444690000,1137593000,247361000,239334000,1197329000,0,0,46629000,0,460270000,75446000,75446000,0.53,0.5,0,12483000,-46345000,40600000,7101000,273038000,28675000,21.5,23.72,19.28,0.254,0.2089,2.08,11.44,55.48,0,0,0,0.8288,0.1633,1.28,-0.03,4.7532
2006-12-31,142684891,570739564,4,1325981000,1040391000,252482000,249503000,1073499000,0,0,47653000,0,424430000,69533000,69533000,0.49,0.46,0,118458000,-76102000,24500000,68237000,265937000,33522000,19.36,20.55,18.16,0.2512,0.2074,1.88,11.39,52.68,0,0,0,0.8096,0.1634,1.27,0.15,4.1699
2006-09-30,141792731,567170924,4,1182512000,921217000,215954000,213281000,966558000,0,0,48242000,0,377522000,61027000,61027000,0.43,0.4,0,86746000,-113215000,20960000,-5405000,197700000,26223000,17.02,18.77,15.26,0.264,0.2191,1.7,10.98,50.43,0,0,0,0.8174,0.1758,1.25,0.11,4.3193
2006-06-30,140900833,563603332,4,1046066000,811590000,171873000,169320000,874193000,0,0,33844000,0,336836000,55071000,55071000,0.39,0.37,0,51599000,-32312000,14768000,37743000,203105000,24402000,15.73,17.25,14.22,0.2653,0.2214,1.55,11.16,51.15,0,0,0,0.8357,0.1799,1.23,0.05,4.7932
2006-03-31,140396657,561586628,4,934327000,709133000,141176000,138874000,793151000,0,0,34073000,0,285479000,47164000,47164000,0.34,0.32,0,-3927000,-50709000,22667000,-31576000,165362000,20587000,13.67,15.04,12.3,0.2674,0.2227,1.41,10.76,48.39,0,0,0,0.8489,0.1834,1.21,-0.04,5.1063
2005-12-31,140123246,560492984,4,869893000,663423000,155748000,155748000,714145000,0,0,34500000,0,256902000,57673000,57673000,0.41,0.38,0,66200000,-95673000,12964000,-17971000,196938000,22197000,11.91,13.06,10.75,0.2739,0.227,1.27,10.27,49.63,0,0,0,0.821,0.1877,1.21,0.08,4.2596
2005-09-30,138207482,552829928,4,771736000,591860000,130089000,130089000,641647000,0,0,35166000,0,235536000,40583000,40583000,0.3,0.28,0,62899000,-38564000,11476000,34786000,214909000,27221000,11.75,12.51,11,0.2569,0.2115,1.16,11.41,54.65,0,0,0,0.8314,0.1736,1.22,0.06,4.5497
2005-06-30,136612879,546451516,4,683208000,531858000,118020000,118020000,565188000,0,0,35112000,0,211711000,36032000,36032000,0.27,0.25,0,31055000,-35783000,11829000,5135000,180123000,13712000,11.26,12.54,9.98,0.2597,0.2106,1.03,11.98,57.74,0,0,0,0.8273,0.1728,1.22,0.03,4.5065
2005-03-31,135400554,541602216,4,604847000,482379000,97761000,96534000,507086000,0,0,21204000,0,181681000,31978000,31978000,0.24,0.22,0,-394000,-34526000,11182000,-24308000,174988000,8640000,10.55,12.15,8.96,0.2639,0.2114,0.94,12.56,60.29,0,0,0,0.8384,0.1733,1.22,-0.02,4.997
2004-12-31,134928346,539713384,4,572745000,453997000,119216000,115060000,453529000,0,0,21827000,0,172781000,30602000,30602000,0.23,0.21,0,51797000,-24790000,13069000,43076000,293446000,24790000,9.12,10.69,7.54,0.2671,0.2098,0.84,12.32,58.84,0,0,0,0.7919,0.1709,1.23,0.05,3.9457
2004-09-30,132963380,531853520,4,506842000,412004000,112733000,96284000,394109000,0,0,20230000,0,155429000,26052000,26052000,0.2,0.18,0,41972000,1082000,10804000,53343000,250370000,15474000,6.67,7.63,5.71,0.2644,0.2056,0.74,9.96,48.07,0,0,0,0.7776,0.1674,1.23,0.05,4.279
2004-06-30,131384050,525536200,4,442683000,360205000,93134000,72625000,349549000,0,0,20712000,0,138719000,23801000,23801000,0.18,0.17,0,30805000,-3626000,8352000,35042000,197027000,3626000,5.83,6.58,5.09,0.2654,0.2052,0.67,9.88,48.08,0,0,0,0.7896,0.1663,1.23,0.05,4.9598
2004-03-31,64818774,518550192,8,389350000,307041000,85137000,62839000,304213000,0,0,21343000,0,119744000,19788000,19788000,0.31,0.28,0,2759000,-41060000,4543000,-32236000,161985000,2691000,6.16,7.08,5.24,0.263,0.2006,0.59,11.62,58.67,0,0,0,0.7813,0.162,1.24,0,4.8862
2003-12-31,64580041,516640328,8,360589000,278497000,86519000,62636000,274070000,0,0,20913000,0,108158000,17725000,17725000,0.28,0.26,0,37902000,-13736000,6543000,34472000,194221000,9729000,5.35,6.05,4.65,0.2566,0.1932,0.53,11.63,59.44,0,0,0,0.7601,0.1558,1.24,0.05,4.4463
2003-09-30,63890331,511122648,8,313993000,242870000,77024000,49570000,236969000,0,0,16436000,0,98111000,15960000,15960000,0.25,0.23,0,18962000,-6562000,9318000,22010000,159749000,6562000,4.12,5.1,3.13,0.2484,0.1843,0.46,10.3,51.5,0,0,0,0.7547,0.1491,1.24,0.02,4.8995
2003-06-30,62910884,503287072,8,271412000,203859000,68015000,41591000,203397000,0,0,16770000,0,87446000,13502000,13502000,0.22,0.2,0,16271000,-11462000,6143000,11092000,137739000,7646000,2.67,3.15,2.19,0.2459,0.1798,0.4,7.42,37.04,0,0,0,0.7494,0.1464,1.23,0.02,4.9015
2003-03-31,61553576,492428608,8,241692000,182542000,62062000,37525000,179630000,0,0,13408000,0,74516000,10178000,10178000,0.17,0.15,0,6727000,-6054000,-227000,436000,126647000,6054000,2.68,3.01,2.35,0.2464,0.1761,0.36,7.88,39.46,0,0,0,0.7432,0.1464,1.2,0,4.8645
2002-12-31,20470238,491285712,24,231473000,175834000,65992000,41487000,165481000,0,0,13748000,0,67011000,9139000,9139000,0.45,0.42,0,21096000,-25121000,7083000,3129000,126211000,14669000,2.58,3.15,2,0.2569,0.1802,0.34,8.6,43.3,0,0,0,0.7149,0.1509,1.19,0.01,4.2383
2002-09-30,20141176,483388224,24,200776000,169316000,58154000,32682000,142622000,0,0,878000,0,61233000,9667000,9667000,0.49,0.45,0,15210000,-2758000,6981000,19239000,123082000,2758000,2.33,2.65,2.02,0.2551,0.1766,0.3,8.96,43.69,0,0,0,0.7104,0.1463,1.21,0.03,5.1807
2002-06-30,19833710,476009040,24,180792000,149944000,57699000,32108000,123093000,0,0,878000,0,54358000,8647000,8647000,0.44,0.41,0,12851000,-5641000,5305000,12657000,103843000,2897000,1.92,2.26,1.57,0.2516,0.1714,0.26,8.35,39.72,0,0,0,0.6809,0.1396,1.23,0.02,4.67
2002-03-31,19499231,467981544,24,154321000,127072000,47368000,22364000,106953000,0,0,878000,0,46484000,7109000,7109000,0.37,0.35,0,7525000,-1944000,674000,6209000,91186000,1944000,1.56,1.75,1.38,0.2487,0.169,0.23,7.43,34.35,0,0,0,0.6931,0.1311,1.29,0.01,5.682
2001-12-31,19359097,464618328,24,144983000,117335000,46191000,21698000,98792000,0,0,878000,0,43461000,4640000,4640000,0.24,0.22,0,8364000,-4262000,1157000,5210000,84977000,4262000,1.31,1.89,0.74,0.2554,0.1709,0.21,6.55,27.82,0,0,0,0.6814,0.1246,1.37,0.01,5.4076
2001-09-30,19256514,462156336,24,138573000,111264000,46077000,23700000,92496000,0,0,957000,0,45502000,6108000,6108000,0.32,0.3,0,15772000,-5405000,1691000,12108000,79767000,5405000,1.34,1.92,0.76,0.2918,0.1899,0.2,7.44,30.06,0,0,0,0.6675,0.1308,1.45,0.02,4.6947
2001-06-30,19115494,458771856,24,123283000,99721000,40330000,20191000,82953000,0,0,1036000,0,45411000,5847000,5847000,0.31,0.29,0,6485000,-2178000,2379000,6693000,67659000,2178000,1.57,1.98,1.16,0.3066,0.1965,0.18,9.81,38.45,0,0,0,0.6729,0.1295,1.52,0.01,4.9389
2001-03-31,18838526,452124624,24,111795000,88773000,38951000,20536000,72844000,0,0,1116000,0,43404000,5565000,5565000,0.3,0.28,0,1458000,-3108000,756000,-1010000,60966000,3108000,1.7,2.24,1.16,0.312,0.198,0.16,11.33,46.9,0,0,0,0.6516,0.129,1.53,-0,4.3228
2000-12-31,18715336,449168064,24,109540000,88223000,43424000,26722000,66116000,0,0,1195000,0,41053000,5420000,5420000,0.28,0.26,0,13027000,-4297000,406000,9140000,61976000,4297000,1.54,1.88,1.2,0.3073,0.1961,0.15,11.85,48.63,0,0,0,0.6036,0.129,1.52,0.02,3.3015
2000-09-30,18626379,447033096,24,95378000,77522000,35246000,19820000,60132000,0,0,1275000,0,37107000,4785000,4785000,0.26,0.24,0,10688000,-3481000,440000,7627000,52836000,3481000,1.67,2.04,1.29,0.2925,0.1914,0.13,13.92,59.82,0,0,0,0.6305,0.1276,1.5,0.02,3.9113
2000-06-30,18582299,445975176,24,83048000,67465000,28422000,14557000,54626000,0,0,1354000,0,31801000,4017000,4017000,0.22,0.2,0,8386000,-4036000,528000,4849000,45209000,2081000,1.86,2.71,1.01,0.2814,0.1874,0.12,16.91,73.79,0,0,0,0.6578,0.1266,1.48,0.01,4.6345
2000-03-31,18519235,444461640,24,72809000,60544000,23502000,11502000,49307000,0,0,1433000,0,27070000,3461000,3461000,0.19,0.17,0,-1881000,-793000,389000,-2281000,40360000,793000,2.26,3.01,1.52,0.2744,0.1842,0.11,22.6,93.52,0,0,0,0.6772,0.1249,1.47,-0.01,5.2638
1999-12-31,9248320,443919360,48,69026000,56711000,23565000,13204000,45461000,0,0,1513000,0,24104000,3060000,3060000,0.33,0.3,0,8653000,-1021000,1337000,8956000,42641000,1021000,0.77,1.26,0.27,0.2806,0.187,0.1,8.56,None,0,0,0,0.6586,0.1264,1.48,0.02,4.295
1999-09-30,9194261,441324528,48,61049000,48745000,19987000,11429000,41062000,0,0,1592000,0,22876000,2860000,2860000,0.31,0.3,0,5922000,-1656000,32000,4326000,33685000,1656000,0.28,0.34,0.21,None,None,0.09,3.11,None,0,None,0,0.6726,None,None,0.01,4.265
1999-06-30,9160061,439682928,48,56373000,45064000,18234000,10329000,38139000,0,0,1671000,0,21498000,2555000,2555000,0.28,0.27,0,6152000,-2028000,141000,4257000,29359000,2028000,0.26,0.32,0.2,None,None,0.09,3.25,None,0,None,0,0.6765,None,None,0.01,4.3629
1999-03-31,9151861,439289328,48,53849000,43727000,18383000,10667000,35466000,0,0,1751000,0,20426000,2759000,2759000,0.3,0.29,0,-2167000,-1219000,75000,-3316000,25102000,1219000,0.37,0.5,0.24,None,None,0.08,5.29,None,0,None,0,0.6586,None,None,-0.01,4.0993
1998-12-31,9151861,439289328,48,51679000,42367000,19063000,12951000,32616000,0,0,1830000,0,None,None,None,None,None,0,3520000,-1343000,197000,2374000,28418000,1343000,0.21,0.35,0.07,None,None,0.07,3,None,0,None,0,0.6311,None,None,0,3.2713
1998-09-30,9150861,439241328,48,44696000,37144000,14815000,9851000,29881000,0,0,1909000,0,16200000,1700000,1700000,0.19,0.18,0,5117000,-570000,-9000,4538000,26053000,570000,0.16,0.2,0.12,None,None,0.07,2.67,None,0,None,0,0.6685,None,None,0.01,3.7706
1998-06-30,9113750,437460000,48,40057000,32471000,11952000,8084000,28105000,0,0,1988000,0,12668000,1066000,1066000,0.15,0.15,0,None,None,None,None,21515000,0,0.12,0.13,0.1,None,None,0.06,None,None,0,None,0,0.7016,None,None,None,4.0167
