"Quarter end","Shares","Shares split adjusted","Split factor","Assets","Current Assets","Liabilities","Current Liabilities","Shareholders equity","Non-controlling interest","Preferred equity","Goodwill & intangibles","Long-term debt","Revenue","Earnings","Earnings available for common stockholders","EPS basic","EPS diluted","Dividend per share","Cash from operating activities","Cash from investing activities","Cash from financing activities","Cash change during period","Cash at end of period","Capital expenditures","Price","Price high","Price low","ROE","ROA","Book value of equity per share","P/B ratio","P/E ratio","Cumulative dividends per share","Dividend payout ratio","Long-term debt to equity ratio","Equity to assets ratio","Net margin","Asset turnover","Free cash flow per share","Current ratio"
2019-06-30,575279050,575279050,1,38969000000,14051000000,28827000000,7265000000,10083000000,59000000,0,13538000000,14914000000,8171000000,1127000000,1127000000,1.95,1.92,1.44,1662000000,-10000000,-1735000000,-89000000,2849000000,419000000,189.53,219.75,159.32,0.4929,0.1293,17.53,11.26,20.47,57.68,0.6588,1.4791,0.2587,0.1527,0.85,2.16,1.9341
2019-03-31,576426706,576426706,1,39140000000,14374000000,29383000000,7125000000,9703000000,54000000,0,13658000000,15580000000,7863000000,891000000,891000000,1.54,1.51,1.44,1048000000,-1225000000,258000000,85000000,2938000000,390000000,197.24,211.59,182.89,0.5622,0.1507,16.83,11.6,22.59,56.24,0.5681,1.6057,0.2479,0.1743,0.86,1.14,2.0174
2018-12-31,575800000,575800000,1,36500000000,13709000000,26652000000,7244000000,9796000000,52000000,0,12708000000,13411000000,7945000000,1347000000,1347000000,2.29,2.1,1.36,2258000000,-416000000,-2152000000,-332000000,2853000000,412000000,197.11,217.34,176.87,0.517,0.1435,17.01,11.2,26.32,54.8,0.5945,1.369,0.2684,0.1633,0.88,3.21,1.8925
2018-09-30,582287135,582287135,1,37275000000,14419000000,26964000000,7336000000,10248000000,63000000,0,12849000000,13539000000,8152000000,1543000000,1543000000,2.64,2.58,1.36,2139000000,-269000000,-1453000000,384000000,3185000000,330000000,204.22,217.87,190.57,0.4194,0.1202,17.6,11.56,28.21,53.44,0.6837,1.3211,0.2749,0.1379,0.87,3.11,1.9655
2018-06-30,586613476,586613476,1,36778000000,13890000000,26350000000,8902000000,10365000000,63000000,0,12894000000,11294000000,8390000000,1857000000,1857000000,3.14,3.07,1.36,1899000000,626000000,-3142000000,-690000000,2801000000,352000000,206.56,221.69,191.44,0.3916,0.1188,17.67,11.17,30.6,52.08,0.6805,1.0896,0.2818,0.1344,0.88,2.64,1.5603
2018-03-31,593692282,593692282,1,38575000000,14818000000,27536000000,8959000000,10977000000,62000000,0,13455000000,12211000000,8278000000,602000000,602000000,1.01,0.98,1.36,143000000,281000000,46000000,438000000,3491000000,221000000,237.25,259.77,214.73,0.3576,0.1135,18.49,12.22,29.92,50.72,0.7022,1.1124,0.2846,0.1283,0.89,-0.13,1.654
2017-12-31,595500000,595500000,1,37987000000,14277000000,26365000000,7687000000,11563000000,59000000,0,13449000000,12156000000,7990000000,523000000,523000000,0.88,0.86,1.17,1860000000,-2732000000,1044000000,222000000,3053000000,428000000,227.13,244.23,210.03,0.4198,0.1383,19.42,11.14,25.38,49.36,0.5763,1.0513,0.3044,0.1535,0.9,2.4,1.8573
2017-09-30,595608108,595608108,1,35237000000,13656000000,23035000000,6598000000,12146000000,56000000,0,11396000000,10828000000,8172000000,1429000000,1429000000,2.39,2.33,1.175,1750000000,-781000000,-843000000,177000000,2831000000,320000000,205.91,214.65,197.17,0.4877,0.1622,20.39,10.6,23.48,48.19,0.5036,0.8915,0.3447,0.1771,0.92,2.4,2.0697
2017-06-30,596767147,596767147,1,33957000000,12641000000,22313000000,5697000000,11591000000,53000000,0,11306000000,11088000000,7810000000,1583000000,1583000000,2.65,2.58,1.175,1642000000,517000000,-1705000000,481000000,2654000000,290000000,201.59,214.57,188.62,0.4804,0.1606,19.42,10.96,24.38,47.01,0.5069,0.9566,0.3413,0.1765,0.91,2.27,2.2189
2017-03-31,597239576,597239576,1,33292000000,11901000000,22252000000,5995000000,10989000000,51000000,0,11527000000,10802000000,7685000000,1323000000,1323000000,2.21,2.16,1.175,988000000,-90000000,-1151000000,-225000000,2173000000,286000000,183.53,193.5,173.55,0.4513,0.1528,18.4,10.63,22.49,45.84,0.53,0.983,0.3301,0.1678,0.91,1.18,1.9852
2016-12-31,596200000,596200000,1,32906000000,11726000000,22563000000,6219000000,10298000000,45000000,0,11486000000,10723000000,7329000000,1155000000,1155000000,1.92,1.88,1.11,2209000000,-230000000,-1846000000,90000000,2398000000,396000000,171.95,180.06,163.85,0.4398,0.1517,17.27,8.62,21.66,44.66,0.5294,1.0413,0.313,0.1677,0.9,3.04,1.8855
2016-09-30,601466401,601466401,1,34051000000,12179000000,22003000000,6400000000,12002000000,46000000,0,11852000000,11079000000,7709000000,1329000000,1329000000,2.2,2.15,1.11,1908000000,-543000000,-752000000,620000000,2308000000,347000000,177.89,182.27,173.51,0.4168,0.1484,19.95,9.04,22.69,43.55,0.5329,0.9231,0.3525,0.164,0.9,2.6,1.903
2016-06-30,604400291,604400291,1,33235000000,11436000000,21298000000,7254000000,11894000000,43000000,0,11833000000,9299000000,7662000000,1291000000,1291000000,2.13,2.08,1.11,1285000000,-350000000,-602000000,351000000,1688000000,323000000,169.15,175.14,163.17,0.4124,0.1483,19.68,8.75,21.74,42.45,0.5291,0.7818,0.3579,0.1629,0.91,1.59,1.5765
2016-03-31,606514530,606514530,1,32982000000,10874000000,21208000000,7178000000,11733000000,41000000,0,11926000000,8927000000,7409000000,1275000000,1275000000,2.1,2.05,1.11,1260000000,-280000000,-1426000000,-461000000,1337000000,296000000,151.07,167.5,134.64,0.403,0.1506,19.34,7.81,19.93,41.34,0.5219,0.7608,0.3557,0.1631,0.92,1.59,1.5149
2015-12-31,605038186,605038186,1,32718000000,10986000000,20971000000,7118000000,11708000000,39000000,0,11850000000,8799000000,7298000000,1038000000,1038000000,1.69,1.66,1.02,2338000000,-206000000,-1954000000,193000000,1798000000,430000000,149.33,160.09,138.57,0.3798,0.151,19.35,7.55,19.32,40.23,0.5253,0.7515,0.3578,0.1596,0.95,3.15,1.5434
2015-09-30,615712937,615712937,1,33258000000,11608000000,21034000000,7032000000,12186000000,38000000,0,11986000000,8974000000,7712000000,1296000000,1296000000,2.09,2.05,1.025,1664000000,-2777000000,-220000000,-1378000000,1605000000,351000000,145.97,157.94,134,0.3804,0.1572,19.79,6.96,19.06,39.2,0.4948,0.7364,0.3664,0.162,0.97,2.13,1.6507
2015-06-30,624745409,624745409,1,31388000000,13431000000,18258000000,5095000000,13093000000,37000000,0,8340000000,8431000000,7686000000,1300000000,1300000000,2.06,2.02,1.025,1338000000,166000000,-320000000,1192000000,2983000000,360000000,160.81,167.7,153.92,0.3539,0.158,20.96,7.33,21.3,38.18,0.4774,0.6439,0.4171,0.1601,0.99,1.57,2.6361
2015-03-31,634340975,634340975,1,30643000000,12518000000,16691000000,5082000000,13917000000,35000000,0,8330000000,6459000000,7578000000,1199000000,1199000000,1.88,1.85,1.025,1080000000,0,-1154000000,-106000000,1791000000,287000000,164.12,170.5,157.74,0.3269,0.1538,21.94,7.95,21.91,37.16,0.4631,0.4641,0.4542,0.1567,0.98,1.25,2.4632
2014-12-31,634749706,634749706,1,31269000000,11765000000,18127000000,5998000000,13109000000,33000000,0,8485000000,6790000000,7719000000,1179000000,1179000000,1.84,1.81,0.85,2183000000,-18000000,-2130000000,-32000000,1897000000,471000000,149.38,168.16,130.6,0.3093,0.1507,20.65,5.92,20.46,36.13,0.4441,0.518,0.4192,0.1557,0.97,2.7,1.9615
2014-09-30,640818842,640818842,1,32776000000,12681000000,16570000000,7705000000,16173000000,33000000,0,8729000000,5225000000,8137000000,1303000000,1303000000,2.02,1.98,0.855,1711000000,1000000,-1889000000,-196000000,1929000000,291000000,143.15,147.87,138.43,0.2851,0.1458,25.24,5.35,20.16,35.28,0.4273,0.3231,0.4934,0.1541,0.95,2.22,1.6458
2014-06-30,647969147,647969147,1,33970000000,13193000000,16124000000,7040000000,17354000000,492000000,0,9025000000,5323000000,8134000000,1267000000,1267000000,1.94,1.91,0.855,1640000000,-292000000,-1185000000,171000000,2125000000,306000000,138.78,145.53,132.02,0.2743,0.1428,26.78,5.2,20.11,34.43,0.4088,0.3067,0.5109,0.1528,0.93,2.06,1.874
2014-03-31,654278447,654278447,1,33547000000,12762000000,15623000000,7450000000,17448000000,476000000,0,8988000000,4401000000,7831000000,1207000000,1207000000,1.83,1.79,0.855,1092000000,-287000000,-1399000000,-627000000,1954000000,290000000,131.45,139.29,123.61,0.2683,0.1405,26.67,4.98,19.56,33.57,0.3895,0.2522,0.5201,0.1525,0.92,1.23,1.713
2013-12-31,662692234,662692234,1,33550000000,12733000000,15602000000,7498000000,17502000000,446000000,0,9033000000,4384000000,7569000000,1103000000,1103000000,1.65,1.62,0.64,1993000000,-154000000,-1603000000,241000000,2581000000,501000000,128.54,140.43,116.65,0.2615,0.1377,26.41,4.86,19.71,32.72,0.37,0.2505,0.5217,0.1509,0.91,2.25,1.6982
2013-09-30,673269679,673269679,1,33604000000,13282000000,15352000000,7439000000,17796000000,456000000,0,9087000000,3533000000,7916000000,1230000000,1230000000,1.81,1.78,0.635,1151000000,38000000,-1916000000,-602000000,2340000000,336000000,115.24,122.27,108.21,0.255,0.1341,26.43,4.41,18.03,32.08,0.3754,0.1985,0.5296,0.1482,0.91,1.21,1.7855
2013-06-30,683468043,683468043,1,34130000000,13983000000,15811000000,6335000000,17876000000,443000000,0,9017000000,4884000000,7752000000,1197000000,1197000000,1.74,1.71,0.635,1679000000,-335000000,-1241000000,14000000,2942000000,386000000,108.07,113.25,102.89,0.2517,0.1312,26.15,4.12,17.05,31.44,0.3769,0.2732,0.5238,0.1479,0.89,1.89,2.2073
2013-03-31,690194620,690194620,1,34029000000,13855000000,15501000000,5937000000,18082000000,446000000,0,9087000000,4864000000,7634000000,1129000000,1129000000,1.63,1.61,0.635,994000000,-405000000,-486000000,45000000,2928000000,314000000,100.42,106.88,93.96,0.2552,0.1311,26.2,3.94,15.89,30.81,0.3735,0.269,0.5314,0.148,0.89,0.99,2.3337
2012-12-31,689990255,689990255,1,33876000000,13630000000,15836000000,6200000000,17575000000,465000000,0,9310000000,4987000000,7387000000,991000000,991000000,1.43,1.42,0.59,1738000000,-552000000,-1344000000,-146000000,2883000000,481000000,91.1,95.46,86.74,0.2622,0.1329,25.47,3.57,14.58,30.17,0.3674,0.2838,0.5188,0.1486,0.89,1.82,2.1984
2012-09-30,691931278,691931278,1,34479000000,14494000000,16338000000,6595000000,17644000000,497000000,0,9063000000,4852000000,7497000000,1161000000,1161000000,1.68,1.65,0.59,1345000000,-1280000000,-443000000,-279000000,3029000000,351000000,89.82,94.3,85.34,0.2721,0.1359,25.5,3.79,14.68,29.58,0.3599,0.275,0.5117,0.1508,0.9,1.44,2.1977
2012-06-30,691319463,691319463,1,33339000000,14088000000,16466000000,5707000000,16406000000,467000000,0,8911000000,5657000000,7534000000,1167000000,1167000000,1.68,1.66,0.59,1389000000,-811000000,451000000,976000000,3308000000,354000000,85.97,89.95,81.99,0.2704,0.1366,23.73,3.69,14.19,28.99,0.3607,0.3448,0.4921,0.1482,0.92,1.5,2.4685
2012-03-31,693872048,693872048,1,32015000000,12853000000,15396000000,5408000000,16182000000,437000000,0,8955000000,4510000000,7486000000,1125000000,1125000000,1.61,1.59,0.59,828000000,-43000000,-722000000,113000000,2332000000,257000000,86.35,90,82.7,0.2662,0.1375,23.32,3.89,14.49,28.4,0.3573,0.2787,0.5055,0.1473,0.93,0.82,2.3767
2011-12-31,694543763,694543763,1,31616000000,12240000000,15754000000,5441000000,15420000000,442000000,0,8963000000,4563000000,7089000000,1013000000,1013000000,1.36,1.35,0.55,1738000000,-1134000000,-1777000000,-1157000000,2219000000,474000000,75.86,83.1,68.63,0.2623,0.1371,22.2,3.13,12.9,27.81,0.3566,0.2959,0.4877,0.1466,0.93,1.82,2.2496
2011-09-30,700844681,700844681,1,32115000000,13669000000,14703000000,6165000000,16968000000,444000000,0,9092000000,4955000000,7531000000,1103000000,1088000000,1.54,1.52,0.55,1362000000,-775000000,-461000000,0,3376000000,329000000,84.95,98.19,71.71,0.2562,0.136,24.21,3.48,14.42,27.26,0.361,0.292,0.5284,0.1456,0.93,1.47,2.2172
2011-06-30,709535731,709535731,1,32282000000,13537000000,14540000000,6203000000,17330000000,412000000,0,9258000000,4484000000,7680000000,1160000000,1160000000,1.63,1.6,0.55,1451000000,-52000000,-773000000,629000000,3376000000,292000000,94.07,97.95,90.19,0.2631,0.1383,24.42,4.05,16.14,26.71,0.3571,0.2587,0.5368,0.1496,0.92,1.63,2.1823
2011-03-31,710577360,710577360,1,31129000000,12645000000,14242000000,5900000000,16494000000,393000000,0,9125000000,4486000000,7311000000,1081000000,1081000000,1.52,1.49,0.55,733000000,-757000000,-664000000,-630000000,2747000000,229000000,89.89,94.16,85.63,0.2749,0.1414,23.21,4.09,15.97,26.16,0.3566,0.272,0.5299,0.1533,0.92,0.71,2.1432
2010-12-31,711805978,711805978,1,30156000000,12215000000,14139000000,6089000000,15663000000,354000000,0,8640000000,4277000000,6709000000,928000000,928000000,1.29,1.27,0.52,1631000000,-1749000000,-959000000,-1089000000,3377000000,508000000,87.25,91.49,83,0.2783,0.14,22,4.02,15.42,25.61,0.3658,0.2731,0.5194,0.1532,0.91,1.58,2.0061
2010-09-30,714859083,714859083,1,30065000000,14048000000,14232000000,5395000000,15504000000,329000000,0,7178000000,5105000000,6874000000,1106000000,1106000000,1.55,1.53,0.525,1323000000,498000000,-464000000,1444000000,4466000000,225000000,82.71,88.38,77.04,0.2933,0.1438,21.69,4.22,15.09,25.09,0.3634,0.3293,0.5157,0.1569,0.92,1.54,2.6039
2010-06-30,713134328,713134328,1,28496000000,12891000000,14233000000,5437000000,13971000000,292000000,0,6888000000,4949000000,6731000000,1121000000,1121000000,1.57,1.54,0.525,1138000000,-451000000,-423000000,174000000,3022000000,179000000,79.25,90.52,67.98,0.2995,0.1416,19.59,4.17,15.66,24.57,0.3735,0.3542,0.4903,0.1553,0.91,1.34,2.371
2010-03-31,713068068,713068068,1,28022000000,12106000000,14171000000,5148000000,13566000000,285000000,0,7021000000,5080000000,6348000000,930000000,930000000,1.31,1.29,0.525,1082000000,-987000000,-275000000,-192000000,2848000000,154000000,81.21,85.17,77.25,0.2914,0.1323,19.02,4.53,18.01,24.04,0.4035,0.3745,0.4841,0.1479,0.89,1.3,2.3516
2009-12-31,711733377,711733377,1,27250000000,10795000000,13948000000,4897000000,12764000000,538000000,0,7174000000,5097000000,6122000000,935000000,935000000,1.32,1.3,0.51,1044000000,-656000000,-597000000,-199000000,3040000000,262000000,77.97,84.32,71.62,0.2797,0.1213,17.93,4.47,19.64,23.52,0.4492,0.3993,0.4684,0.1381,0.88,1.1,2.2044
2009-09-30,707958268,707958268,1,27633000000,11196000000,14714000000,5766000000,12360000000,559000000,0,7253000000,5204000000,6193000000,957000000,957000000,1.36,1.35,0.51,1736000000,-701000000,-290000000,643000000,3239000000,170000000,66.91,76,57.81,0.2612,0.1079,17.46,4.33,16.6,23.01,0.5076,0.421,0.4473,0.1241,0.87,2.21,1.9417
2009-06-30,698320662,698320662,1,26095000000,9898000000,14874000000,5318000000,10803000000,418000000,0,7120000000,5172000000,5719000000,783000000,783000000,1.12,1.12,0.51,1466000000,-357000000,-220000000,964000000,2596000000,168000000,55.09,61.46,48.72,0.2654,0.1092,15.47,3.93,12.99,22.5,0.4963,0.4788,0.414,0.1236,0.88,1.86,1.8612
2009-03-31,694383904,694383904,1,24338000000,8647000000,14197000000,4728000000,9737000000,404000000,0,6935000000,5088000000,5089000000,518000000,518000000,0.75,0.74,0.51,695000000,-18000000,-907000000,-217000000,1632000000,229000000,50.34,59.81,40.87,0.2697,0.1141,14.02,3.54,10.32,21.99,0.4672,0.5225,0.4001,0.1251,0.91,0.67,1.8289
2008-12-31,693791556,693791556,1,25547000000,9598000000,15668000000,5839000000,9879000000,0,0,7151000000,5166000000,5509000000,536000000,536000000,0.76,0.76,0.5,1125000000,-390000000,-863000000,-391000000,1849000000,456000000,59.16,68.31,50.01,0.2942,0.129,14.24,3.36,11.18,21.48,0.4032,0.5229,0.3867,0.1369,0.94,0.96,1.6438
2008-09-30,692955037,692955037,1,27609000000,10788000000,15408000000,7008000000,12201000000,0,0,6836000000,4779000000,6558000000,991000000,991000000,1.43,1.41,0.5,1168000000,-542000000,214000000,693000000,2240000000,302000000,70.11,74.71,65.51,0.3087,0.1419,17.61,3.91,13.48,20.98,0.3676,0.3917,0.4419,0.1454,0.98,1.25,1.5394
2008-06-30,698990402,698990402,1,27358000000,10539000000,14823000000,6987000000,12535000000,0,0,6768000000,4095000000,6739000000,945000000,945000000,1.35,1.33,0.5,1243000000,-1003000000,-1432000000,-1180000000,1547000000,332000000,75.91,83.22,68.61,0.314,0.1452,17.93,4.3,14.83,20.48,0.3696,0.3267,0.4582,0.1463,0.99,1.3,1.5084
2008-03-31,704287501,704287501,1,26769000000,11325000000,14334000000,6700000000,12435000000,0,0,5552000000,4140000000,6463000000,988000000,988000000,1.4,1.38,0.5,997000000,-464000000,315000000,831000000,2727000000,294000000,78.41,84.76,72.05,0.3272,0.1507,17.66,4.72,14.03,19.98,0.3708,0.3329,0.4645,0.1487,1.01,1,1.6903
2007-12-31,707662632,707662632,1,24694000000,9838000000,12947000000,5362000000,11747000000,0,0,5390000000,4019000000,6206000000,851000000,851000000,1.19,1.17,0.48,1556000000,-189000000,-1110000000,221000000,1896000000,378000000,87.99,97,78.98,0.3806,0.1732,16.6,5.72,14.69,19.48,0.3348,0.3421,0.4757,0.1674,1.03,1.66,1.8348
2007-09-30,713228973,713228973,1,24355000000,10400000000,13385000000,7141000000,10970000000,0,0,5135000000,2824000000,6177000000,960000000,960000000,1.34,1.32,0.48,1035000000,-827000000,52000000,327000000,1675000000,316000000,88.59,93.98,83.21,0.4287,0.1939,15.38,6.17,15.14,19,0.3097,0.2574,0.4504,0.1839,1.05,1.01,1.4564
2007-06-30,715811722,715811722,1,22816000000,9454000000,12544000000,7375000000,10272000000,0,0,4987000000,1766000000,6142000000,917000000,917000000,1.28,1.25,0.48,1104000000,-364000000,-1125000000,-349000000,1348000000,325000000,82.47,89.03,75.91,0.4221,0.1946,14.35,5.91,14.34,18.52,0.3136,0.1719,0.4502,0.1836,1.06,1.09,1.2819
2007-03-31,720204691,720204691,1,22739000000,9726000000,12685000000,7504000000,10054000000,0,0,4851000000,1771000000,5937000000,1368000000,1368000000,1.88,1.85,0.48,580000000,13000000,-364000000,250000000,1697000000,300000000,76.39,79.88,72.9,0.4064,0.1947,13.96,5.63,15.07,18.04,0.3168,0.1761,0.4421,0.1857,1.05,0.39,1.2961
2006-12-31,733885504,733885504,1,21294000000,8946000000,11335000000,7323000000,9959000000,0,0,4790000000,1047000000,5782000000,1176000000,1176000000,1.6,1.57,0.46,1322000000,-31000000,-823000000,448000000,1447000000,409000000,77.47,81.95,73,0.3545,0.1758,13.57,5.19,17.25,17.56,0.3557,0.1051,0.4677,0.168,1.05,1.24,1.2216
2006-09-30,736366111,736366111,1,22683000000,8309000000,11700000000,6863000000,10983000000,0,0,4492000000,1230000000,5858000000,894000000,894000000,1.2,1.18,0.46,1099000000,-590000000,-487000000,12000000,999000000,284000000,74.32,81.6,67.05,0.3153,0.1583,14.92,4.86,16.85,17.1,0.3926,0.112,0.4842,0.1529,1.03,1.11,1.2107
2006-06-30,753234766,753234766,1,22033000000,8101000000,10511000000,5426000000,11522000000,0,0,4073000000,1253000000,5688000000,882000000,882000000,1.17,1.15,0.46,800000000,-251000000,-523000000,75000000,987000000,252000000,82.06,88.35,75.76,0.3169,0.1588,15.3,5.63,19.26,16.64,0.3916,0.1087,0.5229,0.1544,1.03,0.73,1.493
2006-03-31,753931681,753931681,1,21613000000,7921000000,10624000000,5457000000,10989000000,0,0,3974000000,1291000000,5595000000,899000000,899000000,1.19,1.17,0.46,618000000,-588000000,-228000000,-160000000,912000000,174000000,75.06,79.83,70.3,0.3175,0.1584,14.58,5.61,18.22,16.18,0.3966,0.1175,0.5084,0.1523,1.04,0.59,1.4515
2005-12-31,754988840,754988840,1,20513000000,7115000000,10413000000,5238000000,10100000000,0,0,3959000000,1309000000,5325000000,761000000,761000000,1,0.99,0.42,1171000000,-277000000,-1760000000,-776000000,1072000000,274000000,74.78,79.84,69.71,0.3141,0.1557,13.38,5.55,18.51,15.72,0.4004,0.1296,0.4924,0.1511,1.03,1.19,1.3583
2005-09-30,759932466,759932466,1,21366000000,8167000000,11119000000,6879000000,10247000000,0,0,3980000000,688000000,5382000000,853000000,853000000,1.12,1.1,0.42,916000000,-1481000000,653000000,83000000,1848000000,204000000,73.57,76.74,70.41,0.308,0.1533,13.48,5.57,18.82,15.3,0.3932,0.0671,0.4796,0.1509,1.02,0.94,1.1872
2005-06-30,765071989,765071989,1,19557000000,7948000000,9457000000,5306000000,10100000000,0,0,2752000000,706000000,5294000000,776000000,776000000,1.01,1,0.42,1168000000,-181000000,-1822000000,-904000000,1765000000,209000000,79.23,86.21,72.25,0.3122,0.1558,13.2,5.93,20.42,14.88,0.3906,0.0699,0.5164,0.1501,1.04,1.25,1.4979
2005-03-31,769570205,769570205,1,20755000000,8922000000,10465000000,6237000000,10290000000,0,0,2850000000,707000000,5166000000,809000000,809000000,1.05,1.03,0.42,1003000000,-302000000,-750000000,-88000000,2669000000,215000000,84.09,87.45,80.73,0.3254,0.158,13.37,6.26,22.42,14.46,0.3781,0.0687,0.4958,0.152,1.04,1.02,1.4305
2004-12-31,772422684,772422684,1,20708000000,8720000000,10330000000,6071000000,10378000000,0,0,2932000000,727000000,5091000000,720000000,720000000,0.93,0.91,0.36,1323000000,-291000000,-575000000,557000000,2757000000,290000000,78.17,83.03,73.31,0.3357,0.1592,13.44,7,21.65,14.04,0.3751,0.0701,0.5012,0.1494,1.07,1.34,1.4363
2004-09-30,778533778,778533778,1,18064000000,8297000000,9368000000,5273000000,8696000000,0,0,2789000000,1284000000,4969000000,775000000,775000000,0.99,0.97,0.36,722000000,-212000000,-646000000,-114000000,2200000000,220000000,83.66,90.11,77.2,0.3487,0.1605,11.17,7.75,24.11,13.68,0.3815,0.1477,0.4814,0.1471,1.09,0.64,1.5735
2004-06-30,782703301,782703301,1,18362000000,8627000000,9905000000,5594000000,8457000000,0,0,2799000000,1303000000,5012000000,773000000,773000000,0.99,0.97,0.36,1295000000,-216000000,-582000000,496000000,2314000000,210000000,85.59,90.29,80.9,0.3477,0.157,10.8,8.26,26.09,13.32,0.3892,0.1541,0.4606,0.144,1.09,1.39,1.5422
2004-03-31,782114154,782114154,1,17978000000,8063000000,9877000000,5163000000,8101000000,0,0,2816000000,1718000000,4939000000,722000000,722000000,0.92,0.9,0.36,942000000,-219000000,-731000000,-18000000,1818000000,148000000,80.28,86.2,74.35,0.3446,0.1522,10.36,7.98,26.63,12.96,0.4032,0.2121,0.4506,0.1391,1.09,1.02,1.5617
2003-12-31,783623609,783623609,1,17600000000,7720000000,9715000000,5082000000,7885000000,0,0,2693000000,1735000000,4718000000,619000000,619000000,0.78,0.77,0.33,1266000000,-233000000,-492000000,557000000,1836000000,220000000,77.6,85.4,69.8,0.3353,0.1439,10.06,8.11,26.85,12.6,0.4303,0.22,0.448,0.1318,1.09,1.33,1.5191
2003-09-30,784883033,784883033,1,16797000000,7342000000,9289000000,4968000000,7508000000,0,0,2594000000,1738000000,4616000000,663000000,663000000,0.85,0.83,0.33,617000000,-122000000,-238000000,305000000,1279000000,144000000,68.13,72.85,63.4,0.3429,0.1422,9.57,7.67,24.77,12.27,0.4432,0.2315,0.447,0.13,1.09,0.6,1.4779
2003-06-30,391503430,783006860,2,16566000000,7037000000,9611000000,4827000000,6955000000,0,0,2533000000,1962000000,4580000000,619000000,619000000,1.58,1.56,0.66,1126000000,-149000000,-575000000,413000000,974000000,133000000,64.32,68.38,60.26,0.3361,0.1372,8.88,7.96,25.13,11.94,0.4594,0.2821,0.4198,0.1267,1.08,1.27,1.4578
2003-03-31,390833851,781667702,2,15845000000,6464000000,9529000000,4692000000,6316000000,0,0,2428000000,2119000000,4318000000,502000000,502000000,1.29,1.27,0.66,764000000,-465000000,-322000000,-57000000,561000000,51000000,63.61,67.48,59.73,0.3196,0.1309,8.08,8.28,25.49,11.61,0.4859,0.3355,0.3986,0.1208,1.08,0.91,1.3777
2002-12-31,389978865,779957730,2,15329000000,6059000000,9336000000,4457000000,5993000000,0,0,2167000000,2140000000,4138000000,511000000,511000000,1.31,1.29,0.62,999000000,-1361000000,151000000,-203000000,618000000,195000000,60.58,65.78,55.38,0.3156,0.1306,7.68,7.12,26,11.28,0.4898,0.3571,0.391,0.1209,1.08,1.03,1.3594
2002-09-30,390196644,780393288,2,15719000000,6556000000,9076000000,4511000000,6643000000,0,0,1412000000,1678000000,4143000000,545000000,545000000,1.4,1.38,0.62,397000000,-238000000,0,156000000,821000000,148000000,59.58,65.05,54.1,0.2937,0.1235,8.51,7.28,27.91,10.97,0.5202,0.2526,0.4226,0.1148,1.08,0.32,1.4533
2002-06-30,390014808,780029616,2,14961000000,6623000000,8581000000,4186000000,6380000000,0,0,1314000000,1838000000,4161000000,466000000,466000000,1.19,1.18,0.62,925000000,-185000000,-605000000,75000000,665000000,193000000,60.72,65.3,56.15,0.2749,0.1144,8.18,7.88,33.83,10.66,0.5626,0.2881,0.4264,0.1066,1.07,0.94,1.5822
2002-03-31,389347924,778695848,2,14431000000,6273000000,8429000000,4012000000,6002000000,0,0,1241000000,1891000000,3890000000,452000000,452000000,1.16,1.14,0.62,671000000,-143000000,-567000000,-26000000,590000000,145000000,55.92,61.85,50,0.2345,0.096,7.71,7.17,31.24,10.35,0.6629,0.3151,0.4159,0.0904,1.06,0.68,1.5636
2001-12-31,390162665,780325330,2,14606000000,6296000000,8520000000,4509000000,6086000000,0,0,0,1520000000,3863000000,381000000,381000000,0.98,0.96,0.6,818000000,-144000000,-490000000,177000000,616000000,158000000,54.28,60.95,47.6,0.2302,0.0946,7.8,6.91,31.65,10.04,0.6597,0.2498,0.4167,0.0889,1.06,0.85,1.3963
2001-09-30,392085285,784170570,2,15205000000,6556000000,9039000000,5006000000,6166000000,0,0,0,1425000000,3967000000,394000000,394000000,1,0.99,0.6,820000000,-194000000,-729000000,-127000000,439000000,195000000,50.84,58.75,42.93,0.2175,0.091,7.86,6.54,27.56,9.74,0.6829,0.2311,0.4055,0.0838,1.09,0.8,1.3096
2001-06-30,394125397,788250794,2,15317000000,6791000000,9196000000,5520000000,6121000000,0,0,0,1240000000,4079000000,202000000,202000000,0.51,0.5,0.6,725000000,-272000000,-483000000,-9000000,566000000,253000000,56.04,63.5,48.58,0.2316,0.0989,7.77,6.86,25.65,9.44,0.6301,0.2026,0.3996,0.0886,1.12,0.6,1.2303
2001-03-31,395914197,791828394,2,15364000000,6825000000,8891000000,5434000000,6473000000,0,0,0,955000000,4170000000,453000000,453000000,1.14,1.13,0.6,715000000,-440000000,-14000000,273000000,575000000,272000000,55,60.75,49.25,0.2703,0.1175,8.17,6.67,24.72,9.13,0.5294,0.1475,0.4213,0.1038,1.13,0.56,1.256
2000-12-31,396142377,792284754,2,14522000000,6379000000,7991000000,4754000000,6531000000,0,0,0,971000000,4196000000,326000000,326000000,0.83,0.81,0.58,558000000,-489000000,-104000000,-21000000,302000000,338000000,51.72,61.47,41.97,0.2779,0.1227,8.24,6.34,21.87,8.83,0.5148,0.1487,0.4497,0.1066,1.15,0.28,1.3418
2000-09-30,394433465,788866930,2,14682000000,6651000000,8245000000,4830000000,6437000000,0,0,0,1141000000,4252000000,499000000,499000000,1.26,1.25,0.58,615000000,-101000000,-614000000,-97000000,323000000,207000000,44.48,48.72,40.25,0.2991,0.1322,8.16,5.48,19.3,8.54,0.4794,0.1773,0.4384,0.1148,1.15,0.52,1.377
2000-06-30,395291674,790583348,2,14933000000,6754000000,8510000000,4974000000,6423000000,0,0,0,1193000000,4224000000,470000000,470000000,1.19,1.18,0.58,580000000,-550000000,139000000,206000000,420000000,222000000,44.69,49.16,40.22,0.2936,0.1312,8.12,5.65,19.43,8.26,0.4875,0.1857,0.4301,0.1141,1.15,0.45,1.3579
2000-03-31,395808904,791617808,2,13969000000,6107000000,7710000000,3942000000,6259000000,0,0,0,1449000000,4052000000,487000000,487000000,1.22,1.21,0.58,573000000,-233000000,-552000000,-173000000,214000000,244000000,45.5,51.91,39.09,0.2975,0.1354,7.91,5.77,20.97,7.97,0.484,0.2315,0.4481,0.1171,1.16,0.42,1.5492
1999-12-31,398589389,797178778,2,13896000000,6066000000,7607000000,3819000000,6289000000,0,0,0,1480000000,4023000000,444000000,444000000,1.12,1.09,0.56,626000000,-592000000,80000000,85000000,387000000,204000000,47.7,51.69,43.72,0.2843,0.1284,7.89,6.01,25.31,7.68,0.5099,0.2353,0.4526,0.1126,1.14,0.53,1.5884
1999-09-30,401333680,802667360,2,13905000000,6583000000,7535000000,3865000000,6370000000,0,0,0,1550000000,3997000000,459000000,459000000,1.14,1.13,0.56,699000000,-169000000,-526000000,44000000,302000000,214000000,46.25,50,42.5,0.2503,0.1109,7.94,6.04,30.03,7.4,0.5862,0.2433,0.4581,0.0992,1.12,0.6,1.7032
1999-06-30,402746806,805493612,2,13367000000,6238000000,7194000000,3680000000,6173000000,0,0,0,1553000000,3863000000,476000000,476000000,1.18,1.17,0.56,885000000,-24000000,-852000000,5000000,258000000,224000000,41.61,48.19,35.03,0.2085,0.0905,7.66,5.62,29.2,7.12,0.7149,0.2516,0.4618,0.0822,1.1,0.82,1.6951
1999-03-31,402639206,805278412,2,13746000000,6056000000,7777000000,3982000000,5969000000,0,0,0,1569000000,3776000000,384000000,384000000,0.95,0.95,0.56,828000000,-329000000,-430000000,42000000,253000000,289000000,37.67,40.69,34.66,0.1945,0.0832,7.41,5.1,26.16,6.83,0.7675,0.2629,0.4342,0.0768,1.08,0.67,1.5208
1998-12-31,402145924,804291848,2,14153000000,6318000000,8217000000,4386000000,5936000000,0,0,0,1614000000,3785000000,211000000,211000000,0.53,0.52,0.55,876000000,-448000000,-341000000,7000000,211000000,349000000,39.22,43.75,34.69,0.1968,0.0845,7.38,5.35,24.14,6.55,0.7545,0.2719,0.4194,0.0782,1.08,0.66,1.4405
1998-09-30,401345869,802691738,2,13965000000,6490000000,8081000000,4500000000,5884000000,0,0,0,1426000000,3766000000,178000000,178000000,0.44,0.44,0.55,731000000,-356000000,-352000000,-15000000,204000000,344000000,37.52,42.22,32.81,0.2229,0.0972,7.33,5.02,14.83,6.28,0.6613,0.2424,0.4213,0.089,1.09,0.48,1.4422
1998-06-30,403878085,807756170,2,13878000000,6366000000,7834000000,4383000000,6044000000,0,0,0,1221000000,3770000000,386000000,386000000,0.95,0.94,0.55,392000000,-367000000,-21000000,39000000,219000000,374000000,44.56,48.94,40.19,0.3421,0.1534,7.48,6,17.37,6,0.421,0.202,0.4355,0.1385,1.11,0.02,1.4524
1998-03-31,404530985,809061970,2,13657000000,6372000000,7644000000,4212000000,6013000000,0,0,0,1216000000,3700000000,400000000,400000000,0.99,0.98,0.55,375000000,-401000000,-24000000,-50000000,180000000,338000000,44.05,48.06,40.03,0.3431,0.1566,7.43,6.01,17.14,5.73,0.4138,0.2022,0.4403,0.1402,1.12,0.05,1.5128
1997-12-31,404042820,808085640,2,13238000000,6168000000,7312000000,3983000000,5926000000,0,0,0,1015000000,3713000000,366000000,366000000,0.89,None,0.53,140000000,-392000000,161000000,-76000000,230000000,366000000,45.64,50.59,40.69,0.3416,0.1584,7.33,5.9,17.66,5.45,0.4109,0.1713,0.4477,0.1407,1.13,-0.28,1.5486
1997-09-30,408667795,817335590,2,13421000000,6623000000,7097000000,3483000000,6324000000,0,0,0,1131000000,3826000000,927000000,927000000,2.25,None,0.53,643000000,658000000,-1402000000,-85000000,306000000,346000000,47.63,52.25,43,0.3398,0.1595,7.74,6.23,24.61,5.19,0.4026,0.1788,0.4712,0.1429,1.12,0.36,1.9015
1997-06-30,415474261,830948522,2,13594000000,6718000000,7245000000,3535000000,6349000000,0,0,0,1118000000,3817000000,418000000,418000000,1.01,None,0.53,541000000,-325000000,-212000000,18000000,391000000,360000000,46.41,52.75,40.06,0.2561,0.1195,7.64,6.2,24.62,4.92,1.1502,0.1761,0.467,0.109,1.1,0.22,1.9004
1997-03-31,416244474,832488948,2,13296000000,6437000000,7060000000,3685000000,6236000000,0,0,0,831000000,3714000000,410000000,410000000,0.99,None,0.53,382000000,-298000000,-306000000,-210000000,373000000,296000000,43.31,46.63,40,0.2527,0.1176,7.49,5.74,23.73,4.66,1.1625,0.1333,0.469,0.1087,1.08,0.1,1.7468
1996-12-31,416787990,833575980,2,13364000000,6486000000,7080000000,3789000000,6284000000,0,0,0,851000000,3623000000,385000000,385000000,0.92,None,0.49,814000000,-470000000,-380000000,-1000000,583000000,284000000,38.63,42.94,34.31,0.238,0.1122,7.54,5.13,31.03,4.39,1.1835,0.1354,0.4702,0.1072,1.05,0.64,1.7118
1996-09-30,417992867,835985734,2,13689000000,7044000000,7394000000,4351000000,6295000000,0,0,0,691000000,3623000000,398000000,398000000,0.95,None,2.89,347000000,-281000000,-105000000,-49000000,584000000,272000000,33.26,35.88,30.63,0.1591,0.0756,7.53,4.57,28.19,4.15,1.7225,0.1098,0.4599,0.0886,0.85,0.09,1.6189
1996-06-30,419166853,838333706,2,13211000000,6642000000,7116000000,3980000000,6095000000,0,0,0,681000000,3522000000,381000000,381000000,0.91,None,0.47,534000000,-246000000,-181000000,106000000,633000000,255000000,33.56,35.38,31.75,0.1455,0.0707,7.27,4.03,29.31,2.7,0.7955,0.1117,0.4614,0.081,0.87,0.33,1.6688
1996-03-31,418630334,837260668,2,14123000000,6452000000,7150000000,3864000000,6973000000,0,0,0,984000000,3468000000,362000000,362000000,0.87,None,0.47,516000000,-264000000,-240000000,42000000,527000000,232000000,32.97,34.94,31,0.1354,0.0668,8.33,4.01,28.42,2.47,0.8192,0.1411,0.4937,0.0749,0.89,0.34,1.6698
1995-12-31,418246591,836493182,2,14183000000,6395000000,7299000000,3724000000,6884000000,0,0,0,1203000000,1169000000,-97000000,-97000000,-0.24,None,0.47,759000000,-267000000,-385000000,141000000,485000000,82000000,31.25,34.94,27.57,0.1366,0.0677,8.23,3.61,18.66,2.23,0.8081,0.1748,0.4854,0.0725,0.93,0.81,1.7172
1995-09-30,419645134,839290268,2,14525000000,7613000000,7257000000,3826000000,7268000000,0,0,0,1213000000,4069000000,344000000,344000000,0.82,None,0.47,434000000,-310000000,-241000000,-53000000,344000000,312000000,28.51,30.07,26.94,0.1977,0.0986,8.66,3.28,17.07,2,0.5529,0.1669,0.5004,0.087,1.13,0.15,1.9898
1995-06-30,420212461,840424922,2,14751000000,7783000000,7457000000,3907000000,7294000000,0,0,0,1231000000,4135000000,353000000,353000000,0.84,None,0.47,479000000,-341000000,-70000000,42000000,397000000,342000000,29.66,31.07,28.25,0.2016,0.1006,8.68,3.5,17.92,1.76,0.5454,0.1688,0.4945,0.0882,1.14,0.16,1.9921
1995-03-31,419954624,839909248,2,14203000000,7436000000,7077000000,3609000000,7126000000,0,0,0,1213000000,4087000000,376000000,376000000,0.9,None,0.47,588000000,-290000000,-205000000,58000000,355000000,298000000,27.41,29.44,25.38,0.2056,0.1028,8.48,3.42,17.51,1.53,0.541,0.1702,0.5017,0.0896,1.15,0.35,2.0604
1994-12-31,419796244,839592488,2,13496000000,6928000000,6762000000,3605000000,6734000000,0,0,0,1031000000,3855000000,332000000,332000000,0.79,None,0.44,493000000,-351000000,-156000000,-7000000,297000000,339000000,26.76,28.32,25.19,0.2007,0.0998,8.02,3.38,None,1.29,0.5613,0.1531,0.499,0.0877,1.14,0.18,1.9218
1994-09-30,420493643,840987286,2,13323000000,6863000000,6663000000,3566000000,6660000000,0,0,0,939000000,3820000000,341000000,341000000,0.81,None,0.44,587000000,-312000000,-257000000,-5000000,304000000,287000000,26.6,28.57,24.63,None,None,7.92,3.42,None,1.07,None,0.141,0.4999,None,None,0.36,1.9246
1994-06-30,422518064,845036128,2,13164000000,6802000000,6596000000,3412000000,6568000000,0,0,0,951000000,3772000000,343000000,343000000,0.81,None,0.44,413000000,-253000000,-257000000,-81000000,309000000,245000000,24.69,26.19,23.19,None,None,7.77,3.27,None,0.85,None,0.1448,0.4989,None,None,0.2,1.9936
1994-03-31,423572792,847145584,2,13024000000,6763000000,6640000000,3661000000,6384000000,0,0,0,811000000,3632000000,306000000,306000000,0.72,None,0.44,436000000,-255000000,-70000000,116000000,390000000,232000000,26.34,28.19,24.5,None,None,7.54,3.46,None,0.64,None,0.127,0.4902,None,None,0.24,1.8473
1993-12-31,214001230,856004920,4,12197000000,6363000000,5685000000,3282000000,6512000000,0,0,0,796000000,None,None,None,None,None,0,491000000,-325000000,-233000000,-44000000,274000000,303000000,26.88,28.38,25.38,None,None,7.61,3.51,None,0.41,None,0.1222,0.5339,None,None,0.22,1.9388
1993-09-30,215790760,863163040,4,12229000000,6445000000,5629000000,3404000000,6600000000,0,0,0,682000000,3481000000,316000000,316000000,1.47,None,0.83,612000000,-280000000,-355000000,-11000000,318000000,271000000,26.7,27.82,25.57,None,None,7.65,3.52,None,0.41,None,0.1033,0.5397,None,None,0.4,1.8934
1993-06-30,216974988,867899952,4,12145000000,6382000000,5555000000,3365000000,6590000000,0,0,0,679000000,3540000000,331000000,331000000,1.51,None,0.83,None,None,None,None,329000000,0,27.73,29.25,26.22,None,None,7.59,None,None,0.2075,None,0.103,0.5426,None,None,None,1.8966
