"Quarter end","Shares","Shares split adjusted","Split factor","Assets","Current Assets","Liabilities","Current Liabilities","Shareholders equity","Non-controlling interest","Preferred equity","Goodwill & intangibles","Long-term debt","Revenue","Earnings","Earnings available for common stockholders","EPS basic","EPS diluted","Dividend per share","Cash from operating activities","Cash from investing activities","Cash from financing activities","Cash change during period","Cash at end of period","Capital expenditures","Price","Price high","Price low","ROE","ROA","Book value of equity per share","P/B ratio","P/E ratio","Cumulative dividends per share","Dividend payout ratio","Long-term debt to equity ratio","Equity to assets ratio","Net margin","Asset turnover","Free cash flow per share","Current ratio"
2019-03-31,140805319,140805319,1,38176000000,None,31741000000,None,6366000000,69000000,0,630000000,21000000,1934000000,261000000,261000000,1.85,1.81,0.34,-205000000,-377000000,-427000000,-985000000,6119000000,32000000,78.46,85.53,71.39,0.1606,0.0267,45.21,1.8,11.82,10.89,0.1688,0.0033,0.1668,0.129,0.21,-1.68,None
2018-12-31,141037985,141037985,1,38544000000,None,32319000000,None,6143000000,82000000,0,633000000,23000000,2004000000,249000000,249000000,1.73,1.69,0.3,225000000,-533000000,1526000000,1163000000,7104000000,27000000,82.6,96.09,69.11,0.1604,0.0266,43.56,1.86,14.37,10.55,0.1603,0.0037,0.1594,0.1279,0.21,1.4,None
2018-09-30,143284861,143284861,1,37412924000,None,30960578000,None,6368461000,83885000,0,639097000,0,1962093000,262748000,262748000,1.81,1.77,0.3,914178000,-978286000,378078000,320555000,3500306000,37472000,92.59,97.62,87.56,0.1418,0.0235,44.45,2.19,17.47,10.25,0.1727,0,0.1702,0.1146,0.2,6.12,None
2018-06-30,145888459,145888459,1,36364109000,None,30114058000,None,6157363000,92688000,0,641787000,25326000,1890902000,232258000,232258000,1.59,1.55,0.25,2116000,-682936000,730037000,39813000,3179751000,25676000,93.03,102.17,83.89,0.1347,0.022,42.21,2.28,18.64,9.95,0.1737,0.0041,0.1693,0.1087,0.2,-0.16,None
2018-03-31,145861837,145861837,1,36030871000,None,29988649000,None,5940987000,101235000,0,646809000,26588000,1857234000,242847000,242847000,1.67,1.63,0.25,661414000,-740816000,-667165000,-757591000,3139938000,34489000,91.81,99.26,84.37,0.1307,0.021,40.73,2.35,22.23,9.7,0.1787,0.0045,0.1649,0.1052,0.2,4.3,None
2017-12-31,145614962,145614962,1,36084899000,None,30281944000,None,5696748000,106207000,0,651339000,27826000,1765592000,118842000,118842000,0.82,0.8,0.22,325619000,-1073876000,979232000,227857000,3897529000,35949000,86.59,91.29,81.9,0.1113,0.0177,39.12,2.24,20,9.45,0.2091,0.0049,0.1579,0.09,0.2,1.99,None
2017-09-30,144400529,144400529,1,34883456000,None,29190105000,None,5581713000,111638000,0,493183000,0,1732686000,193489000,193489000,1.35,1.32,0.22,-108479000,-647334000,1762309000,1054193000,3669672000,37149000,80.39,85.97,74.81,0.1197,0.0191,38.65,2.15,19.19,9.23,0.1948,0,0.16,0.0975,0.2,-1.01,None
2017-06-30,144187610,144187610,1,33433426000,None,27932676000,None,5389272000,111478000,0,495116000,0,1663107000,183424000,183424000,1.27,1.24,0.22,322276000,-793734000,437649000,-20847000,2615479000,29507000,76.97,82.59,71.35,0.1194,0.019,37.38,2.13,20.15,9.01,0.1962,0,0.1612,0.0978,0.19,2.03,None
2017-03-31,144021101,144021101,1,32928731000,None,27600514000,None,5207748000,120469000,0,496222000,0,1600314000,112755000,112755000,0.78,0.77,0.22,284364000,-829853000,663270000,108051000,2636326000,44679000,75.5,81.92,69.09,0.1116,0.0178,36.16,2.14,19.26,8.79,0.2105,0,0.1582,0.0926,0.19,1.66,None
2016-12-31,143686015,143686015,1,31669390000,None,26464789000,None,5080877000,123724000,0,499195000,0,1528768000,146567000,146567000,1.03,1,0.2,807775000,-1105149000,1201335000,877823000,2528275000,78659000,65.66,74.7,56.61,0.1176,0.019,35.36,1.9,17.99,8.57,0.1997,0,0.1604,0.0991,0.19,5.07,None
2016-09-30,141970986,141970986,1,31593733000,None,26443817000,None,4914096000,235820000,0,504442000,0,1491207000,171670000,171670000,1.2,1.18,0.2,-431102000,-942673000,1061027000,-327605000,1650452000,35215000,52.63,58.97,46.3,0.1118,0.0184,34.61,1.57,15.71,8.37,0.2087,0,0.1555,0.0959,0.19,-3.28,None
2016-06-30,141684168,141684168,1,28843431000,None,23849301000,None,4747459000,246671000,0,384893000,0,1386693000,125504000,125504000,0.89,0.87,0.2,-19372000,-435386000,956766000,498271000,1978057000,28338000,50.45,56.69,44.22,0.105,0.0177,33.51,1.54,14.88,8.17,0.2215,0,0.1646,0.0902,0.2,-0.34,None
2016-03-31,141531601,141531601,1,27753211000,None,22875972000,None,4635290000,241949000,0,376964000,0,1340918000,125847000,125847000,0.89,0.87,0.2,-295259000,-747047000,-88470000,-1116602000,1479786000,25599000,48.26,56.68,39.84,0.1082,0.0187,32.75,1.47,14.67,7.97,0.2132,0,0.167,0.0923,0.2,-2.27,None
2015-12-31,141268377,141268377,1,26907327000,None,21986684000,None,4646814000,273829000,0,374407000,0,1301526000,106329000,106329000,0.74,0.73,0.18,227409000,-856713000,649410000,-4618000,2596388000,32581000,52.84,59.81,45.86,0.107,0.0187,32.89,1.67,15.41,7.77,0.2136,0,0.1727,0.0905,0.21,1.38,None
2015-09-30,143148705,143148705,1,26479684000,None,21693586000,None,4522031000,264067000,0,376962000,0,1366983000,129186000,129186000,0.9,0.88,0.18,434391000,-1233554000,816610000,18925000,2601006000,22446000,55.03,61.82,48.24,0.1139,0.02,31.59,1.77,15.77,7.59,0.2,0,0.1708,0.0946,0.21,2.88,None
2015-06-30,143989935,143989935,1,24808416000,None,20062127000,None,4472665000,273624000,0,354647000,1187934000,1348713000,133195000,133195000,0.93,0.91,0.18,84100000,331241000,-366608000,41944000,2582081000,22022000,58.23,61.46,54.99,0.118,0.0209,31.06,1.91,16.98,7.41,0.191,0.2656,0.1803,0.097,0.22,0.43,None
2015-03-31,143842998,143842998,1,24967935000,None,20316025000,None,4375425000,276485000,0,350673000,1188916000,1312624000,113463000,113463000,0.79,0.77,0.18,141037000,-500208000,286376000,-109248000,2540137000,16585000,55.37,59.77,50.97,0.1187,0.0209,30.42,1.85,16.38,7.23,0.1884,0.2717,0.1752,0.097,0.22,0.87,None
2014-12-31,142781599,142781599,1,24253246000,None,19695112000,None,4270665000,287469000,0,352474000,1189883000,1279844000,126296000,126296000,0.89,0.87,0.16,239649000,-765438000,989527000,450322000,2649385000,13058000,53.12,58.18,48.06,0.1201,0.021,29.91,1.82,16,7.05,0.1851,0.2786,0.1761,0.0973,0.22,1.59,None
2014-09-30,141552219,141552219,1,23325652000,None,18892396000,None,4141236000,292020000,0,354261000,1190836000,1310778000,136366000,136366000,0.97,0.94,0.16,56667000,-529336000,-163276000,-646694000,2199063000,16045000,52.76,56.61,48.91,0.1214,0.0211,29.26,1.86,16.49,6.89,0.1823,0.2876,0.1775,0.0967,0.22,0.29,None
2014-06-30,141272924,141272924,1,23070289000,None,18757111000,None,4015176000,298002000,0,356035000,0,1241283000,122689000,122689000,0.87,0.85,0.16,317827000,-404959000,300297000,203881000,2845757000,12784000,51.91,56.32,47.49,0.1202,0.0203,28.42,1.88,17.66,6.73,0.1831,0,0.174,0.096,0.21,2.16,None
2014-03-31,141075088,141075088,1,22868902000,None,18660541000,None,3888304000,320057000,0,357846000,0,1204625000,104560000,104560000,0.74,0.72,0.16,116577000,-657175000,391204000,-160076000,2641876000,18629000,52.22,56.31,48.13,0.1136,0.0187,27.56,1.94,18.78,6.57,0.1928,0,0.17,0.0899,0.21,0.69,None
2013-12-31,140747875,140747875,1,21924495000,None,17798907000,None,3782076000,343512000,0,359630000,0,1208774000,116633000,116633000,0.83,0.81,0.14,16516000,-505294000,695736000,205336000,2801952000,12691000,46.24,52.47,40.01,0.1101,0.0177,26.87,1.77,17.92,6.41,0.1971,0,0.1725,0.0853,0.21,0.03,None
2013-09-30,140059971,140059971,1,23186122000,None,19187785000,None,3662924000,335413000,0,361464000,0,1150263000,117458000,117458000,0.85,0.82,0.14,246628000,-375650000,138262000,11071000,2596616000,7122000,43.33,45.55,41.11,0.1045,0.0162,26.15,1.71,18.36,6.27,0.2094,0,0.158,0.0799,0.2,1.71,None
2013-06-30,139846765,139846765,1,22214191000,None,18339049000,None,3544195000,330947000,0,362677000,0,1137728000,83862000,83862000,0.6,0.59,0.14,237169000,214955000,-36941000,411396000,2585545000,18824000,43.02,46.73,39.31,0.0975,0.0151,25.34,1.73,18.54,6.13,0.226,0,0.1595,0.0734,0.21,1.56,None
2013-03-31,139645677,139645677,1,22735145000,None,18823261000,None,3470756000,441128000,0,364874000,0,1170298000,79960000,79960000,0.57,0.56,0.14,-61981000,-108655000,159748000,-13558000,2174149000,27998000,43.72,48.22,39.23,0.0981,0.0149,24.85,1.8,19.18,5.99,0.2262,0,0.1527,0.0721,0.21,-0.64,None
2012-12-31,139456462,139456462,1,22275971000,None,18466389000,None,3379801000,429781000,0,374510000,0,1137509000,85874000,85874000,0.62,0.61,0.13,237989000,-382624000,354363000,207687000,2187707000,18935000,38.13,39.99,36.26,0.0975,0.015,24.24,1.61,17.33,5.85,0.2289,0,0.1517,0.0742,0.2,1.57,None
2012-09-30,138434615,138434615,1,21160265000,None,17479983000,None,3268940000,411342000,0,361246000,0,1093468000,83325000,83325000,0.62,0.6,0.13,175502000,-222614000,296138000,250985000,1980020000,23943000,34.97,38.95,30.99,0.0974,0.0149,23.61,1.53,16.42,5.72,0.2374,0,0.1545,0.0759,0.2,1.09,None
2012-06-30,138017783,138017783,1,21170555000,None,17588846000,None,3157696000,424013000,0,286372000,0,1115762000,76350000,76350000,0.55,0.55,0.13,146717000,-1456008000,163564000,-1146823000,1729035000,22390000,34.81,37.67,31.96,0.0982,0.0147,22.88,1.55,17.85,5.59,0.2438,0,0.1492,0.0773,0.19,0.9,None
2012-03-31,137825868,137825868,1,19275376000,None,15859505000,None,3087853000,328018000,0,71924000,0,889853000,68869000,68869000,0.52,0.52,0.13,89061000,-608285000,1477504000,958904000,2875858000,17535000,34.88,38.18,31.59,0.0927,0.0141,22.4,1.67,16.85,5.46,0.2665,0,0.1602,0.0743,0.19,0.52,None
2011-12-31,125996881,125996881,1,17891566000,None,14928612000,None,2636669000,326285000,0,71924000,0,798817000,67325000,67325000,0.53,0.53,0.13,-19991000,-444308000,-57931000,-522741000,1916954000,13647000,27.77,32.37,23.16,0.1026,0.0157,20.93,1.35,12.68,5.33,0.2488,0,0.1474,0.0784,0.2,-0.27,None
2011-09-30,126013143,126013143,1,18006995000,None,15095150000,None,2587619000,324226000,0,71924000,0,834597000,68927000,68927000,0.54,0.53,0.13,468286000,-396221000,771567000,841007000,2439695000,9030000,29.31,34.46,24.16,0.1107,0.0173,20.53,1.45,13.26,5.2,0.2269,0,0.1437,0.0819,0.21,3.64,None
2011-06-30,126613096,126613096,1,16117109000,None,13251870000,None,2558664000,306575000,0,71924000,612648000,868212000,46786000,46786000,0.37,0.37,0.13,-42822000,-105477000,472630000,325154000,1598688000,12196000,35.05,39,31.1,0.1139,0.0174,20.21,1.77,15.11,5.07,0.2173,0.2394,0.1588,0.0829,0.21,-0.43,None
2011-03-31,126502440,126502440,1,15284179000,None,12464771000,None,2507790000,311618000,0,62575000,0,866744000,80917000,80917000,0.64,0.64,0.13,-79472000,123557000,3529000,50285000,1255168000,6474000,35.79,39.68,31.9,0.1239,0.0186,19.82,1.87,16.8,4.94,0.1974,0,0.1641,0.0898,0.21,-0.68,None
2010-12-31,125996802,125996802,1,14849838000,None,12131905000,None,2406742000,311191000,0,62575000,0,830333000,81723000,81723000,0.65,0.65,0.11,1212449000,-22002000,-2927110000,-1738356000,1204883000,9500000,29.41,33.62,25.21,0.1176,0.017,19.1,1.6,16.07,4.81,0.2056,0,0.1621,0.0855,0.2,9.55,None
2010-09-30,124938663,124938663,1,17883081000,None,15286213000,None,2302816000,294052000,0,62575000,0,794498000,69065000,69065000,0.54,0.55,0.11,-1030223000,-58526000,3162954000,2073655000,2943239000,4308000,25.41,27.91,22.91,0.1041,0.0146,18.43,1.42,15.49,4.7,0.2395,0,0.1288,0.0766,0.19,-8.28,None
2010-06-30,124253537,124253537,1,14880179000,None,12414259000,None,2219392000,246528000,0,62575000,0,763612000,60687000,60687000,0.49,0.48,0.11,62495000,132511000,-257761000,-62790000,866196000,4735000,27.95,31.25,24.64,0.0951,0.0128,17.86,1.61,18.39,4.59,0.2694,0,0.1492,0.0709,0.18,0.46,None
2010-03-31,124050270,124050270,1,15277150000,None,12881334000,None,2159867000,235949000,0,62575000,0,734439000,55628000,55628000,0.45,0.45,0.11,85326000,102162000,-277666000,-89599000,928986000,7417000,26,28.29,23.71,0.0893,0.0112,17.41,1.54,23.21,4.48,0.2953,0,0.1414,0.0678,0.16,0.63,None
2009-12-31,123738794,123738794,1,14691995000,None,12375906000,None,2093179000,222910000,0,62575000,0,686967000,42903000,42903000,0.35,0.35,0.11,-138991000,2190074000,-3339705000,-1287500000,1018585000,5827000,24.3,26.65,21.95,0.0674,0.0078,16.92,1.47,18.84,4.37,0.403,0,0.1425,0.0524,0.15,-1.17,None
2009-09-30,123186693,123186693,1,18226728000,None,15993589000,None,2032463000,200676000,0,62575000,0,667158000,42969000,42969000,0.37,0.36,0.11,-23905000,-1220036000,3001105000,1766739000,2306085000,6543000,20.66,25.63,15.68,0.0788,0.0084,16.5,1.3,15.19,4.26,0.354,0,0.1115,0.06,0.14,-0.25,None
2009-06-30,123232700,123232700,1,17830830000,None,15656955000,None,1962108000,211767000,0,62575000,0,624799000,42595000,42595000,0.36,0.36,0.11,266195000,854845000,-892619000,222154000,539346000,5886000,17.34,20.03,14.65,0.0835,0.0085,15.92,1.12,10.91,4.15,0.3383,0,0.11,0.0618,0.14,2.11,None
2009-03-31,122816357,122816357,1,18117545000,None,16018438000,None,1896329000,202778000,0,62575000,0,589667000,6093000,6093000,0.05,0.05,0.11,-99893000,293558000,-350694000,-157573000,317192000,7972000,16.26,21.75,10.77,0.0994,0.0099,15.44,1.07,7.97,4.04,0.2866,0,0.1047,0.0693,0.14,-0.88,None
2008-12-31,122352787,122352787,1,18282316000,None,16172081000,None,1865419000,244816000,0,62575000,0,663942000,61093000,61093000,0.52,0.52,0.11,272019000,-994708000,-1999608000,-2726511000,480982000,15138000,22.71,32.89,12.54,0.1302,0.0127,15.25,1.45,11.41,3.93,0.2208,0,0.102,0.086,0.15,2.1,None
2008-09-30,120296903,120296903,1,20731859000,None,18610632000,None,1883905000,237322000,0,62575000,0,693165000,49108000,49108000,0.43,0.43,0.11,28093000,-418076000,2925633000,2537952000,3207493000,15695000,30.43,38.25,22.6,0.1286,0.0127,15.66,1.97,14.49,3.82,0.2249,0,0.0909,0.0836,0.15,0.1,None
2008-06-30,119719189,119719189,1,18279188000,None,16192316000,None,1847378000,239494000,0,62575000,0,742024000,69938000,69938000,0.6,0.59,0.11,57588000,-221680000,6257000,-156961000,669541000,15689000,26.56,31.36,21.76,0.1386,0.0143,15.43,1.79,12.77,3.71,0.2074,0,0.1011,0.0886,0.16,0.35,None
2008-03-31,119296173,119296173,1,18081869000,None,16075314000,None,1772269000,234286000,0,62575000,0,691687000,59790000,59790000,0.51,0.5,0.11,-33183000,-1453635000,1639943000,146682000,826502000,11330000,26.05,32.73,19.38,0.141,0.0147,14.86,1.75,12.52,3.6,0.2039,0,0.098,0.0897,0.16,-0.37,None
2007-12-31,121288531,121288531,1,17097718000,None,15043926000,None,1805683000,248109000,0,62575000,0,685827000,56242000,56242000,0.48,0.47,0.11,28536000,-617377000,621652000,34877000,679820000,8329000,32.82,37.6,28.04,0.1445,0.0157,14.89,2.24,15.55,3.49,0.199,0,0.1056,0.0919,0.17,0.17,None
2007-09-30,120051495,120051495,1,16254168000,None,14266684000,None,1757814000,229670000,0,62575000,0,691636000,62967000,62967000,0.54,0.54,0.1,600084000,-564820000,118712000,149213000,644943000,16019000,32.33,36,28.65,0.1525,0.0172,14.64,2.3,16.08,3.38,0.1906,0,0.1081,0.096,0.18,4.87,None
2007-06-30,119578344,119578344,1,15671201000,None,13749681000,None,1680164000,241356000,0,62575000,0,688660000,68353000,68353000,0.59,0.57,0.1,-23091000,-302135000,400561000,84525000,745003000,10133000,31.86,34.62,29.1,0.152,0.0178,14.05,2.37,16.59,3.28,0.1695,0,0.1072,0.0952,0.19,-0.28,None
2007-03-31,119080514,119080514,1,14165369000,None,12356539000,None,1601706000,207124000,0,62575000,0,625719000,59715000,59715000,0.52,0.5,0.1,146945000,-1756547000,1703624000,95432000,660478000,8191000,29.95,32.52,27.38,0.1503,0.0186,13.45,2.32,15.36,3.18,0.1664,0,0.1131,0.0927,0.2,1.17,None
2006-12-31,118646428,118646428,1,12276177000,None,10532106000,None,1528897000,215174000,0,62575000,0,603900000,59395000,59395000,0.52,0.5,0.1,-287367000,-310353000,520179000,-76645000,565046000,11738000,31.08,33.63,28.53,0.1572,0.0205,12.89,2.48,16.8,3.08,0.1737,0,0.1245,0.0947,0.22,-2.52,None
2006-09-30,117034717,117034717,1,11516650000,None,9897870000,None,1463869000,154911000,0,62575000,0,587081000,50928000,50928000,0.45,0.44,0.04,31869000,-1076345000,1053401000,9779000,641691000,4871000,28.51,30.57,26.45,0.153,0.0207,12.51,2.29,15.81,2.98,0.172,0,0.1271,0.0918,0.23,0.23,None
2006-06-30,116089531,116089531,1,10790768000,None,9226654000,None,1443536000,120578000,0,62575000,0,629668000,56774000,56774000,0.5,0.48,0.08,-42021000,-263547000,201532000,-101347000,631912000,7588000,29,31.66,26.34,0.1547,0.0217,12.43,2.43,18.01,2.94,0.1835,0,0.1338,0.09,0.24,-0.43,None
2006-03-31,115717638,115717638,1,10072204000,None,8582026000,None,1379722000,110456000,0,62575000,0,592802000,61531000,61531000,0.54,0.53,0.12,137885000,-371465000,409522000,174672000,850875000,3946000,27.96,31.45,24.47,0.1433,0.0208,11.92,2.4,20.16,2.86,0.1895,0,0.137,0.0844,0.25,1.16,None
2005-12-31,75183363,112775044,1.5,9130811000,None,7710483000,None,1316210000,104118000,0,62575000,0,526536000,45109000,45109000,0.61,0.6,0.12,-166615000,-330443000,174583000,-322546000,676203000,10875000,22.98,25.72,20.25,0.1278,0.0189,11.67,2.08,17.24,2.74,0.1716,0,0.1442,0.0759,0.25,-1.57,None
2005-09-30,75010844,112516266,1.5,8358769000,None,7025915000,None,1241823000,91031000,0,62575000,0,563561000,44724000,44724000,0.61,0.59,0.08,174766000,-328255000,349617000,199067000,998749000,11166000,19.89,21.46,18.33,0.1281,0.0188,11.04,1.85,16.39,2.66,0.1531,0,0.1486,0.0741,0.25,1.45,None
2005-06-24,73882378,110823567,1.5,7854177000,None,6641381000,None,1192509000,20287000,0,62575000,0,493544000,32382000,32382000,0.44,0.43,0.08,160069000,-12905000,-15840000,132068000,799682000,6381000,19.05,20.85,17.25,0.1207,0.0175,10.76,1.85,15.96,2.61,0.1466,0,0.1518,0.0713,0.25,1.39,None
2005-03-24,74924785,112387177,1.5,7891154000,None,6705358000,None,1160382000,25414000,0,62575000,0,483118000,34697000,34697000,0.47,0.46,0.08,53517000,8002000,-12884000,47997000,667614000,9219000,21.04,22.81,19.27,0.1226,0.0174,10.32,2.1,16.52,2.55,0.144,0,0.147,0.0718,0.24,0.39,None
2004-12-31,74623972,111935958,1.5,7958496000,None,6814256000,None,1120484000,23756000,0,62575000,0,498985000,39243000,39243000,0.53,0.52,0.07,45698000,9830000,33515000,90794000,619617000,3388000,18.34,21.11,15.57,0.1351,0.0188,10.01,1.91,16.03,2.5,0.14,0,0.1408,0.0764,0.25,0.38,None
2004-09-24,73813000,110719500,1.5,7621846000,None,6535260000,None,1065213000,21373000,0,62575000,0,446713000,30664000,30664000,0.42,0.41,0.04,-50165000,-30040000,-63306000,-140591000,528823000,5003000,16.14,17.77,14.51,0.1258,0.0175,9.62,1.73,13.76,2.45,0.15,0,0.1398,0.0716,0.24,-0.5,None
2004-06-25,73762118,110643177,1.5,7303242000,None,6270406000,None,1032836000,0,0,62575000,0,440111000,29613000,29613000,0.4,0.4,0.07,117419000,-287000,3344000,121182000,669414000,3156000,16.82,17.69,15.95,0.1328,0.0182,9.33,1.85,15.02,2.43,0.158,0,0.1414,0.0759,0.24,1.03,None
2004-03-26,73572919,110359378,1.5,7381136000,None,6378226000,None,1002910000,0,0,62575000,0,480448000,43068000,43068000,0.59,0.58,0.09,-48239000,15229000,-13425000,-46081000,548232000,7148000,16.54,17.85,15.23,0.1315,0.0176,9.09,1.9,18.99,2.38,0.1594,0,0.1359,0.0751,0.23,-0.5,None
2003-12-26,48868980,109955205,2.25,6910453000,None,5954386000,None,956067000,0,0,62575000,0,413987000,24230000,24230000,0.5,0.49,0.09,-202091000,25789000,34572000,-140318000,594313000,6721000,17.13,18.36,15.89,0.1059,0.0141,8.7,2.02,21.9,2.32,0.1822,0,0.1384,0.0632,0.22,-1.9,None
2003-09-26,48546824,109230354,2.25,6911638000,None,5986903000,None,924735000,0,0,62575000,0,378864000,33133000,33133000,0.68,0.68,0.09,480685000,-25822000,-288179000,166905000,734631000,4690000,15.74,17.1,14.38,0.0976,0.0131,8.47,1.94,23.3,2.28,0.2033,0,0.1338,0.0594,0.22,4.36,None
2003-06-27,48627059,109410882,2.25,7013676000,None,6124634000,None,889042000,0,0,62575000,0,377991000,23562000,23562000,0.49,0.48,0.09,-101242000,32273000,158117000,92733000,567726000,10565000,13.39,15.41,11.37,0.0871,0.0118,8.13,1.69,20.78,2.24,0.2336,0,0.1268,0.0515,0.23,-1.02,None
2003-03-28,48512710,109153597,2.25,6370527000,None,5508648000,None,861879000,0,0,62575000,0,350497000,15194000,15194000,0.31,0.31,0.09,-64059000,41786000,94772000,77740000,474993000,7407000,12.29,14.46,10.12,0.0849,0.0115,7.9,1.58,18.19,2.2,0.2436,0,0.1353,0.049,0.23,-0.65,None
2002-12-27,49250850,110814412,2.25,6159402000,None,5298782000,None,860620000,0,0,62575000,0,344608000,14428000,14428000,0.3,0.29,0.09,-124194000,32654000,18023000,-72246000,397253000,6113000,12.46,14.65,10.26,0.0905,0.0119,7.77,1.63,17.52,2.16,0.2321,0,0.1397,0.0505,0.24,-1.18,None
2002-09-27,48756470,109702057,2.25,6040303000,None,5200667000,None,839636000,0,0,62575000,0,385323000,21995000,21995000,0.45,0.44,0.09,224016000,-19871000,-153375000,48052000,469499000,7591000,11.61,13.11,10.11,0.0968,0.0123,7.65,1.52,18.4,2.12,0.2206,0,0.139,0.0523,0.23,1.97,None
2002-06-28,48408932,108920097,2.25,6554970000,None,5723853000,None,831117000,0,0,62575000,0,388123000,20393000,20393000,0.42,0.41,0.09,8072000,63362000,-43182000,31562000,421447000,12386000,14.55,16.58,12.52,0.0872,0.0107,7.63,1.96,20.46,2.08,0.2497,0,0.1268,0.0463,0.23,-0.04,None
2002-03-28,48672674,109513516,2.25,6629586000,None,5818371000,None,811215000,0,0,62575000,0,378341000,18817000,18817000,0.39,0.38,0.09,-97705000,-28182000,164273000,36777000,389885000,3479000,15.07,16.67,13.46,0.0999,0.012,7.41,2.07,20.18,2.04,0.222,0,0.1224,0.0508,0.24,-0.92,None
2001-12-28,48556693,109252559,2.25,6606008000,None,5811866000,None,794142000,0,0,64365000,0,364136000,18098000,18098000,0.37,0.37,0.09,-80159000,-27280000,3805000,-105360000,353108000,2934000,13.75,15.91,11.58,0.1073,0.0123,7.27,1.94,15.63,2,0.2106,0,0.1202,0.0514,0.24,-0.76,None
2001-09-28,48434467,108977550,2.25,6372054000,None,5601178000,None,770876000,0,0,64819000,0,379825000,12634000,12634000,0.27,0.26,0.09,-654195000,10602000,-35532000,-681321000,458468000,4819000,12.1,13.82,10.38,0.1298,0.0142,7.07,1.7,10.85,1.96,0.1789,0,0.121,0.0582,0.24,-6.05,None
2001-06-29,47905500,107787375,2.25,6634986000,None,5869314000,None,765672000,0,0,66400000,0,421992000,28930000,28930000,0.6,0.59,0.09,-114456000,-15874000,-2511000,-131992000,1954022000,10565000,13.3,15.26,11.34,0.1695,0.0178,7.1,1.94,12.37,1.92,1.1861,0,0.1154,0.0706,0.25,-1.16,None
2001-03-30,47775093,107493959,2.25,7096772000,None,6358833000,None,737939000,0,0,68040000,0,435004000,22665000,22665000,0.47,0.46,0.09,178156000,-101498000,41712000,116706000,2086014000,7271000,14.98,18.38,11.58,0.1704,0.0177,6.86,2.3,12.12,1.88,1.2402,0,0.104,0.0671,0.26,1.59,None
2000-12-29,47525893,106933259,2.25,7129600000,None,6433604000,None,695996000,0,0,31814000,0,421023000,32181000,32181000,0.69,0.67,0.09,770987000,64194000,13967000,849791000,1969308000,4425000,15.18,18.22,12.14,0.2045,0.0209,6.51,2.46,12.79,1.84,1.0841,0,0.0976,0.0752,0.28,7.17,None
2000-09-29,46886453,105494519,2.25,6308816000,None,5658298000,None,650518000,0,0,32448000,0,432057000,36980000,36980000,0.8,0.79,2.78,-25047000,-23793000,-3687000,-52893000,1119517000,4898000,12.26,14.69,9.83,0.207,0.0212,6.17,2.07,11.69,1.8,1.1221,0,0.1031,0.0737,0.29,-0.28,None
2000-06-30,46162076,103864671,2.25,5457317000,None,4842854000,None,614463000,0,0,33083000,0,426424000,23163000,23163000,0.5,0.5,0.08,-178013000,14362000,-98031000,-261682000,1172410000,4358000,8.88,10.64,7.11,0.1899,0.0198,5.92,1.55,8.5,0.57,0.1213,0,0.1126,0.0686,0.29,-1.76,None
2000-03-31,46072115,103662258,2.25,6084743000,None,5491381000,None,593362000,0,0,33719000,0,456187000,38236000,38236000,0.83,0.82,0.07,-307172000,-2849000,80310000,-229711000,1434537000,2849000,8.48,9.69,7.28,0.1966,0.0203,5.72,1.56,9.64,0.53,0.1175,0,0.0975,0.0734,0.28,-2.99,None
1999-12-31,45959225,103408256,2.25,5759118000,None,5198620000,None,560498000,0,0,34352000,0,383926000,26816000,26816000,0.57,0.56,0.07,399169000,-8157000,-80607000,310405000,1664248000,8157000,8.47,9.53,7.42,0.1732,0.0182,5.42,1.59,10.71,0.5,0.139,0,0.0973,0.0699,0.26,3.78,None
1999-09-24,46588602,104824354,2.25,5030715000,None,4472229000,None,558486000,0,0,34866000,0,344118000,22252000,22252000,0.47,0.48,0.07,367284000,-84847000,-186691000,95746000,1353843000,-1273000,9.78,11.2,8.36,0.1589,0.0176,5.33,1.93,12.79,0.47,0.1558,0,0.111,0.0691,0.25,3.52,None
1999-06-25,47335329,106504490,2.25,4996521000,None,4454962000,None,541559000,0,0,35487000,0,324390000,23490000,23490000,0.5,0.49,0.07,-204046000,-11631000,-18507000,-234184000,1258097000,11631000,9.57,10.75,8.39,0.1629,0.0188,5.08,1.97,12.74,0.44,0.1172,0,0.1084,0.0726,0.26,-2.03,None
1999-03-26,47627055,107160873,2.25,4916817000,None,4396180000,None,520637000,0,0,0,0,299191000,21869000,21869000,0.46,0.45,0.07,-170562000,-3829000,157745000,-16646000,1492281000,3829000,9.03,10.06,8,0.1654,0.0197,4.86,1.86,11.68,0.41,0.1305,0,0.1059,0.0751,0.26,-1.63,None
1998-12-24,47849070,107660407,2.25,4407141000,None,3885185000,None,521956000,0,0,0,0,264507000,17479000,17479000,0.36,0.36,0.07,257307000,-6356000,14435000,265386000,1508927000,6356000,9.55,11.67,7.44,0.1752,0.0213,4.85,2.03,11.64,0.37,0.1379,0,0.1184,0.0798,0.27,2.33,None
1998-09-25,48149410,108336172,2.25,3852737000,None,3342839000,None,509898000,0,0,0,0,287274000,22468000,22468000,0.47,0.42,0,327661000,-70831000,-33870000,222960000,1243541000,-1620000,11.04,14.5,7.59,0.1932,0.024,4.71,2.44,12.38,0.34,0.1251,0,0.1323,0.0856,0.28,3.04,None
1998-06-26,48425299,108956922,2.25,4005858000,None,3512424000,None,493434000,0,0,0,0,275791000,22791000,22791000,0.47,0.46,0.09,-45030000,-21195000,52199000,-14026000,1020581000,21195000,14.45,16.22,12.67,0.2111,0.026,4.53,3.33,17.11,0.34,0.1265,0,0.1232,0.0905,0.29,-0.61,None
1998-03-27,48320037,108720083,2.25,4172041000,None,3700667000,None,471374000,0,0,0,19930000,267538000,24700000,24700000,0.51,0.5,0.09,228942000,-10204000,1711000,220449000,1034607000,10204000,11.28,12.95,9.61,0.2097,0.0264,4.34,2.74,11.61,0.3,0.1283,0.0423,0.113,0.0908,0.29,2.01,None
1997-12-26,32112017,108378057,3.375,3445319000,None,3000425000,None,444894000,0,0,0,20000000,252304000,22745000,22745000,0.71,0.7,0.09,-63243000,-16036000,4657000,-74622000,814158000,16036000,9.92,11.84,8,0.2625,0.0343,4.11,2.52,10.73,0.26,0.1005,0.045,0.1291,0.1061,0.32,-0.73,None
1997-09-26,31878062,107588459,3.375,3278645000,None,2855369000,None,423276000,0,0,0,14215000,272675000,26477000,26477000,0.87,0.87,0.02,243839000,-115106000,-19733000,109000000,888780000,8147000,11,11,11,0.2654,0.0341,3.93,2.96,12.88,0.24,0.0982,0.0336,0.1291,0.1066,0.32,2.19,None
1997-06-27,31706391,107009069,3.375,2888403000,None,2491053000,None,397350000,0,0,0,32265000,210118000,17140000,17140000,0.53,0.53,0.12,-150697000,-4943000,11758000,-143882000,779780000,4943000,7.23,8.67,5.8,0.2639,0.0338,3.71,2.36,8.3,0.23,0.1215,0.0812,0.1376,0.1085,0.31,-1.45,None
1997-03-27,31650874,106821699,3.375,2566381000,None,2239749000,None,326632000,0,0,0,24898000,249995000,38130000,38130000,1.18,1.18,0.1,163425000,-5472000,-3349000,154604000,923662000,5472000,None,7.57,None,0.2959,0.0374,3.06,None,None,0.2,0.1012,0.0762,0.1273,0.1118,0.33,1.48,None
1996-12-27,21043332,106531868,5.0625,2854282000,None,2510751000,None,343531000,0,0,0,22405000,194819000,17168000,17168000,0.81,0.81,0.1,43444000,-6894000,-2762000,33788000,769058000,6894000,5.38,6.07,4.69,0.23,0.0279,3.22,1.75,8.62,0.17,0.1156,0.0652,0.1204,0.0923,0.3,0.34,None
1996-09-27,20970681,106164072,5.0625,2566381000,None,2239749000,None,326632000,0,0,0,24898000,192813000,19542000,19542000,0.95,0.95,0.1,213364000,-79243000,-8613000,125508000,735270000,4994000,6.54,7.22,5.85,0.227,0.0266,3.08,2.6,11.34,0.15,0.1202,0.0762,0.1273,0.0914,0.29,1.96,None
1996-06-28,20865694,105632575,5.0625,2012715000,None,1746522000,None,266193000,0,0,0,13084000,198194000,18582000,18582000,0.88,0.88,0.1,212000,-2352000,15653000,13513000,609762000,2352000,6.52,6.96,6.07,0.2204,0.0259,2.52,2.35,12.18,0.13,0.1267,0.0492,0.1323,0.0877,0.3,-0.02,None
1996-03-29,20842326,105514275,5.0625,2676137000,None,2384342000,None,291795000,0,0,0,0,178719000,15313000,15313000,0.73,0.73,0.09,-73203000,-1373000,-1706000,-76282000,596249000,1373000,6.28,6.93,5.63,0.2056,None,2.77,2.38,12.87,0.11,0.1332,0,0.109,0.087,0.27,-0.71,None
1995-12-29,20803167,105316032,5.0625,2679155000,None,2401011000,None,278144000,0,0,0,0,152026000,12541000,12541000,0.6,0.6,0.09,254158000,-1374000,-632000,252152000,672531000,1374000,6.72,7.48,5.96,0.1957,None,2.64,2.65,15.12,0.09,0.1463,0,0.1038,0.086,0.26,2.4,None
1995-09-29,20668798,104635789,5.0625,2012715000,None,1746522000,None,266193000,0,0,0,0,163737000,14312000,14312000,0.71,0.71,0.09,77316000,-50267000,-1572000,25477000,420379000,1270000,4.06,4.47,3.65,None,None,2.54,1.67,None,0.07,0.1604,0,0.1323,None,None,0.73,None
1995-06-30,20569686,104134035,5.0625,2245436000,None,1992170000,None,253266000,0,0,0,0,148943000,13838000,13838000,0.67,0.67,0.09,127565000,-2301000,-16006000,109258000,367123000,2301000,3.63,4.05,3.21,None,None,2.43,1.57,None,0.05,None,0,0.1128,None,None,1.2,None
1995-03-31,20520615,103885613,5.0625,2151548000,None,1911154000,None,240394000,0,0,0,0,125678000,10100000,10100000,0.49,0.49,0.09,-35921000,-1538000,14768000,-22691000,257865000,1538000,3.14,3.56,2.72,None,None,2.31,1.41,None,0.04,None,0,0.1117,None,None,-0.36,None
1994-12-30,20475696,103658211,5.0625,1681041000,None,1450555000,None,230486000,0,0,0,0,115712000,7891000,7891000,0.38,0.38,0.09,89579000,-3547000,-4895000,81137000,280556000,3547000,2.84,3.06,2.62,None,None,2.22,None,None,0.017778,None,0,0.1371,None,None,0.83,None
