"Quarter end","Shares","Shares split adjusted","Split factor","Assets","Current Assets","Liabilities","Current Liabilities","Shareholders equity","Non-controlling interest","Preferred equity","Goodwill & intangibles","Long-term debt","Revenue","Earnings","Earnings available for common stockholders","EPS basic","EPS diluted","Dividend per share","Cash from operating activities","Cash from investing activities","Cash from financing activities","Cash change during period","Cash at end of period","Capital expenditures","Price","Price high","Price low","ROE","ROA","Book value of equity per share","P/B ratio","P/E ratio","Cumulative dividends per share","Dividend payout ratio","Long-term debt to equity ratio","Equity to assets ratio","Net margin","Asset turnover","Free cash flow per share","Current ratio"
2019-03-31,127367814,127367814,1,5162000000,1393000000,4381000000,1261000000,781000000,0,0,2504000000,2286000000,1551000000,187000000,187000000,1.46,1.44,0.96,154000000,-49000000,-91000000,15000000,180000000,49000000,152.63,161.67,143.58,None,0.1564,6.13,26.36,25.23,43.37,0.5973,2.927,0.1513,0.1268,1.23,0.82,1.1047
2018-12-31,128164289,128164289,1,5073000000,1365000000,4331000000,1186000000,742000000,0,0,2505000000,2285000000,1473000000,182000000,182000000,1.42,1.4,0.96,190000000,-41000000,-146000000,3000000,165000000,50000000,154.62,167.7,141.53,None,0.1531,5.79,29.17,24.08,42.41,0.6044,3.0795,0.1463,0.1265,1.21,1.09,1.1509
2018-09-30,127652097,127652097,1,5058000000,1317000000,4381000000,1235000000,677000000,0,0,2527000000,2285000000,1563000000,210000000,210000000,1.65,1.62,0.96,259000000,-36000000,-192000000,31000000,165000000,36000000,140.36,153.38,127.34,None,0.1656,5.3,24.75,22.42,41.45,0.5507,3.3752,0.1338,0.1359,1.22,1.75,1.0664
2018-06-30,128085895,128085895,1,5060000000,1311000000,4334000000,1200000000,726000000,0,0,2531000000,2284000000,1691000000,217000000,217000000,1.68,1.66,0.84,400000000,-747000000,-691000000,-1043000000,131000000,68000000,124.91,136.24,113.57,None,0.1657,5.67,19.34,20.41,40.49,0.5455,3.146,0.1435,0.1344,1.23,2.59,1.0925
2018-03-31,129507979,129507979,1,5444000000,2373000000,4607000000,2013000000,837000000,0,0,1918000000,1789000000,1517000000,181000000,181000000,1.39,1.37,0.96,252000000,-38000000,469000000,685000000,1174000000,37000000,136.26,148.88,123.64,None,0.1666,6.46,23.21,22.49,39.65,0.5509,2.1374,0.1537,0.1327,1.26,1.66,1.1788
2017-12-31,129403990,129403990,1,4758000000,1680000000,3998000000,1380000000,760000000,0,0,1922000000,1788000000,1416000000,233000000,233000000,1.81,1.77,0.84,64000000,-38000000,-1000000,21000000,489000000,40000000,137.25,150.4,124.09,None,0.172,5.87,29.9,25.28,38.69,0.5305,2.3526,0.1597,0.1321,1.3,0.19,1.2174
2017-09-30,128938551,128938551,1,4600000000,1520000000,4008000000,1376000000,592000000,0,0,1923000000,1787000000,1500000000,192000000,192000000,1.49,1.46,0.84,258000000,-36000000,-176000000,50000000,468000000,49000000,133.17,139.34,127,None,0.1555,4.59,31.71,24.98,37.85,0.5843,3.0186,0.1287,0.1184,1.31,1.62,1.1047
2017-06-30,129068511,129068511,1,4573000000,1514000000,4031000000,1809000000,542000000,0,0,1918000000,1391000000,1647000000,201000000,201000000,1.54,1.52,0.8,386000000,-69000000,-331000000,-13000000,418000000,47000000,128.82,138.41,119.23,None,0.1538,4.2,41.03,25.46,37.01,0.5876,2.5664,0.1185,0.1174,1.31,2.63,0.8369
2017-03-31,128798239,128798239,1,4629000000,1603000000,4225000000,1998000000,404000000,0,0,1918000000,1390000000,1477000000,172000000,172000000,1.34,1.31,0.8,212000000,-22000000,-175000000,17000000,431000000,44000000,127.3,132.19,122.4,None,0.1463,3.14,60.33,25.56,36.21,0.614,3.4406,0.0873,0.1122,1.3,1.3,0.8023
2016-12-31,128265855,128265855,1,4568000000,1549000000,4298000000,2037000000,270000000,0,0,1917000000,1390000000,1406000000,149000000,149000000,1.16,1.14,0.8,100000000,-56000000,-35000000,6000000,414000000,58000000,122.92,131.78,114.06,None,0.1469,2.11,54.87,24.73,35.41,0.6182,5.1481,0.0591,0.1115,1.32,0.33,0.7604
2016-09-30,128743698,128743698,1,4466000000,1416000000,4177000000,1522000000,289000000,0,0,1929000000,1789000000,1443000000,179000000,179000000,1.39,1.36,0.8,170000000,-58000000,-104000000,7000000,408000000,59000000,112,119.75,104.26,None,0.1502,2.24,48.91,22.76,34.61,0.6137,6.1903,0.0647,0.1127,1.33,0.86,0.9304
2016-06-30,129469454,129469454,1,4518000000,1485000000,4221000000,1558000000,297000000,0,0,1932000000,1797000000,1600000000,165000000,165000000,1.28,1.25,0.77,331000000,-329000000,-15000000,-13000000,401000000,59000000,128.82,138.41,119.23,None,0.1518,2.29,64.41,25.26,33.81,0.6147,6.0505,0.0657,0.1125,1.35,2.1,0.9531
2016-03-31,129340425,129340425,1,4284000000,1590000000,4025000000,1387000000,259000000,0,0,1632000000,1796000000,1426000000,162000000,162000000,1.25,1.23,0.77,262000000,-45000000,-197000000,24000000,414000000,45000000,127.3,132.19,122.4,None,0.1613,2,83.2,24.62,33.04,0.5844,6.9344,0.0605,0.1179,1.37,1.68,1.1464
2015-12-31,129445561,129445561,1,4175000000,1490000000,3977000000,1358000000,198000000,0,0,1630000000,1796000000,1345000000,149000000,149000000,1.15,1.13,0.77,38000000,-40000000,16000000,7000000,390000000,40000000,122.92,131.78,114.06,None,0.1647,1.53,133.61,24.63,32.27,0.5705,9.0707,0.0474,0.1205,1.37,-0.02,1.0972
2015-09-30,129091085,129091085,1,4095000000,1410000000,3976000000,1351000000,119000000,0,0,1634000000,1796000000,1390000000,172000000,172000000,1.33,1.31,0.77,147000000,-16000000,-120000000,1000000,383000000,28000000,112,119.75,104.26,None,0.1543,0.92,121.74,25.69,31.5,0.5872,15.0924,0.0291,0.1163,1.33,0.92,1.0437
2015-06-30,128643834,128643834,1,4164000000,1429000000,4046000000,1405000000,118000000,0,0,1652000000,1796000000,1557000000,191000000,191000000,1.48,1.43,0.74,379000000,-26000000,-348000000,4000000,382000000,42000000,92.17,98.31,86.03,None,0.1348,0.92,40.07,21.84,30.73,0.664,15.2203,0.0283,0.1026,1.31,2.62,1.0171
2015-03-31,131178212,131178212,1,4228000000,1495000000,3926000000,1300000000,302000000,0,0,1654000000,1796000000,1401000000,174000000,174000000,1.31,1.3,0.74,218000000,-23000000,-629000000,-441000000,378000000,23000000,100.78,106.36,95.19,None,0.1292,2.3,47.09,25.45,29.99,0.6823,5.947,0.0714,0.0997,1.3,1.49,1.15
2014-12-31,131177785,131177785,1,4674000000,1905000000,4393000000,1744000000,281000000,0,0,1672000000,1795000000,1345000000,125000000,125000000,0.96,0.95,0.74,34000000,-30000000,465000000,464000000,819000000,31000000,107.8,112.65,102.95,None,0.1196,2.14,82.29,27.78,29.25,0.7196,6.3879,0.0601,0.0933,1.28,0.02,1.0923
2014-09-30,129401844,129401844,1,4150000000,1351000000,3981000000,1533000000,169000000,0,0,1686000000,1596000000,1352000000,90000000,90000000,0.7,0.68,0.74,243000000,-27000000,-184000000,26000000,355000000,29000000,108.23,112.7,103.77,None,0.1193,1.31,90.19,25.59,28.51,0.7242,9.4438,0.0407,0.0918,1.3,1.65,0.8813
2014-06-30,128845437,128845437,1,4258000000,1395000000,4104000000,1638000000,154000000,0,0,1712000000,1595000000,1511000000,170000000,170000000,1.33,1.29,0.71,337000000,-49000000,-325000000,-35000000,329000000,50000000,90,93.43,86.56,None,0.1289,1.2,219.51,20.93,27.77,0.6571,10.3571,0.0362,0.0998,1.29,2.23,0.8516
2014-03-31,128587250,128587250,1,4374000000,1520000000,4321000000,1838000000,53000000,0,0,1169000000,1595000000,1386000000,137000000,137000000,1.05,1.04,0.71,220000000,-27000000,-164000000,23000000,364000000,25000000,88.22,92.75,83.7,None,0.1315,0.41,73.52,20.71,27.06,0.6281,30.0943,0.0121,0.1015,1.3,1.52,0.827
2013-12-31,129914045,129914045,1,4388000000,1500000000,4232000000,1181000000,156000000,0,0,1175000000,2170000000,1330000000,115000000,115000000,0.89,0.87,0.71,32000000,-35000000,25000000,18000000,341000000,36000000,88.48,96.76,80.2,None,0.1294,1.2,140.44,20.48,26.35,0.6201,13.9103,0.0356,0.1003,1.29,-0.03,1.2701
2013-09-30,129044616,129044616,1,4301000000,1420000000,4220000000,1170000000,81000000,0,0,1731000000,2170000000,1364000000,136000000,136000000,1.04,1.03,0.71,178000000,-27000000,-128000000,24000000,323000000,27000000,84.42,87.6,81.25,None,0.1304,0.63,75.38,19.63,25.64,0.5968,26.7901,0.0188,0.1018,1.28,1.17,1.2137
2013-06-30,130429805,130429805,1,4311000000,1420000000,4165000000,1134000000,146000000,0,0,1732000000,2170000000,1547000000,183000000,183000000,1.4,1.36,0.64,290000000,-28000000,-382000000,-124000000,299000000,60000000,85.61,90.1,81.12,None,0.1265,1.12,74.44,20.14,24.93,0.5858,14.863,0.0339,0.1017,1.24,1.76,1.2522
2013-03-31,131663142,131663142,1,4523000000,1588000000,4371000000,1308000000,152000000,0,0,1751000000,2169000000,1413000000,133000000,133000000,1.01,1,0.64,160000000,-33000000,-148000000,-22000000,423000000,32000000,81.06,88.63,73.5,None,0.1242,1.15,188.51,19.03,24.29,0.585,14.2697,0.0336,0.1002,1.24,0.97,1.2141
2012-12-31,130962056,130962056,1,4502000000,1552000000,4446000000,1373000000,56000000,0,0,1754000000,2169000000,1325000000,123000000,123000000,0.94,0.93,0.64,117000000,60000000,-397000000,-222000000,445000000,48000000,73.87,76.74,71,None,0.125,0.43,None,17.93,23.65,0.575,38.7321,0.0124,0.1003,1.25,0.53,1.1304
2012-09-30,130469074,130469074,1,4747000000,1745000000,4767000000,1725000000,-20000000,0,0,1762000000,2169000000,1338000000,133000000,133000000,1.02,1.01,0.64,208000000,-54000000,242000000,400000000,667000000,54000000,71.66,73.65,69.67,None,0.1224,-0.15,None,17.52,23.01,0.5831,None,None,0.0989,1.24,1.18,1.0116
2012-06-30,129613607,129613607,1,4355000000,1376000000,4490000000,2061000000,-135000000,0,0,1754000000,1571000000,1541000000,174000000,174000000,1.34,1.31,0.6,287000000,-77000000,-243000000,-36000000,267000000,73000000,70.13,73.54,66.72,None,0.1265,-1.04,None,17.36,22.37,0.5782,None,None,0.0989,1.28,1.65,0.6676
2012-03-31,130067832,130067832,1,4386000000,1442000000,4492000000,2131000000,-106000000,0,0,1768000000,1570000000,1401000000,132000000,132000000,1.02,1.01,0.6,157000000,-37000000,-116000000,6000000,303000000,37000000,68.63,70.89,66.37,None,0.1267,-0.81,None,16.66,21.77,0.5735,None,None,0.0991,1.28,0.92,0.6767
2011-12-31,129802146,129802146,1,4290000000,1348000000,4489000000,1637000000,-199000000,0,0,1762000000,2070000000,1221000000,105000000,105000000,0.79,0.79,0.6,37000000,-126000000,115000000,27000000,297000000,45000000,66.34,69.61,63.06,None,0.1339,-1.53,None,19.06,21.17,0.5453,None,None,0.1045,1.28,-0.06,0.8235
2011-09-30,131904793,131904793,1,4077000000,1238000000,4153000000,1268000000,-76000000,0,0,1679000000,2122000000,1305000000,130000000,130000000,0.99,0.98,0.6,131000000,-37000000,-77000000,11000000,270000000,37000000,69.5,75.44,63.56,None,0.1145,-0.58,None,17.29,20.57,0.6379,None,None,0.0894,1.28,0.71,0.9763
2011-06-30,131473450,131473450,1,4163000000,1279000000,4249000000,1365000000,-86000000,0,0,1703000000,2125000000,1482000000,169000000,169000000,1.28,1.26,0.55,292000000,-69000000,-117000000,106000000,259000000,69000000,68.48,71,65.97,None,0.1298,-0.65,None,17.29,19.97,0.5351,None,None,0.1065,1.22,1.7,0.937
2011-03-31,133334804,133334804,1,4051000000,1204000000,4133000000,1232000000,-82000000,0,0,1702000000,2125000000,1304000000,151000000,151000000,1.1,1.09,0.55,181000000,-70000000,-339000000,-226000000,153000000,70000000,66.5,72.43,60.56,None,0.1274,-0.61,73.89,16.5,19.42,0.528,None,None,0.1062,1.2,0.83,0.9773
2010-12-31,137610515,137610515,1,4158000000,1344000000,4034000000,1176000000,124000000,0,0,1704000000,2125000000,1179000000,21000000,21000000,0.15,0.15,0.55,77000000,717000000,-697000000,93000000,379000000,55000000,65.22,69,61.45,None,0.1256,0.9,32.61,14.03,18.87,0.5101,17.1371,0.0298,0.1075,1.17,0.16,1.1429
2010-09-30,139443276,139443276,1,4793000000,1721000000,4514000000,1697000000,279000000,0,0,1962000000,2124000000,1266000000,216000000,216000000,1.54,1.52,0.55,148000000,-34000000,75000000,199000000,286000000,34000000,64.69,67.86,61.52,None,0.1425,2,107.82,15.26,18.32,0.4331,7.6129,0.0582,0.122,1.17,0.82,1.0141
2010-06-30,138931910,138931910,1,4555000000,1124000000,4472000000,1647000000,83000000,0,0,2308000000,2124000000,1517000000,171000000,171000000,1.21,1.2,0.5,376000000,-103000000,-426000000,-153000000,87000000,92000000,63.26,65.67,60.85,None,0.1312,0.6,49.42,14.92,17.77,0.4642,25.5904,0.0182,0.109,1.2,2.04,0.6825
2010-03-31,140841235,140841235,1,4743000000,1338000000,4563000000,1772000000,180000000,0,0,2323000000,2132000000,1366000000,165000000,165000000,1.17,1.16,0.5,197000000,-53000000,-55000000,89000000,241000000,35000000,62.07,65.18,58.96,None,0.1308,1.28,326.68,14.92,17.27,0.4561,11.8444,0.038,0.1091,1.2,1.15,0.7551
2009-12-31,140239949,140239949,1,4489000000,1103000000,4462000000,1372000000,27000000,0,0,2303000000,2435000000,1279000000,110000000,110000000,0.78,0.77,0.5,152000000,-42000000,-190000000,-83000000,154000000,42000000,59.73,63.1,56.36,None,0.1302,0.19,None,14.9,16.77,0.4544,90.1852,0.006,0.1073,1.21,0.78,0.8039
2009-09-30,139808056,139808056,1,4598000000,1201000000,4645000000,1866000000,-47000000,0,0,2299000000,2137000000,1372000000,157000000,157000000,1.12,1.11,0.5,94000000,-33000000,-35000000,31000000,237000000,34000000,58.52,61.64,55.41,None,0.1255,-0.34,None,15.36,16.27,0.4628,None,None,0.1041,1.21,0.43,0.6436
2009-06-30,139346876,139346876,1,4576000000,1180000000,4751000000,1937000000,-175000000,0,0,2292000000,2151000000,1500000000,170000000,170000000,1.23,1.2,0.46,315000000,-60000000,-173000000,89000000,206000000,62000000,53.87,57.43,50.31,None,0.1192,-1.26,None,14.44,15.76,0.4764,None,None,0.0985,1.21,1.82,0.6092
2009-03-31,139058084,139058084,1,4465000000,1112000000,4774000000,1978000000,-309000000,0,0,2272000000,2141000000,1350000000,153000000,153000000,1.09,1.08,0.46,232000000,-53000000,-157000000,20000000,117000000,51000000,51.14,56.6,45.67,None,0.1157,-2.22,None,15.22,15.3,0.4704,None,None,0.0964,1.2,1.3,0.5622
2008-12-31,139021931,139021931,1,4398000000,1041000000,4801000000,1430000000,-403000000,0,0,2278000000,2718000000,1216000000,86000000,86000000,0.62,0.62,0.46,98000000,-44000000,-135000000,-87000000,97000000,45000000,58.02,64,52.05,None,0.1024,-2.9,None,17.12,14.84,0.5045,None,None,0.0866,1.18,0.38,0.728
2008-09-30,138712570,138712570,1,4587000000,1166000000,4951000000,1562000000,-364000000,0,0,2319000000,2719000000,1384000000,128000000,128000000,0.92,0.91,0.46,93000000,-40000000,-75000000,-30000000,184000000,39000000,56.24,65,47.48,None,0.1012,-2.62,None,17.36,14.38,0.4806,None,None,0.0882,1.15,0.39,0.7465
2008-06-30,138088713,138088713,1,4708000000,1249000000,5078000000,1661000000,-370000000,0,0,2341000000,2720000000,1495000000,158000000,158000000,1.15,1.12,0.4,254000000,-66000000,-250000000,-68000000,214000000,67000000,55.7,59.8,51.6,None,0.1025,-2.68,None,17.46,13.92,0.4801,None,None,0.0874,1.17,1.35,0.752
2008-03-31,137839516,137839516,1,4750000000,1269000000,5222000000,1775000000,-472000000,0,0,2352000000,2721000000,1353000000,100000000,100000000,0.72,0.71,0.4,165000000,-31000000,-138000000,2000000,282000000,32000000,60.31,65.25,55.37,None,0.1103,-3.42,None,18.17,13.52,0.4416,None,None,0.0912,1.21,0.96,0.7149
2007-12-31,138856972,138856972,1,4853000000,1215000000,5407000000,2331000000,-554000000,0,0,2484000000,2223000000,1186000000,92000000,92000000,0.66,0.65,0.4,148000000,-957000000,878000000,71000000,280000000,45000000,63.68,66.9,60.46,None,0.1249,-3.99,None,19.36,13.12,0.3994,None,None,0.099,1.26,0.74,0.5212
2007-09-30,138505115,138505115,1,3673000000,1064000000,4310000000,2153000000,-637000000,0,0,1454000000,1477000000,1239000000,111000000,111000000,0.77,0.76,0.4,163000000,-28000000,-110000000,27000000,209000000,26000000,60.95,65.68,56.22,None,0.1365,-4.6,49.15,18.7,12.72,0.3789,None,None,0.1015,1.34,0.99,0.4942
2007-06-30,138371089,138371089,1,3666000000,1032000000,3495000000,1427000000,171000000,0,0,1468000000,1462000000,1344000000,164000000,164000000,1.09,1.07,0.29,282000000,-52000000,-222000000,11000000,182000000,51000000,65.37,69.36,61.38,None,0.138,1.24,107.16,21.02,12.32,0.3555,8.5497,0.0466,0.1034,1.34,1.67,0.7232
2007-03-31,151760688,151760688,1,3691000000,1018000000,3599000000,1483000000,92000000,0,0,1458000000,1463000000,1241000000,129000000,129000000,0.85,0.84,0.31,172000000,-90000000,-91000000,-8000000,171000000,28000000,64.23,67.5,60.96,None,0.1324,0.61,None,21.48,12.03,0.3764,15.9022,0.0249,0.0993,1.33,0.95,0.6864
2006-12-31,151254683,151254683,1,3624000000,979000000,3657000000,1519000000,-33000000,0,0,1409000000,1464000000,1101000000,96000000,96000000,0.63,0.62,0.31,122000000,-93000000,-24000000,5000000,179000000,37000000,64.41,66,62.83,None,0.1278,-0.22,None,22.06,11.72,0.3848,None,None,0.0971,1.32,0.56,0.6445
2006-09-30,151816514,151816514,1,3539000000,940000000,3594000000,960000000,-55000000,0,0,1352000000,1965000000,1161000000,112000000,112000000,0.74,0.73,0.29,133000000,-33000000,-119000000,-18000000,174000000,31000000,60.16,64.16,56.17,None,0.1247,-0.36,None,20.74,11.41,0.3884,None,None,0.0951,1.31,0.67,0.9792
2006-06-30,151155476,151155476,1,3616000000,1007000000,3772000000,1130000000,-156000000,0,0,1348000000,1966000000,1319000000,142000000,142000000,0.94,0.92,0.28,301000000,-59000000,-339000000,-97000000,192000000,58000000,62.08,65.61,58.54,None,0.1235,-1.03,None,20.83,11.12,0.3869,None,None,0.0956,1.29,1.61,0.8912
2006-03-31,150864538,150864538,1,3622000000,1119000000,4049000000,1377000000,-427000000,0,0,1351000000,1967000000,1157000000,110000000,110000000,0.73,0.72,0.29,138000000,-55000000,-67000000,16000000,289000000,39000000,59.95,63.53,56.38,None,0.1274,-2.83,None,19.85,10.84,0.3755,None,None,0.1009,1.26,0.66,0.8126
2005-12-31,150109814,150109814,1,3567000000,1067000000,4095000000,1272000000,-528000000,0,0,1342000000,2119000000,1064000000,83000000,83000000,0.56,0.55,0.29,142000000,-8000000,-134000000,0,273000000,46000000,55.23,57.96,52.5,None,0.1285,-3.52,None,8.98,10.55,0.3677,None,None,0.1043,1.23,0.64,0.8388
2005-09-30,150701637,150701637,1,3570000000,1043000000,4102000000,1272000000,-532000000,0,0,1345000000,2120000000,1104000000,109000000,109000000,0.72,0.71,0.28,-59000000,-39000000,78000000,-20000000,273000000,37000000,56.2,58.11,54.3,None,0.2954,-3.53,None,9.35,10.26,0.1564,None,None,0.2458,1.2,-0.64,0.82
2005-06-30,151716438,151716438,1,3617000000,1090000000,4170000000,1348000000,-553000000,0,0,1342000000,2122000000,1212000000,156000000,156000000,1.01,1,0.28,302000000,-60000000,-242000000,0,293000000,62000000,60.59,66.04,55.15,None,0.2951,-3.64,None,10.32,9.98,0.1685,None,None,0.2498,1.18,1.58,0.8086
2005-03-31,154151145,154151145,1,3756000000,1128000000,4102000000,1286000000,-346000000,0,0,1345000000,2123000000,1086000000,118000000,118000000,0.77,0.76,0.28,58000000,-28000000,-37000000,-7000000,293000000,31000000,60.14,63.48,56.8,None,0.2986,-2.24,None,10.55,9.7,0.1775,None,None,0.2546,1.17,0.18,0.8771
2004-12-31,153385982,153385982,1,3710000000,1047000000,4167000000,1469000000,-457000000,0,0,1354000000,2124000000,1000000000,699000000,699000000,3.73,3.68,0.27,189000000,-31000000,-114000000,45000000,300000000,31000000,56.33,59.45,53.2,None,0.3016,-2.98,7.32,22.26,9.42,0.1887,None,None,0.2564,1.18,1.03,0.7127
2004-09-30,213376010,213376010,1,3772000000,1130000000,2128000000,1095000000,1644000000,0,0,1338000000,474000000,1090000000,123000000,123000000,0.58,0.57,0.27,216000000,-35000000,-159000000,23000000,255000000,27000000,51.91,54.93,48.9,0.3809,0.1456,7.7,7.18,20.28,9.15,0.422,0.2883,0.4358,0.1244,1.17,0.89,1.032
2004-06-30,213041771,213041771,1,3834000000,1043000000,2294000000,1268000000,1540000000,0,0,1375000000,475000000,1243000000,185000000,185000000,0.86,0.86,0.27,368000000,-100000000,-235000000,33000000,232000000,53000000,51.51,54.29,48.73,0.4211,0.1494,7.23,8.2,21.64,8.88,0.4162,0.3084,0.4017,0.127,1.18,1.48,0.8226
2004-03-31,212141709,212141709,1,3710000000,1033000000,2377000000,1421000000,1333000000,0,0,1392000000,473000000,1086000000,126000000,126000000,0.6,0.59,0.27,203000000,-31000000,-175000000,-2000000,199000000,36000000,48.73,50.95,46.5,0.4196,0.1414,6.28,8.64,21.28,8.62,0.4251,0.3548,0.3593,0.1212,1.17,0.79,0.727
2003-12-31,210151206,210151206,1,3597000000,903000000,2412000000,1446000000,1185000000,0,0,1395000000,475000000,947000000,109000000,109000000,0.52,0.51,0.27,188000000,-57000000,-118000000,14000000,201000000,44000000,46.8,49.16,44.44,0.4072,0.1358,5.64,8.54,21.47,8.35,0.4194,0.4008,0.3294,0.1193,1.14,0.69,0.6245
2003-09-30,211027657,211027657,1,3558000000,891000000,2401000000,1443000000,1157000000,0,0,1372000000,479000000,1048000000,129000000,129000000,0.61,0.6,0.27,140000000,-48000000,-77000000,15000000,187000000,39000000,44.06,46.52,41.6,0.3852,0.1314,5.48,7.76,19.76,8.08,0.4182,0.414,0.3252,0.1151,1.14,0.48,0.6175
2003-06-30,213889287,213889287,1,3652000000,951000000,2437000000,1451000000,1215000000,0,0,1381000000,495000000,1152000000,149000000,149000000,0.69,0.68,0.22,310000000,-53000000,-263000000,-7000000,172000000,70000000,44.88,48.37,41.4,0.3868,0.1366,5.68,7.35,20.59,7.81,0.3828,0.4074,0.3327,0.119,1.15,1.12,0.6554
2003-03-31,216733761,216733761,1,3831000000,1052000000,2506000000,1561000000,1325000000,0,0,1379000000,488000000,1019000000,110000000,110000000,0.51,0.5,0.22,86000000,-34000000,-22000000,30000000,179000000,43000000,42.25,47.11,37.4,0.3743,0.136,6.11,7.31,22.47,7.59,0.3847,0.3683,0.3459,0.1187,1.15,0.2,0.6739
2002-12-31,217154534,217154534,1,3477000000,862000000,2221000000,1373000000,1256000000,0,0,1283000000,490000000,926000000,89000000,89000000,0.41,0.4,0.22,199000000,-51000000,-147000000,6000000,149000000,52000000,42.46,46.59,38.33,0.3092,0.1193,5.78,7.17,24.98,7.37,0.4441,0.3901,0.3612,0.1028,1.16,0.68,0.6278
2002-09-30,220021611,220021611,1,3474000000,870000000,2172000000,1298000000,1302000000,0,0,1286000000,501000000,1047000000,145000000,145000000,0.65,0.65,0.21,208000000,-55000000,-185000000,-34000000,143000000,40000000,37.89,43.85,31.92,0.2601,0.1066,5.92,6.24,27.46,7.15,0.4905,0.3848,0.3748,0.0942,1.13,0.76,0.6703
2002-06-30,223085794,223085794,1,3630000000,1002000000,2276000000,1225000000,1354000000,0,0,1301000000,678000000,1136000000,146000000,146000000,0.63,0.63,0.21,328000000,-6000000,-334000000,-13000000,177000000,61000000,44.28,47.95,40.6,0.2005,0.0863,6.07,6.38,40.62,6.94,0.5992,0.5007,0.373,0.0793,1.09,1.2,0.818
2002-03-31,230347484,230347484,1,3707000000,1055000000,2108000000,1077000000,1599000000,0,0,1335000000,675000000,1033000000,46000000,46000000,0.2,0.2,0.21,158000000,-29000000,-118000000,8000000,190000000,46000000,41.9,45.35,38.45,0.148,0.0675,6.94,5.7,34.34,6.73,0.759,0.4221,0.4313,0.0652,1.03,0.49,0.9796
2001-12-31,232820576,232820576,1,3753000000,996000000,2041000000,1003000000,1712000000,0,0,1463000000,678000000,901000000,51000000,51000000,0.22,0.22,0.21,173000000,-30000000,-146000000,-7000000,182000000,37000000,37.84,40.85,34.83,0.166,0.0746,7.35,5,29.8,6.52,0.6773,0.396,0.4562,0.0744,1,0.58,0.993
2001-09-30,232577128,232577128,1,3832000000,990000000,2072000000,1049000000,1760000000,0,0,1534000000,686000000,991000000,79000000,79000000,0.34,0.33,0.21,217000000,-44000000,-235000000,-62000000,189000000,33000000,36.78,39.71,33.85,0.1757,0.0758,7.57,4.58,27.24,6.31,0.6508,0.3898,0.4593,0.0778,0.97,0.79,0.9438
2001-06-30,236702265,236702265,1,3995000000,1103000000,2095000000,1069000000,1900000000,0,0,1574000000,685000000,1030000000,82000000,82000000,0.35,0.34,0.21,381000000,-95000000,-183000000,99000000,251000000,108000000,33.06,36.18,29.95,0.1849,0.079,8.03,4.77,21.61,6.1,0.6144,0.3605,0.4756,0.0828,0.95,1.15,1.0318
2001-03-31,236512931,236512931,1,4017000000,1137000000,2378000000,1103000000,1639000000,0,0,1585000000,684000000,989000000,79000000,79000000,0.33,0.33,0.21,81000000,-42000000,-82000000,-44000000,152000000,37000000,33.77,37.4,30.15,0.2128,0.0876,6.93,4.92,20.59,5.89,0.5351,0.4173,0.408,0.0909,0.96,0.19,1.0308
2000-12-31,236275132,236275132,1,4198000000,1256000000,2577000000,1545000000,1621000000,0,0,1605000000,389000000,899000000,64000000,64000000,0.27,0.27,0.21,123000000,-150000000,34000000,7000000,196000000,23000000,38.51,48.63,28.38,0.2257,0.0923,6.86,4.97,22.79,5.68,0.4914,0.24,0.3861,0.0965,0.96,0.42,0.8129
2000-09-30,235589069,235589069,1,4138000000,1277000000,2312000000,1505000000,1826000000,0,0,1513000000,389000000,985000000,98000000,98000000,0.42,0.41,0.21,162000000,-49000000,-176000000,-65000000,189000000,18000000,39.66,45.88,33.44,0.2285,0.0953,7.75,5.2,24.18,5.47,0.4712,0.213,0.4413,0.0982,0.97,0.61,0.8485
2000-06-30,235502838,235502838,1,4353000000,1454000000,2559000000,1541000000,1794000000,0,0,1536000000,590000000,1153000000,125000000,125000000,0.53,0.52,0.2,325000000,-4000000,-224000000,97000000,245000000,57000000,39.69,47,32.38,0.2256,0.0926,7.62,5.4,28.97,5.26,0.4788,0.3289,0.4121,0.0965,0.96,1.14,0.9435
2000-03-31,234715228,234715228,1,4351000000,1273000000,2626000000,1533000000,1725000000,0,0,1547000000,679000000,1034000000,106000000,106000000,0.45,0.44,0.2,94000000,-134000000,30000000,-10000000,149000000,34000000,42.72,56.38,29.06,0.2068,0.0833,7.35,5.79,41.88,5.06,1.0019,0.3936,0.3965,0.0759,1.1,0.26,0.8304
1999-12-31,236516258,236516258,1,4152000000,1140000000,2407000000,1296000000,1745000000,0,0,1489000000,695000000,954000000,76000000,76000000,0.32,0.32,0.2,99000000,-77000000,-72000000,-50000000,159000000,40000000,46.75,56,37.5,0.1612,0.0641,7.38,6.42,47.95,4.86,1.3017,0.3983,0.4203,0.0582,1.1,0.25,0.8796
1999-09-30,236403373,236403373,1,4161000000,1154000000,2439000000,1314000000,1722000000,0,0,1485000000,704000000,942000000,87000000,87000000,0.37,0.36,0.2,140000000,-45000000,-19000000,77000000,209000000,24000000,47.91,58.25,37.56,0.1654,0.064,7.28,7.24,46.97,4.66,1.3564,0.4088,0.4138,0.0581,1.1,0.49,0.8782
1999-06-30,237180102,237180102,1,4132000000,None,2562000000,None,1570000000,0,0,1500000000,702000000,1676974000,80581000,80581000,0.27,0.25,0.88,None,None,None,None,None,0,54.56,62.88,46.25,0.1834,0.0687,6.62,8.28,43.82,4.46,1.3244,0.4471,0.38,0.0615,1.12,None,None
1999-03-31,118003174,236006348,2,4130855000,1090107000,2575669000,1375992000,1555186000,0,0,1567935000,705065000,991971000,22051000,22051000,0.19,0.18,0.36,156950000,-107899000,-53015000,-3964000,110307000,61938000,60.19,66.47,53.91,0.216,0.0798,6.59,10.96,39.73,3.58,0.5701,0.4534,0.3765,0.0838,0.95,0.4,0.7922
1998-12-31,103723864,207447728,2,3046425000,760240000,1907232000,999939000,1139193000,0,0,1254862000,508454000,648172000,57946000,57946000,0.56,0.55,0.36,29136000,-48691000,12641000,-6914000,102242000,22417000,49.34,58.69,40,0.2905,0.1053,5.49,9.27,33.45,3.4,0.4442,0.4463,0.3739,0.112,0.94,0.03,0.7603
1998-09-30,103525444,207050888,2,3009982000,738465000,1908381000,1044417000,1101601000,0,0,1248899000,466294000,685883000,85422000,85422000,0.82,0.81,0.36,121973000,-91406000,-11092000,19475000,109156000,20770000,47.81,55.94,39.69,0.2923,0.1043,5.32,9.14,33.43,3.22,0.4426,0.4233,0.366,0.1112,0.94,0.49,0.7071
1998-06-30,103684744,207369488,2,3029992000,798700000,1944757000,1225076000,1085235000,0,0,1240532000,316260000,819651000,98165000,98165000,0.95,None,0.32,236479000,-108576000,-113721000,14182000,89681000,35546000,43.94,48.31,39.56,0.2836,0.1023,5.23,8.74,33.48,3.04,0.445,0.2914,0.3582,0.1087,0.94,0.97,0.652
1998-03-31,103881950,207763900,2,2975904000,818267000,1930484000,881545000,1045420000,0,0,1219137000,703586000,680540000,75949000,75949000,0.73,0.72,0.32,26034000,-35051000,33618000,24601000,75499000,14977000,41.08,44.97,37.19,0.2641,0.0963,5.03,8.52,32.35,2.88,0.9082,0.673,0.3513,0.1022,0.94,0.05,0.9282
1997-12-31,103402995,206805990,2,2831744000,680111000,1835346000,800936000,996398000,0,0,1204187000,702185000,591795000,49483000,49483000,0.48,0.47,0.32,449000,-76506000,39584000,-36473000,50898000,20743000,36.25,40.06,32.44,0.2554,0.0934,4.82,6.97,29.06,2.72,0.9314,0.7047,0.3519,0.0995,0.94,-0.1,0.8491
1997-09-30,103334845,206669690,2,2807176000,645748000,1732256000,695411000,1074920000,0,0,1206379000,756299000,649284000,74363000,74363000,0.72,None,0.32,49705000,-90077000,26697000,-13675000,87371000,17252000,34.09,37.19,31,0.2499,0.0924,5.2,6.79,28.29,2.56,0.9395,0.7036,0.3829,0.0997,0.93,0.16,0.9286
1997-06-30,51597992,206391968,4,2777952000,673497000,1741906000,892718000,1036046000,0,0,1186951000,565926000,762454000,74397000,74397000,1.43,None,2.9,202574000,1954000,-217214000,-12686000,101046000,34640000,15.26,16.77,13.75,0.2472,0.0942,5.02,3.08,13.07,2.4,0.9603,0.5462,0.373,0.0985,0.96,0.81,0.7544
1997-03-31,51677360,206709440,4,2882473000,573845000,1857607000,623886000,1024866000,0,0,1151654000,907570000,649209000,65620000,65620000,1.27,None,0.58,20833000,-62942000,74930000,32821000,113732000,18950000,14.04,15.92,12.16,0.245,0.0964,4.96,2.91,12.34,1.67,0.4867,0.8855,0.3556,0.0986,0.98,0.01,0.9198
1996-12-31,51711431,206845724,4,2711088000,622238000,1712239000,648861000,998849000,0,0,1140328000,793350000,530215000,43915000,43915000,0.85,None,0.58,16889000,-449888000,397159000,-35840000,80911000,12964000,12.83,13.78,11.88,0.2454,0.101,4.83,2.71,11.58,1.53,0.4881,0.7943,0.3684,0.0998,1.01,0.02,0.959
1996-09-30,51617112,206468448,4,2225187000,571432000,1249278000,629298000,975909000,0,0,717770000,355575000,590773000,65510000,65510000,1.27,None,0.58,121792000,-61768000,-34101000,25923000,116751000,22518000,11.71,12.56,10.86,0.2444,0.1084,4.73,2.58,10.94,1.38,0.49,0.3644,0.4386,0.0999,1.08,0.48,0.908
1996-06-30,51531384,206125536,4,2178894000,573845000,1246066000,623886000,932828000,0,0,704669000,356267000,672477000,65803000,65803000,1.28,None,0.53,214395000,55729000,-267729000,2395000,90828000,31246000,10.47,11.14,9.8,0.2384,0.11,4.53,2.35,10.17,1.24,0.4948,0.3819,0.4281,0.1001,1.1,0.89,0.9198
1996-03-31,51639671,206558684,4,2180569000,620692000,1260990000,651864000,919579000,0,0,673810000,356902000,560091000,59599000,59599000,1.15,None,0.53,47141000,-236684000,172110000,-17433000,88433000,20999000,9.96,11.17,8.75,0.231,0.1106,4.45,2.26,9.98,1.1,0.4993,0.3881,0.4217,0.1009,1.1,0.13,0.9522
1995-12-31,51910594,207642376,4,1859223000,511555000,942818000,458128000,916405000,0,0,599880000,249487000,466789000,37911000,37911000,0.73,None,0.53,-23020000,-27765000,28805000,-21980000,105866000,20095000,9.29,9.91,8.66,0.2239,0.1135,4.41,2.03,9.53,0.97,0.5036,0.2722,0.4929,0.1011,1.12,-0.21,1.1166
1995-09-30,52275671,209102684,4,1857343000,503300000,900416000,426329000,956927000,0,0,604575000,253418000,518486000,58779000,58779000,1.12,None,0.53,168149000,-85956000,-91677000,-9484000,127846000,9793000,8.39,9.17,7.61,0.2215,0.1138,4.58,1.86,8.88,0.84,0.503,0.2648,0.5152,0.1019,1.12,0.76,1.1805
1995-06-30,52437995,209751980,4,1906672000,600331000,962759000,479323000,943913000,0,0,592792000,253079000,594289000,59522000,59522000,1.12,None,0.48,145973000,-96512000,-5023000,44438000,137330000,22552000,15.22,16.44,14,0.2165,0.1133,4.5,3.44,None,0.7,0.507,0.2681,0.4951,0.1012,1.12,0.59,1.2525
1995-03-31,53126523,212506092,4,1789230000,556875000,850338000,405368000,938892000,0,0,564495000,215930000,499060000,54034000,54034000,1.02,None,0.48,32280000,-39279000,-34466000,-41465000,92892000,3399000,14.73,15.64,13.81,None,None,4.42,3.52,None,0.58,None,0.23,0.5247,None,None,0.14,1.3738
1994-12-31,53054770,212219080,4,1699551000,500575000,811562000,367476000,887989000,0,0,525602000,215972000,414454000,34095000,34095000,0.64,None,0.48,-8789000,-32232000,23464000,-17557000,134357000,17160000,13.85,14.88,12.81,None,None,4.18,3.15,None,0.46,None,0.2432,0.5225,None,None,-0.12,1.3622
1994-09-30,53490230,213960920,4,1693742000,486489000,754214000,340534000,939528000,0,0,529521000,216262000,476367000,53181000,53181000,1,None,0.48,121385000,-38269000,-47124000,35992000,151914000,11093000,12.56,13.19,11.94,None,None,4.39,2.95,None,0.34,None,0.2302,0.5547,None,None,0.52,1.4286
1994-06-30,53373421,213493684,4,1697569000,504275000,788152000,375832000,909417000,0,0,520042000,216088000,None,None,None,None,None,0,181755000,-15949000,-164214000,1592000,115922000,14252000,12.41,13.06,11.75,None,None,4.26,3.02,None,0.23,None,0.2376,0.5357,None,None,0.78,1.3418
1994-03-31,53340117,213360468,4,1807289000,575193000,930687000,504171000,876602000,0,0,555525000,216209000,481928000,49515000,49515000,0.93,None,0.45,-28842000,-129891000,137730000,-21003000,114330000,7850000,12.88,13.94,11.81,None,None,4.11,3.23,None,0.23,None,0.2466,0.485,None,None,-0.17,1.1409
1993-12-31,53629697,214518788,4,1586676000,455581000,730465000,296429000,856211000,0,0,464220000,216869000,370844000,30586000,30586000,0.57,None,0.45,None,None,None,None,135333000,0,13.35,13.81,12.88,None,None,3.99,None,None,0.1125,None,0.2533,0.5396,None,None,None,1.5369
