"Quarter end","Shares","Shares split adjusted","Split factor","Assets","Current Assets","Liabilities","Current Liabilities","Shareholders equity","Non-controlling interest","Preferred equity","Goodwill & intangibles","Long-term debt","Revenue","Earnings","Earnings available for common stockholders","EPS basic","EPS diluted","Dividend per share","Cash from operating activities","Cash from investing activities","Cash from financing activities","Cash change during period","Cash at end of period","Capital expenditures","Price","Price high","Price low","ROE","ROA","Book value of equity per share","P/B ratio","P/E ratio","Cumulative dividends per share","Dividend payout ratio","Long-term debt to equity ratio","Equity to assets ratio","Net margin","Asset turnover","Free cash flow per share","Current ratio"
2019-05-05,74913188,74913188,1,13355000000,3253400000,7593700000,2206600000,5761500000,-200000,0,7149700000,2759400000,2356300000,82000000,82000000,1.09,1.08,0.075,-73200000,-76700000,198300000,42300000,494300000,76700000,120.22,134.24,106.19,0.1137,0.0533,76.91,1.55,12.46,3.88,0.0175,0.4789,0.4314,0.0669,0.8,-2,1.4744
2019-02-03,75146409,75146409,1,11863700000,3238600000,6035700000,1893900000,5827800000,200000,0,7945200000,2819400000,2484000000,158700000,158700000,2.09,2.09,0,547600000,-109700000,-385200000,53500000,452000000,109700000,107,127.55,86.46,0.1319,0.0634,77.55,1.43,11.97,3.8,0.0154,0.4838,0.4912,0.0773,0.82,5.83,1.71
2018-11-04,75735222,75735222,1,11830900000,3307800000,6149200000,1898600000,5681200000,500000,0,7230200000,2878300000,2524500000,243100000,243100000,3.18,3.15,0.0375,-6000000,-104900000,78900000,-32600000,398500000,104900000,137.07,157.63,116.52,0.1246,0.0591,75.01,1.89,15.51,3.8,0.0209,0.5066,0.4802,0.072,0.82,-1.46,1.7422
2018-08-05,76715454,76715454,1,11697700000,3166000000,6131300000,1835700000,5565400000,1000000,0,7284600000,2893500000,2333700000,165200000,165200000,2.15,2.12,0.0375,436600000,-88200000,-338200000,-3400000,431100000,88200000,156.84,169.22,144.47,0.1264,0.059,72.55,2.17,19.03,3.77,0.0211,0.5199,0.4758,0.0728,0.81,4.54,1.7247
2018-05-06,77085742,77085742,1,11714600000,3041600000,6148500000,1727100000,5564600000,1500000,0,7434900000,3013200000,2314600000,179400000,179400000,2.33,2.29,0.075,-125700000,-92600000,166000000,-59400000,434500000,76700000,151.44,163.78,139.1,0.1206,0.0554,72.19,2.11,22.14,3.73,0.0226,0.5415,0.475,0.07,0.79,-2.63,1.7611
2018-02-04,76991793,76991793,1,11885700000,3030800000,6347300000,1871600000,5536400000,2000000,0,8359500000,3061300000,2498900000,108500000,108500000,1.41,1.38,0.04,456700000,-147100000,-443900000,-118400000,493900000,119500000,139.44,157.96,120.91,0.1036,0.0469,71.91,2.04,20.72,3.65,0.0219,0.5529,0.4658,0.0603,0.78,4.38,1.6194
2017-10-29,76929334,76929334,1,11658200000,3144100000,6405800000,1726300000,5249800000,2600000,0,7336000000,3182700000,2357000000,239200000,239200000,3.09,3.05,0.0375,40200000,-106600000,119500000,52900000,612300000,79200000,125.71,133.24,118.17,0.1059,0.047,68.24,1.91,23.99,3.61,0.0223,0.6063,0.4503,0.0622,0.76,-0.51,1.8213
2017-07-30,77424422,77424422,1,11453900000,2935500000,6355600000,1633200000,5095200000,3100000,0,7348700000,3185700000,2069900000,119700000,119700000,1.54,1.52,0.0375,247800000,-101500000,-89500000,68500000,559400000,87600000,108.67,120.49,96.85,0.0852,0.0375,65.81,1.74,22.5,3.58,0.0286,0.6252,0.4448,0.0496,0.76,2.07,1.7974
2017-04-30,77845986,77845986,1,10912300000,2655200000,6033900000,1378200000,4875000000,3400000,0,7163400000,3157100000,1989000000,70400000,70400000,0.9,0.89,0.0375,-44900000,-103900000,-94300000,-239200000,490900000,68400000,94.63,104.72,84.53,0.0805,0.0351,62.62,1.54,13.98,3.54,0.031,0.6476,0.4467,0.0469,0.75,-1.46,1.9266
2017-01-29,78203197,78203197,1,11067900000,2879600000,6261400000,1564800000,4804500000,2000000,0,7079900000,3197300000,2107700000,100700000,100700000,1.27,1.27,0.04,378400000,-115200000,-192800000,67700000,730100000,83600000,101.79,114.88,88.71,0.114,0.0497,61.44,1.68,14.28,3.5,0.0221,0.6655,0.4341,0.0669,0.74,3.77,1.8402
2016-10-30,79265740,79265740,1,11068600000,2948100000,6273100000,1356400000,4794300000,1200000,0,7154800000,3303100000,2244300000,126200000,126200000,1.58,1.56,0.0375,167700000,-95200000,-145500000,-79300000,662400000,60200000,104.12,115.4,92.83,0.1226,0.0532,60.48,1.74,12.64,3.46,0.0211,0.689,0.4331,0.071,0.75,1.36,2.1735
2016-07-31,80228987,80228987,1,11179800000,2939000000,6376300000,1388200000,4803500000,0,0,7288100000,3358200000,1933300000,90500000,90500000,1.12,1.11,0.0375,299500000,-52300000,132200000,376600000,741700000,40200000,92.73,103.36,82.1,0.1446,0.0623,59.87,1.54,11.11,3.42,0.0182,0.6991,0.4297,0.0834,0.75,3.23,2.1171
2016-05-01,80856451,80856451,1,10885100000,2528200000,6022800000,1394900000,4862300000,0,0,7381000000,2991600000,1917800000,231600000,231600000,2.85,2.83,0.0375,109200000,-218200000,-97100000,-191300000,365100000,45900000,84.48,100,68.96,0.1502,0.064,60.13,1.51,12.26,3.39,0.018,0.6153,0.4467,0.0856,0.75,0.78,1.8125
2016-01-31,81276483,81276483,1,10696400000,2812600000,6144100000,1527200000,4552300000,0,0,6865700000,3054300000,2112500000,134200000,134200000,1.64,1.63,0.04,511500000,-111100000,-202300000,186500000,556400000,94800000,80.16,96.16,64.16,0.1275,0.0532,56.01,1.45,13.63,3.35,0.0219,0.6709,0.4256,0.0714,0.75,5.13,1.8417
2015-11-01,81946098,81946098,1,10805400000,2858200000,6259800000,1366400000,4545600000,0,0,6921900000,3215500000,2164500000,221900000,221900000,2.69,2.67,0.0375,65100000,-83200000,-78700000,-96800000,369900000,68100000,103.9,120.67,87.12,0.1103,0.0453,55.47,1.94,17.55,3.31,0.0257,0.7074,0.4207,0.0614,0.74,-0.04,2.0918
2015-08-02,82543147,82543147,1,10745000000,2819800000,6335200000,1369000000,4409800000,0,0,6920800000,3262200000,1864000000,102200000,102200000,1.24,1.22,0.0375,262600000,-64600000,-137900000,47400000,466700000,52400000,110.19,118.27,102.12,0.1109,0.0452,53.42,2.05,17.72,3.27,0.0255,0.7398,0.4104,0.0613,0.74,2.55,2.0598
2015-05-03,82691672,82691672,1,10772400000,2735700000,6327900000,1227600000,4444500000,0,0,7018600000,3389700000,1879300000,114100000,114100000,1.38,1.37,0.0375,60400000,-62600000,-59500000,-60000000,419300000,48500000,103.82,113.84,93.8,0.1156,0.0465,53.75,1.96,19.7,3.23,0.0243,0.7627,0.4126,0.0635,0.73,0.14,2.2285
2015-02-01,82527092,82527092,1,10931800000,2901200000,6567500000,1428600000,4364300000,0,0,7040700000,3438700000,2068800000,51500000,51500000,0.62,0.62,0.04,465200000,-117500000,-209700000,114200000,479300000,82300000,119.08,129.17,109,0.0978,0.0387,52.88,2.14,26.76,3.2,0.0286,0.7879,0.3992,0.0533,0.73,4.64,2.0308
2014-11-02,82450867,82450867,1,11265700000,2866700000,6681900000,1378700000,4583800000,0,0,7361400000,3618700000,2233100000,225700000,225700000,2.74,2.71,0.0375,153700000,-89600000,-151500000,-96000000,365100000,70800000,118.53,130,107.05,0.0826,0.0322,55.59,2.16,28.84,3.16,0.0339,0.7895,0.4069,0.045,0.71,1.01,2.0793
2014-08-03,82393281,82393281,1,11585300000,2994500000,7055000000,1604100000,4530300000,0,0,7558800000,3642900000,1975600000,126500000,126500000,1.54,1.52,0.0375,221600000,-64400000,-206100000,-51900000,461100000,52000000,120.69,133.89,107.5,0.0772,0.0294,54.98,2.22,50.5,3.12,0.0367,0.8041,0.391,0.0414,0.71,2.06,1.8668
2014-05-04,82349513,82349513,1,11629000000,2927300000,7149500000,1466400000,4479500000,0,0,7663000000,3862000000,1963700000,35300000,35300000,0.43,0.42,0.0375,-51400000,-86200000,52800000,-80200000,513000000,50700000,121.4,128.7,114.1,0.0463,0.0172,54.4,2.3,70.58,3.08,0.0628,0.8621,0.3852,0.0241,0.71,-1.24,1.9962
2014-02-02,82204255,82204255,1,11575578000,2998592000,7240399000,1552397000,4335179000,0,0,7558960000,3878221000,2052219000,-17128000,-17128000,-0.2,-0.2,0.04,357941000,-34762000,-266920000,50626000,593159000,70948000,129.32,138.94,119.7,0.0341,0.0124,52.74,2.43,41.85,3.04,0.0867,0.8946,0.3745,0.0175,0.71,3.49,1.9316
2013-11-03,81622410,81622410,1,11651620000,3064953000,7316053000,1301912000,4335567000,0,0,7509031000,4174552000,2259125000,196713000,196713000,2.41,2.37,0.0375,-8123000,-74933000,-10713000,-86387000,542533000,60623000,124.54,134.57,114.52,0.0629,0.0233,53.12,2.51,42.07,3,0.0501,0.9629,0.3721,0.0318,0.73,-0.84,2.3542
2013-08-04,81572863,81572863,1,11514746000,3080645000,7466986000,1425202000,4047760000,0,0,7400320000,4195151000,1964847000,-15996000,-15996000,-0.2,-0.2,0.0375,178993000,-72375000,-220839000,-117361000,628920000,59841000,121.03,134.98,107.09,0.0585,0.0229,49.62,2.38,27.82,2.97,0.0567,1.0364,0.3515,0.0295,0.76,1.46,2.1615
2013-05-05,81053664,81053664,1,11607284000,3082451000,7493595000,1287703000,4113689000,0,0,7501177000,4362338000,1910160000,-20052000,-20052000,-0.25,-0.25,0.0375,-116952000,-1875259000,1853365000,-145928000,746281000,45730000,114.11,125.5,102.72,0.0948,0.0387,50.75,2.84,19.44,2.93,0.037,1.0604,0.3544,0.0479,0.79,-2.01,2.3938
2013-02-03,80903534,80903534,1,7781549000,2437006000,4528980000,1162447000,3252569000,0,0,4539892000,2211642000,1636200000,87615000,86806000,1.2,1.17,0.04,284159000,-120187000,438064000,615579000,892209000,73506000,113.14,121.26,105.01,0.1415,0.0614,40.2,2.62,19.02,2.89,0.0265,0.68,0.418,0.0697,0.85,2.6,2.0964
2012-10-28,70646029,70646029,1,6985971000,1912119000,3939347000,1139966000,3046624000,0,0,4383520000,1647596000,1642770000,165409000,160642000,2.28,2.24,0.0375,78080000,-80312000,10008000,14644000,276630000,55363000,86.98,99.05,74.91,0.1462,0.0627,43.13,2.21,16.57,2.85,0.0257,0.5408,0.4361,0.07,0.87,0.32,1.6773
2012-07-29,70548403,70548403,1,6731488000,1819938000,3950288000,1109393000,2781200000,0,0,4261467000,1715464000,1336623000,87702000,85173000,1.21,1.19,0.0375,207806000,-54825000,-119856000,23374000,261986000,42611000,82.77,93.06,72.47,0.13,0.0551,39.42,2.06,16.62,2.81,0.0293,0.6168,0.4132,0.0606,0.88,2.34,1.6405
2012-04-29,70390258,70390258,1,6780397000,1727953000,3951088000,981893000,2829309000,0,0,4406826000,1794862000,1427406000,93114000,88674000,1.29,1.27,0.0375,-508000,-52609000,56599000,5415000,238612000,39074000,84.13,92.81,75.44,0.1227,0.0518,40.19,2.13,18.7,2.78,0.0309,0.6344,0.4173,0.0569,0.87,-0.56,1.7598
2012-01-29,68814015,68814015,1,6752361000,1739235000,4036912000,1043871000,2715449000,0,0,4227864000,1832925000,1532836000,81246000,81246000,1.12,1.25,0.04,317381000,-77073000,-150490000,73216000,233197000,51949000,70.59,78.37,62.81,0.1131,0.0465,39.46,1.72,17.09,2.74,0.0337,0.675,0.4021,0.0522,0.86,3.86,1.6661
2011-10-30,67608379,67608379,1,6896365000,1774040000,4121472000,983676000,2774893000,0,0,4519889000,2030445000,1654160000,112239000,105648000,1.57,1.54,0.0375,37595000,-112734000,-48394000,-127710000,159981000,43993000,63,74.84,51.15,0.1062,0.0427,41.04,1.57,16.98,2.7,0.0365,0.7317,0.4024,0.0489,0.84,-0.09,1.8035
2011-07-31,67555092,67555092,1,6870149000,1740842000,4158944000,972192000,2711205000,0,0,4569737000,2090062000,1334444000,66729000,62809000,0.94,0.92,0.0375,147768000,-56267000,-95655000,-7267000,287691000,39432000,68.41,75.86,60.95,0.1002,0.0381,40.13,1.73,34.9,2.66,0.04,0.7709,0.3946,0.0457,0.82,1.6,1.7906
2011-05-01,67414711,67414711,1,6834052000,1658344000,4163063000,856540000,2670989000,0,0,4628070000,2208191000,1369184000,57667000,57667000,0.81,0.79,0.0375,-12023000,-57787000,-149122000,-203760000,294958000,34467000,63.45,71.81,55.1,0.0572,0.0206,39.62,1.74,99.14,2.62,0.0734,0.8267,0.3908,0.0258,0.8,-0.69,1.9361
2011-01-30,67077455,67077455,1,6735334000,1810563000,4292777000,908162000,2442557000,0,0,4404428000,2364002000,1398117000,55273000,55273000,0.87,0.88,0.04,215883000,-59731000,-143617000,7281000,498718000,45596000,64.34,72.42,56.27,0.0251,0.0094,36.41,1.79,238.3,2.59,0.1891,0.9678,0.3626,0.0116,0.81,2.54,1.9937
2010-10-31,67034788,67034788,1,6889539000,1914579000,4474381000,855958000,2415158000,0,0,4376250000,2523916000,1516419000,80732000,80732000,1.15,1.12,0.0375,34796000,-36971000,14785000,16097000,491437000,26385000,54.41,64.13,44.69,0.014,0.0055,36.03,1.64,74.53,2.55,0.3743,1.045,0.3506,0.0066,0.83,0.13,2.2368
2010-08-01,66352932,66352932,1,6520410000,1683993000,4324842000,786929000,2195568000,0,0,4265930000,2491635000,1103268000,-54587000,-54587000,-0.83,-0.83,0.0375,142173000,-2665496000,2194897000,-328426000,475340000,24192000,54.02,65.22,42.81,0.0189,0.0082,33.09,2.37,26.1,2.51,0.3162,1.1348,0.3367,0.0094,0.87,1.78,2.14
2010-05-02,66314078,66314078,1,2730017000,1376387000,1216769000,397468000,1513248000,0,0,1166584000,399588000,619044000,-27613000,-27613000,-0.53,-0.53,0.0375,-40625000,-16067000,367405000,310713000,791595000,4822000,53.22,68.18,38.25,0.0898,0.0456,22.82,2.37,17.28,2.47,0.077,0.2641,0.5543,0.0445,1.02,-0.69,3.4629
2010-01-31,51935729,51935729,1,2339679000,994883000,1171126000,362881000,1168553000,0,0,1158370000,399584000,614583000,27023000,27023000,0.53,0.51,0.04,133324000,-12111000,3055000,124268000,480882000,4461000,41.98,44.92,39.03,0.1475,0.0714,22.5,1.9,22.94,2.43,0.0487,0.3419,0.4995,0.0675,1.06,2.48,2.7416
2009-11-01,51736328,51736328,1,2303985000,957794000,1160533000,356294000,1143452000,0,0,1147751000,399580000,697440000,83619000,83619000,1.62,1.58,0.0375,275000,-13606000,349000,-12982000,356614000,6529000,39,44.85,33.15,0.0919,0.0434,22.1,1.91,30.47,2.39,0.0812,0.3495,0.4963,0.041,1.06,-0.12,2.6882
2009-08-02,51644478,51644478,1,2233188000,885591000,1178292000,358390000,1054896000,0,0,1137150000,399576000,529283000,26557000,26557000,0.51,0.51,0.0375,102469000,-15672000,794000,87591000,369596000,6666000,30.39,36.08,24.71,0.0643,0.0301,20.43,1.53,22.85,2.36,0.1173,0.3788,0.4724,0.028,1.07,1.86,2.471
2009-05-03,51588754,51588754,1,2194180000,848519000,1170748000,315304000,1023432000,0,0,1130304000,399572000,557425000,24711000,24711000,0.48,0.48,0.0375,-21616000,-21484000,-3062000,-46162000,282005000,6200000,22.29,30.48,14.09,0.0671,0.0314,19.84,1.15,12.74,2.32,0.1127,0.3904,0.4664,0.0288,1.09,-0.54,2.6911
2009-02-01,51490983,51490983,1,2200184000,864429000,1201389000,349238000,998795000,0,0,1118404000,399567000,577786000,-37935000,-37935000,-0.74,-0.74,0.04,159331000,-28472000,-249000,130610000,328167000,16042000,18.82,24.6,13.04,0.0889,0.0415,19.4,0.89,6.03,2.28,0.0855,0.4,0.454,0.0368,1.13,2.78,2.4752
2008-11-02,51477957,51477957,1,2283899000,877409000,1192834000,349597000,1091065000,0,0,1108731000,399564000,727484000,53699000,53699000,1.04,1.03,0.0375,-28001000,-31539000,-3408000,-62948000,197557000,17681000,33.07,45.77,20.37,0.1566,0.0726,21.19,1.64,10.53,2.24,0.049,0.3662,0.4777,0.0641,1.13,-0.89,2.5098
2008-08-03,51460675,51460675,1,2199535000,812216000,1161626000,293851000,1037909000,0,0,1094228000,399560000,560967000,29206000,29206000,0.57,0.56,0.0375,113150000,-38425000,1557000,76282000,260505000,26798000,39.78,47.94,31.62,0.1628,0.0763,20.17,2.04,12.2,2.2,0.048,0.385,0.4719,0.0678,1.13,1.68,2.764
2008-05-04,51406541,51406541,1,2157710000,790905000,1154067000,291733000,1003643000,0,0,1079090000,399556000,625698000,46801000,46801000,0.91,0.9,0.0375,-5733000,-78248000,-1710000,-85691000,184223000,27620000,37.18,43.86,30.5,0.1719,0.0815,19.52,2,11.34,2.17,0.0464,0.3981,0.4651,0.072,1.13,-0.65,2.7111
2008-02-03,51337394,51337394,1,2172394000,836219000,1216111000,360148000,956283000,0,0,1062079000,399552000,584523000,30334000,30334000,0.56,0.63,0.04,177881000,-45361000,-199235000,-66715000,269914000,33723000,38.59,45.35,31.82,0.1783,0.0857,18.63,1.96,12.57,2.13,0.0458,0.4178,0.4402,0.0756,1.13,2.81,2.3219
2007-11-04,56487998,56487998,1,2238350000,969997000,1127818000,309800000,1110532000,0,0,1036032000,399549000,696370000,60879000,60879000,1.08,1.05,0.0375,11585000,-37837000,-3390000,-29642000,336629000,27679000,51.45,58.57,44.32,0.1754,0.0858,19.66,2.77,17.68,2.09,0.0477,0.3598,0.4961,0.075,1.14,-0.28,3.131
2007-08-05,56466908,56466908,1,2120497000,878571000,1070471000,264909000,1050026000,0,0,1026796000,399545000,552376000,39100000,39100000,0.69,0.68,0.0375,87267000,-31992000,11264000,66539000,366271000,24179000,56.16,62.19,50.12,0.1744,0.0839,18.6,3.17,21.94,2.05,0.0504,0.3805,0.4952,0.0747,1.12,1.12,3.3165
2007-05-06,56180892,56180892,1,2022204000,802423000,1027007000,229883000,995197000,0,0,1019590000,399541000,591906000,53006000,53006000,0.95,0.92,0.0375,-55693000,-12114000,1440000,-66367000,299732000,9168000,54.83,60.7,48.96,0.161,0.0816,17.71,3.25,21.84,2.01,0.0572,0.4015,0.4921,0.0683,1.11,-1.15,3.4906
2007-02-04,55888771,55888771,1,1998485000,785003000,1056328000,283166000,942157000,0,0,1013916000,399538000,557021000,26758000,26758000,0.52,0.42,0.04,142022000,-142743000,8218000,7497000,366099000,19781000,50.12,56.46,43.77,0.1679,0.0817,16.86,3.08,20.05,1.98,0.06,0.4241,0.4714,0.0675,1.1,2.19,2.7722
2006-10-29,55533290,55533290,1,1944909000,842503000,1041525000,248074000,903384000,0,0,920409000,399535000,568261000,50773000,50773000,0.92,0.89,0.0375,9628000,-19590000,860000,-9102000,358602000,11463000,40.5,47.12,33.89,0.177,0.0824,16.27,2.64,17.31,1.94,0.0595,0.4423,0.4645,0.0672,1.08,-0.03,3.3962
2006-07-30,55375781,55375781,1,1855239000,763976000,1005414000,234438000,849825000,0,0,912297000,399531000,458928000,28953000,18005000,0.33,0.33,0.0375,85231000,-14531000,-8150000,62550000,367704000,9001000,36.86,41.5,32.21,0.1789,0.079,15.35,3.06,16.99,1.9,0.0622,0.4701,0.4581,0.0614,1.1,1.38,3.2588
2006-04-30,55249012,55249012,1,1803872000,717585000,1139343000,203004000,664529000,0,0,906107000,399528000,506438000,48745000,45515000,1.05,0.87,0.0375,17582000,19483000,732000,37797000,305154000,5916000,36.93,41.04,32.82,0.1833,0.0783,12.03,2.64,20.98,1.86,0.0644,0.6012,0.3684,0.0557,1.12,0.21,3.5348
2006-01-29,43592301,43592301,1,1747439000,663648000,1136777000,224616000,610662000,0,0,899385000,399525000,460089000,22919000,19689000,0.46,0.41,0.04,107171000,-19896000,9817000,97092000,267357000,12795000,32.35,36.83,27.87,0.1571,0.0668,14.01,2.43,21.28,1.82,0.075,0.6542,0.3495,0.0432,1.14,2.16,2.9546
2005-10-30,42333516,42333516,1,1723724000,643813000,1160283000,217170000,563441000,0,0,894897000,399522000,533181000,40289000,37060000,0.88,0.73,0.0375,16879000,-15433000,-2331000,-885000,170265000,7923000,31.07,35.38,26.75,0.1615,0.0653,13.31,2.48,23.72,1.78,0.0772,0.7091,0.3269,0.0402,1.15,0.21,2.9646
2005-07-31,41938019,41938019,1,1643633000,572397000,1118151000,199883000,525482000,0,0,887402000,399519000,443469000,23500000,6066000,0.17,0.16,0.0375,60824000,-15111000,-1447000,44266000,171150000,10025000,30.43,35.06,25.8,0.1469,0.0589,12.53,2.6,21.89,1.75,0.091,0.7603,0.3197,0.0329,1.15,1.21,2.8637
2005-05-01,34190109,34190109,1,1576657000,512312000,1175964000,173632000,400693000,0,0,882332000,399515000,472109000,24980000,19699000,0.6,0.46,0.0375,4511000,-13446000,11705000,2770000,126884000,6700000,26.91,29.71,24.11,0.1752,0.0537,11.72,2.47,33.22,1.71,0.0818,0.9971,0.2541,0.0351,1.13,-0.06,2.9506
2005-01-30,33396553,33396553,1,1549582000,491692000,1185556000,208493000,364026000,0,0,875442000,399512000,410765000,17291000,12010000,0.38,0.17,0.04,110825000,-94462000,13448000,29811000,124114000,19310000,26.26,29.95,22.57,0.1171,0.0394,10.9,2.6,164.12,1.67,0.1294,1.0975,0.2349,0.0228,1.1,2.74,2.3583
2004-10-31,31991051,31991051,1,1509270000,530405000,1186348000,194947000,322922000,0,0,802224000,399510000,473456000,26741000,21461000,0.69,0.52,0.0375,-24610000,-18564000,-6226000,-49400000,94303000,11790000,20.41,23.27,17.56,0.0364,0.022,10.09,2.09,None,1.63,0.4294,1.2372,0.214,0.0069,1.1,-1.14,2.7208
2004-08-01,30990021,30990021,1,1470383000,502962000,1168168000,189656000,302215000,0,0,799250000,399507000,375924000,12990000,7710000,0.25,0.24,0.0375,39385000,-15814000,-2853000,20718000,143703000,10958000,17.95,19.46,16.45,0.0048,0.0154,9.75,1.89,None,1.59,3.2425,1.3219,0.2055,0.0009,1.09,0.92,2.652
2004-05-02,30777467,30777467,1,1421717000,464237000,1129670000,163972000,292047000,0,0,794409000,399504000,381283000,1593000,-3688000,-0.12,-0.12,0.0375,17049000,-9397000,-17655000,-10003000,122985000,4137000,18.52,19.95,17.08,-0.0079,0.0131,9.49,1.92,None,1.56,None,1.3679,0.2054,None,1.13,0.42,2.8312
2004-02-01,30719719,30719719,1,1439283000,488912000,1143126000,182864000,296157000,0,0,789164000,399097000,374606000,-9152000,-14433000,-0.48,-0.48,0.04,47828000,1047000,2026000,50901000,132988000,13495000,17.29,18.3,16.27,-0.0178,0.0109,9.64,1.71,37.59,1.52,None,1.3476,0.2058,None,1.17,1.12,2.6736
2003-11-02,30497378,30497378,1,1492630000,543043000,918932000,189460000,308952000,264746000,0,782097000,399076000,453291000,17034000,11857000,0.39,0.34,0.0375,7820000,-5984000,-1093000,743000,82087000,9221000,15.48,17.23,13.72,0.0506,0.025,10.13,1.58,20.64,1.48,0.3122,1.2917,0.207,0.0097,1.28,-0.05,2.8663
2003-08-03,30357794,30357794,1,1264249000,513055000,706709000,178609000,297971000,259569000,0,546519000,399055000,377085000,8977000,3901000,0.13,0.13,0.0375,37322000,4507000,19948000,61777000,81344000,6360000,13.93,15.2,12.65,0.0717,0.0302,9.82,1.44,15.48,1.44,0.2192,1.3392,0.2357,0.014,1.48,1.02,2.8725
2003-05-04,30325868,30325868,1,1214103000,450166000,665526000,165431000,294084000,254493000,0,545370000,374033000,377029000,-2153000,-6646000,-0.22,-0.22,0.0375,-36747000,-432826000,372019000,-97554000,19567000,2894000,12.45,13.74,11.16,0.0874,0.0336,9.7,1.39,11.42,1.4,0.1802,1.2719,0.2422,0.0172,1.65,-1.31,2.7212
2003-02-02,30324716,30324716,1,771700000,451127000,499473000,127439000,272227000,0,0,112975000,249012000,315257000,5726000,5726000,0.22,0.21,0.04,67717000,-13989000,8000,53736000,117121000,13989000,12.71,14.2,11.22,0.111,0.041,8.98,1.23,23.54,1.37,0.1426,0.9147,0.3528,0.0217,1.89,1.77,3.5399
2002-11-03,27812414,27812414,1,749752000,454640000,461557000,128795000,288195000,0,0,112975000,248993000,409103000,17689000,17689000,0.64,0.63,0.0375,-7610000,-7208000,-2078000,-16896000,63385000,7208000,12.5,14.2,10.8,0.0559,0.021,10.36,1.28,34.72,1.33,0.2778,0.864,0.3844,0.0108,1.95,-0.53,3.53
2002-08-04,27811875,27811875,1,735600000,436788000,463016000,133811000,272584000,0,0,112975000,248973000,331192000,7853000,7853000,0.28,0.28,0.0375,37284000,-3621000,1000000,34663000,80281000,3621000,13.73,16.46,11,0.0373,0.014,9.8,1.45,41.61,1.29,0.4161,0.9134,0.3706,0.0072,1.94,1.21,3.2642
2002-05-05,27765640,27765640,1,714755000,410862000,451024000,122891000,263731000,0,0,112975000,248954000,349421000,-831000,-831000,-0.03,-0.03,0.0375,7837000,-4633000,-1165000,2039000,45618000,4633000,13.18,16,10.35,0.034,0.0128,9.5,1.37,34.68,1.25,0.4547,0.944,0.369,0.0066,1.94,0.12,3.3433
2002-02-03,27709942,27709942,1,708933000,405300000,443206000,114358000,265727000,0,0,112975000,248935000,325589000,-9465000,-9465000,-0.34,-0.34,0.04,83833000,-12455000,-28392000,42986000,43579000,12455000,10.72,13,8.45,0.0389,0.0145,9.59,1.03,11.17,1.21,0.3948,0.9368,0.3748,0.0075,1.95,2.58,3.5441
2001-11-04,27645460,27645460,1,743629000,456062000,456222000,135310000,287407000,0,0,113936000,248917000,405002000,12607000,12607000,0.46,0.45,0.0375,6525000,-6496000,-991000,-962000,593000,6496000,11.59,14.87,8.32,0.0971,0.0361,10.4,1.16,9.5,1.17,0.1575,0.8661,0.3865,0.018,2,0,3.3705
2001-08-05,27617313,27617313,1,742651000,450200000,466860000,146464000,275791000,0,0,114896000,248887000,334378000,6974000,6974000,0.25,0.25,0.0375,21266000,-10449000,-10998000,-181000,1555000,8449000,15.22,18.74,11.7,0.1248,0.045,9.99,1.57,12.79,1.14,0.1251,0.9024,0.3714,0.0221,2.04,0.46,3.0738
2001-05-06,27620608,27620608,1,746578000,453543000,478063000,158277000,268515000,0,0,115877000,248869000,366923000,564000,564000,0.02,0.02,0.0375,-47971000,-9606000,39090000,-18487000,1736000,6006000,14.85,17,12.7,0.1249,0.044,9.72,1.52,13.5,1.1,0.1284,0.9268,0.3597,0.0215,2.04,-1.95,2.8655
2001-02-04,27484549,27484549,1,724364000,436381000,455803000,138095000,268561000,0,0,113217000,248851000,374032000,6562000,6562000,0.24,0.24,0.04,90630000,-32343000,-40219000,18068000,20223000,14243000,12.54,14.07,11,0.1189,0.0416,9.77,1.31,13.06,1.06,0.1386,0.9266,0.3708,0.0207,2.01,2.78,3.16
2000-10-29,27310903,27310903,1,767695000,501841000,505478000,189102000,262217000,0,0,95663000,248834000,443374000,19440000,19440000,0.71,0.71,0.0375,-23538000,-6441000,9018000,-20961000,2155000,6441000,10.32,12.25,8.38,0.1062,0.0368,9.6,1.16,12.74,1.02,0.1903,0.949,0.3416,0.019,1.94,-1.1,2.6538
2000-07-30,27292469,27292469,1,724430000,459393000,480671000,171401000,243759000,0,0,96445000,248817000,327832000,6009000,6009000,0.22,0.22,0.0375,6546000,-63749000,30023000,-27180000,23116000,6984000,9,10.5,7.5,0.0916,0.0321,8.93,1.03,12.5,0.98,0.2261,1.0208,0.3365,0.0169,1.9,-0.02,2.6802
2000-04-30,27289869,27289869,1,679449000,431533000,441721000,133217000,237728000,0,0,83089000,248801000,310310000,-1911000,-1911000,-0.07,-0.07,0.0375,-38249000,-4230000,-2046000,-44525000,50296000,4230000,7.06,8.31,5.81,0.0831,0.0293,8.71,0.8,11.39,0.94,0.202,1.0466,0.3499,0.0152,1.94,-1.56,3.2393
2000-01-30,27289869,27289869,1,673748000,425970000,432063000,124580000,241685000,0,0,83578000,248784000,296960000,2632000,2632000,0.1,0.1,0.07,66419000,-12875000,1000,53545000,94821000,11126000,7.69,8.56,6.81,0.0728,0.0255,8.86,0.88,14.24,0.91,0.2345,1.0294,0.3587,0.0133,1.92,2.03,3.4192
1999-10-31,27289869,27289869,1,667925000,417367000,428872000,117564000,239053000,0,0,84153000,248769000,368041000,15293000,15293000,0.56,0.56,0.0375,11985000,2531000,-1009000,13507000,41276000,14681000,8.72,10.13,7.31,0.065,0.0225,8.76,1.06,17.8,0.84,0.2109,1.0406,0.3579,0.0114,1.96,-0.1,3.5501
1999-08-01,27287985,27287985,1,648440000,392252000,423673000,112407000,224767000,0,0,84729000,248754000,316790000,3573000,3573000,0.13,0.13,0,12368000,-3023000,-1023000,8322000,27769000,3023000,9.47,10.63,8.31,0.0602,0.02,8.24,1.16,20.59,0.8,0.2307,1.1067,0.3466,0.0104,1.92,0.34,3.4896
1999-05-02,27287985,27287985,1,659104000,398704000,436886000,121893000,222218000,0,0,85304000,248738000,289699000,-4625000,-4625000,-0.17,-0.17,0.0375,-16792000,47327000,-22045000,8490000,19447000,2461000,7.16,8.94,5.38,0.0571,0.0183,8.14,0.85,16.65,0.8,0.3262,1.1193,0.3372,0.0098,1.86,-0.71,3.2709
1999-01-31,27287985,27287985,1,674313000,368017000,445425000,132686000,228888000,0,0,113344000,248723000,326557000,636000,636000,0.02,0.02,0.04,88400000,-23121000,-65392000,-113000,10957000,23121000,8.69,11.31,6.06,0.0535,0.0168,8.39,1.04,None,0.76,0.3513,1.0867,0.3394,0.0091,1.85,2.39,2.7736
1998-11-01,27274084,27274084,1,744752000,463376000,516837000,200360000,227915000,0,0,114123000,248709000,374392000,14016000,14016000,0.51,0.51,0.0375,-6127000,-7140000,19761000,6494000,11070000,7140000,10.13,13.75,6.5,-0.1467,-0.0458,8.36,1.28,None,0.72,None,1.0912,0.306,None,1.87,-0.49,2.3127
1998-08-02,27214565,27214565,1,711526000,434748000,496889000,178197000,214637000,0,0,114902000,249364000,306371000,2720000,2720000,0.1,0.1,0.0375,-18438000,-4399000,14719000,-8118000,4576000,4399000,13.57,15.13,12,-0.1386,-0.0442,7.89,1.73,None,0.68,None,1.1618,0.3017,None,1.89,-0.84,2.4397
1998-05-03,27192372,27192372,1,690245000,411328000,477448000,162837000,212797000,0,0,115683000,249349000,295765000,-5545000,-5545000,-0.2,-0.2,0.0375,-37856000,-3553000,42355000,946000,12694000,3553000,12.29,13.38,11.19,-0.2857,-0.0934,7.83,1.52,None,0.65,None,1.1718,0.3083,None,1.88,-1.52,2.526
1998-02-01,27187644,27187644,1,660459000,385018000,440154000,133335000,220305000,0,0,116467000,241004000,336981000,-43306000,-43306000,-1.6,None,0.04,73385000,-4874000,-77245000,-8734000,11748000,5041000,13,14.5,11.5,-0.2619,-0.0917,8.1,1.34,None,0.61,None,1.094,0.3336,None,1.86,2.51,2.8876
1997-11-02,27164183,27164183,1,797288000,512194000,533788000,256786000,263500000,0,0,117902000,209078000,413643000,14552000,14552000,0.54,None,0.0375,-17007000,-6087000,29102000,6008000,20482000,6088000,14.69,15.88,13.5,-0.0565,-0.0212,9.7,1.6,None,0.57,None,0.7935,0.3305,None,1.92,-0.85,1.9946
1997-08-03,27121420,27121420,1,747053000,449023000,497502000,210193000,249551000,0,0,118709000,209401000,313458000,-33285000,-33285000,-1.23,None,0.0375,-25153000,-3735000,27142000,-1746000,14474000,3440000,14.07,15.75,12.38,-0.0538,-0.0207,9.2,1.34,18.51,0.53,None,0.8391,0.334,None,1.91,-1.05,2.1362
1997-05-04,27065489,27065489,1,697835000,404424000,414142000,167473000,283693000,0,0,119516000,189399000,285925000,-4540000,-4540000,-0.17,None,0.0375,-39579000,-2867000,47076000,4630000,16220000,3354000,13.07,14.63,11.5,0.0731,0.0286,10.48,1.22,18.94,0.49,0.2007,0.6676,0.4065,0.015,1.91,-1.59,2.4149
1997-02-02,27063489,27063489,1,657436000,362958000,367278000,122266000,290158000,0,0,120324000,189398000,380881000,7923000,7923000,0.29,None,0.04,92069000,-9937000,-93746000,-11614000,11590000,6276000,12.94,15.13,10.75,0.067,0.0253,10.72,1.24,23.53,0.46,0.2224,0.6527,0.4413,0.0136,1.86,3.17,2.9686
1996-10-27,27034037,27034037,1,770792000,475138000,488661000,202668000,282131000,0,0,117546000,229253000,391245000,15035000,15035000,0.56,None,0.0375,19253000,-3080000,-7108000,9065000,23204000,5737000,11.07,11.75,10.38,0.054,0.0195,10.44,1.12,None,0.42,0.2794,0.8126,0.366,0.0108,1.8,0.5,2.3444
1996-07-28,26998936,26998936,1,743118000,447818000,475198000,192543000,267920000,0,0,118318000,229552000,313807000,2126000,2126000,0.08,None,0.0375,13385000,-4649000,-19971000,-11235000,14139000,6760000,12.75,14.5,11,-0.0173,-0.0061,9.92,1.29,None,0.38,None,0.8568,0.3605,None,1.84,0.25,2.3258
1996-04-28,26992486,26992486,1,756101000,458350000,489333000,204833000,266768000,0,0,119090000,229550000,273660000,-6554000,-6554000,-0.24,None,0.0375,-22071000,-5529000,35441000,7841000,25374000,3805000,11.51,13.38,9.63,-0.0107,-0.0037,9.88,1.13,1151,0.34,None,0.8605,0.3528,None,1.85,-0.96,2.2377
1996-01-28,26987252,26987252,1,749055000,444664000,473763000,183126000,275292000,0,0,119914000,229548000,383641000,4134000,4134000,0.15,None,0.04,70857000,-19330000,-56305000,-4778000,17533000,14744000,10.5,11.75,9.25,0.0011,0.0004,10.2,1.05,45.65,0.3,13.8989,0.8338,0.3675,0.0002,1.87,2.08,2.4282
1995-10-29,26791801,26791801,1,834416000,546417000,565574000,263969000,268842000,0,0,137205000,239403000,448007000,-4374000,-4374000,-0.16,None,0.0375,2574000,-491000,4582000,6665000,22311000,5517000,12.51,15.88,9.13,0.0225,0.0082,10.03,1.22,11.91,0.27,0.6654,0.8905,0.3222,0.0043,1.92,-0.11,2.07
1995-07-30,26722879,26722879,1,801477000,508962000,527781000,229139000,273696000,0,0,123952000,239682000,349493000,3894000,3894000,0.15,None,0.0375,-60306000,-8353000,72567000,3908000,15646000,9375000,15.5,17,14,0.1046,0.0412,10.24,1.53,13.96,0.23,0.1434,0.8757,0.3415,0.0208,1.99,-2.61,2.2212
1995-04-30,26666116,26666116,1,751063000,460765000,480589000,229475000,270474000,0,0,124734000,194681000,282987000,-3360000,-3360000,-0.13,None,0.0375,-55618000,-121347000,108230000,-68735000,11738000,10137000,16.5,18,15,0.1143,None,10.14,1.6,14.86,0.19,0.1345,0.7198,0.3601,0.0232,2.08,-2.47,2.0079
1995-01-29,26656616,26656616,1,596284000,429670000,320824000,114033000,275460000,0,0,17733000,169679000,353392000,9961000,9961000,0.37,None,0.04,57197000,-10628000,1633000,48202000,80473000,15907000,15.19,16.38,14,0.1168,None,10.33,1.53,None,0.15,0.1351,0.616,0.462,0.0239,2.2,1.55,3.7679
1994-10-30,26602208,26602208,1,601486000,447590000,337620000,133474000,263866000,0,0,0,169678000,379406000,17850000,17850000,0.66,None,0.0375,25573000,-9321000,-939000,15313000,32271000,16497000,18.88,23.75,14,None,None,9.92,2.03,None,0.11,None,0.643,0.4387,None,None,0.34,3.3534
1994-07-31,26560915,26560915,1,548337000,404412000,301627000,101513000,246710000,0,0,0,169937000,283771000,5735000,5735000,0.21,None,0.0375,-15823000,-9988000,-897000,-26708000,16958000,12578000,26,33.5,18.5,None,None,9.29,2.85,None,0.07,None,0.6888,0.4499,None,None,-1.07,3.9838
1994-05-01,26554498,26554498,1,538990000,401046000,297118000,97230000,241872000,0,0,0,169936000,238897000,-3531000,-3531000,-0.13,None,0.0375,-17553000,-5455000,-1396000,-24404000,43666000,8158000,35.94,39,32.88,None,None,9.11,3.86,None,0.04,None,0.7026,0.4488,None,None,-0.97,4.1247
1994-01-30,26545480,26545480,1,554771000,418702000,307972000,109156000,246799000,0,0,0,169934000,None,None,None,None,None,0,None,None,None,None,68070000,0,34.94,37.63,32.25,None,None,9.3,None,None,0,None,0.6886,0.4449,None,None,None,3.8358
