"Quarter end","Shares","Shares split adjusted","Split factor","Assets","Current Assets","Liabilities","Current Liabilities","Shareholders equity","Non-controlling interest","Preferred equity","Goodwill & intangibles","Long-term debt","Revenue","Earnings","Earnings available for common stockholders","EPS basic","EPS diluted","Dividend per share","Cash from operating activities","Cash from investing activities","Cash from financing activities","Cash change during period","Cash at end of period","Capital expenditures","Price","Price high","Price low","ROE","ROA","Book value of equity per share","P/B ratio","P/E ratio","Cumulative dividends per share","Dividend payout ratio","Long-term debt to equity ratio","Equity to assets ratio","Net margin","Asset turnover","Free cash flow per share","Current ratio"
2019-06-30,502453426,502453426,1,41129000000,3471000000,31798000000,3792000000,7773000000,1558000000,0,5614000000,18198000000,3442000000,-1025000000,-1026000000,-2.09,-2.09,0.3,776000000,-1257000000,-149000000,-629000000,1531000000,1302000000,60.13,76.23,44.03,-0.0686,-0.014,15.47,3.38,63.29,8.91,None,2.3412,0.189,None,0.33,-1.05,0.9153
2019-03-31,502118789,502118789,1,41993000000,4429000000,31460000000,5749000000,8928000000,1605000000,0,5622000000,15903000000,3218000000,-15000000,-17000000,-0.03,-0.03,0.3,1129000000,-1528000000,1129000000,731000000,2160000000,1389000000,45.27,49.64,40.91,0.0539,0.0116,17.78,2.66,37.73,8.61,1.175,1.7813,0.2126,0.0348,0.33,-0.52,0.7704
2018-12-31,499575992,499575992,1,40376000000,3795000000,29433000000,4658000000,8496000000,2447000000,0,5630000000,15470000000,3349000000,102000000,103000000,0.2,0.21,0.3,1627000000,-1323000000,-871000000,-564000000,1429000000,1292000000,55.75,71.11,40.4,0.0696,0.015,17.01,3.23,19.84,8.31,0.8791,1.8209,0.2104,0.0453,0.33,0.67,0.8147
2018-09-30,504280902,504280902,1,41145000000,4471000000,29908000000,5117000000,8701000000,2536000000,0,5638000000,15755000000,3697000000,363000000,359000000,0.72,0.72,0.25,1647000000,-1603000000,-480000000,-439000000,1993000000,1614000000,68.63,76.7,60.55,0.1595,0.036,17.25,3.95,83.7,8.01,0.2772,1.8107,0.2115,0.1139,0.31,0.07,0.8738
2018-06-30,512075063,512075063,1,41081000000,4632000000,29586000000,5427000000,8902000000,2593000000,0,5646000000,15355000000,3291000000,29000000,27000000,0.05,0.05,0.25,1225000000,-1943000000,-319000000,-1037000000,2432000000,1730000000,66.14,75.5,56.79,0.0426,0.0102,17.38,3.9,6614,7.76,0.7453,1.7249,0.2167,0.0355,0.28,-0.99,0.8535
2018-03-31,515088252,515088252,1,41076000000,5530000000,29320000000,4734000000,8741000000,3015000000,0,5654000000,15643000000,3045000000,121000000,117000000,0.23,0.22,0.25,1430000000,-1113000000,-1507000000,-1190000000,3484000000,1547000000,58.45,63.05,53.85,-0.0026,-0.0004,16.97,2.91,None,7.51,None,1.7896,0.2128,None,0.26,-0.23,1.1681
2017-12-31,532487194,532487194,1,42086000000,6762000000,28296000000,3906000000,10696000000,3094000000,0,5662000000,15547000000,2929000000,976000000,974000000,1.82,1.82,0.05,1390000000,-1002000000,-1086000000,-698000000,4553000000,1493000000,50.59,54.45,46.74,-0.0414,-0.0105,20.09,2.57,None,7.26,None,1.4535,0.2541,None,0.27,-0.19,1.7312
2017-09-30,547157557,547157557,1,43128000000,7473000000,29206000000,3683000000,10782000000,3140000000,0,5671000000,15424000000,2496000000,-699000000,-701000000,-1.27,-1.27,0.05,639000000,-1242000000,-155000000,-757000000,5251000000,1242000000,45.06,50.16,39.96,-0.1687,-0.0438,19.71,2.2,None,7.21,None,1.4305,0.25,None,0.26,-1.1,2.0291
2017-06-30,560358149,560358149,1,44348000000,7984000000,29692000000,3154000000,11472000000,3184000000,0,5714000000,15436000000,2716000000,-415000000,-417000000,-0.76,-0.76,0.05,857000000,-506000000,-174000000,177000000,6008000000,1102000000,53.8,64.15,43.45,-0.1733,-0.0462,20.47,2.54,None,7.16,None,1.3455,0.2587,None,0.24,-0.44,2.5314
2017-03-31,560339140,560339140,1,44693000000,7707000000,29614000000,3762000000,11856000000,3223000000,0,5739000000,15284000000,3767000000,-318000000,-320000000,-0.58,-0.58,0.05,1123000000,1722000000,-198000000,2647000000,5831000000,1194000000,65.83,72.32,59.34,-0.1971,-0.0524,21.16,3.01,None,7.11,None,1.2891,0.2653,None,0.22,-0.13,2.0486
2016-12-31,558979551,558979551,1,45564000000,5266000000,30067000000,3328000000,12212000000,3285000000,0,5904000000,15281000000,2387000000,-515000000,-516000000,-0.94,-0.94,0.05,1123000000,-1506000000,-413000000,-796000000,3184000000,887000000,65.96,73.33,58.59,-0.2577,-0.0671,21.85,2.93,None,7.06,None,1.2513,0.268,None,0.17,0.42,1.5823
2016-09-30,558900897,558900897,1,45417000000,5918000000,29505000000,3762000000,12600000000,3312000000,0,6197000000,15090000000,1893000000,-830000000,-833000000,-1.61,-1.61,0.05,785000000,-291000000,2092000000,2586000000,3980000000,739000000,57.03,63.84,50.23,-0.3149,-0.0828,22.54,2.58,None,7.01,None,1.1976,0.2774,None,0.16,0.08,1.5731
2016-06-30,510457469,510457469,1,44033000000,3212000000,29433000000,3244000000,11281000000,3319000000,0,6237000000,15641000000,1915000000,-692000000,-694000000,-1.36,-1.36,0.05,1229000000,8000000,-2790000000,-1553000000,1394000000,857000000,50.26,57,43.52,-0.4183,-0.1111,22.1,2.2,None,6.96,None,1.3865,0.2562,None,0.16,0.73,0.9901
2016-03-31,510426628,510426628,1,47922000000,5767000000,33221000000,6657000000,11686000000,3015000000,0,6325000000,15726000000,1674000000,-1034000000,-1035000000,-2.03,-2.03,0.05,-137000000,-973000000,3119000000,2008000000,2947000000,1022000000,39.27,50.39,28.16,-0.3246,-0.0911,22.89,1.56,None,6.91,None,1.3457,0.2439,None,0.16,-2.27,0.8663
2015-12-31,508438647,508438647,1,46414000000,3982000000,30957000000,4181000000,12819000000,2638000000,0,6331000000,15718000000,2053000000,-1250000000,-1247000000,-2.45,-2.45,0.27,257000000,-1075000000,-314000000,-1133000000,939000000,1206000000,59.19,73.87,44.5,-0.4492,-0.1334,25.21,2.14,None,6.86,None,1.2261,0.2762,None,0.17,-1.87,0.9524
2015-09-30,508142751,508142751,1,49182000000,5187000000,32130000000,4438000000,14079000000,2973000000,0,6343000000,15892000000,1688000000,-2235000000,-2239000000,-4.41,-4.41,0.27,1127000000,-911000000,-315000000,-101000000,2072000000,1360000000,68.4,78.7,58.1,-0.351,-0.1081,27.71,2.12,None,6.59,None,1.1288,0.2863,None,0.18,-0.46,1.1688
2015-06-30,508012188,508012188,1,52124000000,5410000000,32765000000,4669000000,16389000000,2970000000,0,6420000000,16025000000,2636000000,61000000,60000000,0.12,0.12,0.27,1243000000,-860000000,-520000000,-135000000,2173000000,1544000000,86.84,95.94,77.75,-0.1378,-0.0442,32.26,2.7,None,6.32,None,0.9778,0.3144,None,0.23,-0.59,1.1587
2015-03-31,507935794,507935794,1,52973000000,5165000000,34039000000,5228000000,16332000000,2602000000,0,6540000000,16365000000,2321000000,-3268000000,-3269000000,-6.45,-6.45,0.27,-4504000000,-1925000000,1369000000,-5061000000,2308000000,1957000000,81.96,90.1,73.82,-0.1238,-0.0402,32.15,2.11,None,6.05,None,1.002,0.3083,None,0.26,-12.72,0.9879
2014-12-31,506650285,506650285,1,61689000000,11221000000,39371000000,10234000000,19725000000,2593000000,0,6569000000,15092000000,3177000000,-395000000,-390000000,-0.77,-0.77,0.27,1952000000,-3577000000,658000000,-966000000,7369000000,2219000000,86.84,102.68,71,-0.089,-0.0293,38.93,2.13,None,5.78,None,0.7651,0.3197,None,0.31,-0.53,1.0964
2014-09-30,506450402,506450402,1,60665000000,11739000000,38102000000,10983000000,20677000000,1886000000,0,5501000000,14728000000,5010000000,1087000000,1079000000,2.13,2.12,0.27,2323000000,-795000000,1441000000,2970000000,8335000000,2189000000,106.96,113.51,100.4,-0.1052,-0.0365,40.83,2.8,None,5.51,None,0.7123,0.3408,None,0.32,0.26,1.0688
2014-06-30,505962939,505962939,1,58414000000,8980000000,37242000000,10760000000,19331000000,1841000000,0,5595000000,13414000000,4439000000,227000000,226000000,0.45,0.45,0.27,2462000000,-2682000000,-362000000,-559000000,5365000000,2599000000,98.3,112.06,84.54,-0.1465,-0.0533,38.21,2.6,None,5.24,None,0.6939,0.3309,None,0.31,-0.27,0.8346
2014-03-31,505054104,505054104,1,58103000000,9664000000,37186000000,10929000000,19120000000,1797000000,0,5597000000,13569000000,5844000000,-2669000000,-2669000000,-5.3,-5.3,0.18,1729000000,582000000,-62000000,2226000000,5924000000,2501000000,82.33,86.86,77.8,-0.109,-0.0415,37.86,1.9,52.44,4.97,None,0.7097,0.3291,None,0.29,-1.53,0.8843
2013-12-31,503767298,503767298,1,55781000000,7108000000,32131000000,5703000000,21857000000,1793000000,0,5662000000,13065000000,3338000000,-770000000,-766000000,-1.53,-1.53,0.18,2104000000,-2315000000,-8000000,-241000000,3698000000,2394000000,86.03,98.47,73.6,0.0364,0.0146,43.39,1.94,24.51,4.79,0.3417,0.5977,0.3918,0.0545,0.27,-0.58,1.2464
2013-09-30,503266938,503266938,1,55294000000,7140000000,31393000000,4738000000,22342000000,1559000000,0,5663000000,13647000000,3853000000,182000000,181000000,0.36,0.36,0.18,1779000000,-2312000000,-85000000,-642000000,3939000000,1796000000,91.41,96.75,86.08,0.0817,0.0327,44.39,2.07,26.96,4.61,0.1283,0.6108,0.4041,0.1202,0.27,-0.03,1.507
2013-06-30,502705709,502705709,1,55300000000,7899000000,31591000000,5013000000,22189000000,1520000000,0,5677000000,13538000000,3497000000,929000000,923000000,1.84,1.83,0.09,2502000000,-1972000000,333000000,846000000,4581000000,1821000000,85.24,92.18,78.3,0.0807,0.032,44.14,2.03,61.77,4.43,0.1061,0.6101,0.4012,0.1204,0.26,1.35,1.5757
2013-03-31,501473546,501473546,1,53588000000,7310000000,31258000000,4072000000,21090000000,1240000000,0,5678000000,13663000000,3893000000,460000000,457000000,0.91,0.91,0.09,2503000000,-1617000000,383000000,1264000000,3735000000,1710000000,81.97,89.2,74.73,0.0335,0.0131,42.06,1.99,17.26,4.34,0.2614,0.6478,0.3936,0.0497,0.26,1.58,1.7952
2012-12-31,500565966,500565966,1,52589000000,6795000000,30707000000,3994000000,20629000000,1253000000,0,5680000000,13269000000,3410000000,203000000,201000000,0.41,0.41,0.09,2220000000,-1673000000,-602000000,-61000000,2471000000,1794000000,71.38,76.95,65.82,0.1166,0.0449,41.21,1.75,19.72,4.25,0.0757,0.6432,0.3923,0.1772,0.25,0.85,1.7013
2012-09-30,499759225,499759225,1,52718000000,7324000000,31287000000,4824000000,20393000000,1038000000,0,5754000000,13102000000,3332000000,121000000,120000000,0.24,0.24,0.09,2229000000,-1789000000,-694000000,-262000000,2532000000,1895000000,70.41,76.63,64.19,0.0922,0.0345,40.81,1.74,None,4.16,0.0987,0.6425,0.3868,0.1316,0.26,0.67,1.5182
2012-06-30,499678984,499678984,1,53332000000,8430000000,32054000000,5883000000,20236000000,1042000000,0,5757000000,13093000000,3222000000,-89000000,-89000000,-0.18,-0.18,0.09,1999000000,-1709000000,-440000000,-163000000,2794000000,1850000000,68.13,79.85,56.42,-0.0699,-0.0252,40.5,1.68,None,4.07,None,0.647,0.3794,None,0.26,0.3,1.4329
2012-03-31,499567335,499567335,1,54521000000,8714000000,33357000000,4897000000,20279000000,885000000,0,5825000000,15347000000,3447000000,2156000000,2144000000,4.3,4.28,0.09,1891000000,-1698000000,77000000,260000000,2957000000,1703000000,82.3,88.7,75.9,-0.0367,-0.0134,40.59,2.27,None,3.98,None,0.7568,0.3719,None,0.27,0.38,1.7795
2011-12-31,498427854,498427854,1,51779000000,6931000000,32796000000,4899000000,18105000000,878000000,0,6021000000,15060000000,3839000000,-358000000,-353000000,-0.72,-0.72,0.09,-2087000000,-1086000000,2403000000,-790000000,2697000000,1540000000,70.77,84.42,57.11,-0.1339,-0.0506,36.32,1.89,None,3.89,None,0.8318,0.3497,None,0.27,-7.28,1.4148
2011-09-30,497971511,497971511,1,53062000000,7604000000,33563000000,7863000000,18624000000,875000000,0,5832000000,12808000000,3199000000,-3051000000,-3051000000,-6.12,-6.12,0.09,1466000000,-1300000000,-68000000,81000000,3487000000,1311000000,74.14,85.25,63.03,-0.107,-0.0417,37.4,1.72,44.13,3.8,None,0.6877,0.351,None,0.25,0.31,0.9671
2011-06-30,497809244,497809244,1,52617000000,6870000000,30269000000,4127000000,21471000000,877000000,0,5836000000,12801000000,3676000000,544000000,540000000,1.09,1.08,0.09,1837000000,-1839000000,-56000000,-54000000,3406000000,1440000000,77.09,85.5,68.67,0.0401,0.0162,43.13,1.83,148.25,3.71,0.2129,0.5962,0.4081,0.069,0.23,0.8,1.6646
2011-03-31,497520744,497520744,1,52013000000,6687000000,30229000000,4065000000,20909000000,875000000,0,5366000000,12769000000,3253000000,216000000,215000000,0.43,0.43,0.09,1289000000,-1750000000,231000000,-220000000,3460000000,1359000000,78.51,84,73.02,0.0125,0.0051,42.03,1.88,51.65,3.62,0.6869,0.6107,0.402,0.0234,0.22,-0.14,1.645
2010-12-31,496258104,496258104,1,51559000000,6675000000,30120000000,4114000000,20684000000,755000000,0,5340000000,12722000000,2691000000,111000000,111000000,0.23,0.22,0.09,1315000000,-1415000000,-435000000,-538000000,3680000000,1489000000,67.31,78.98,55.65,0.0368,0.0149,41.68,1.62,37.81,3.53,0.2343,0.6151,0.4012,0.0693,0.21,-0.35,1.6225
2010-09-30,495592465,495592465,1,51826000000,7080000000,30682000000,4704000000,20629000000,515000000,0,5312000000,12753000000,2550000000,-26000000,-26000000,-0.05,-0.05,0.09,1049000000,-1077000000,852000000,844000000,4218000000,1106000000,47.24,58.42,36.06,0.0426,0.0172,41.62,1.13,21.18,3.44,0.2041,0.6182,0.398,0.0778,0.22,-0.12,1.5051
2010-06-30,494929464,494929464,1,50547000000,6074000000,29342000000,4669000000,20655000000,550000000,0,5313000000,10093000000,2604000000,-40000000,-40000000,-0.08,-0.08,0.09,1566000000,-1291000000,-575000000,-318000000,3374000000,1243000000,54.8,75.07,34.54,0.0542,0.0219,41.73,1.31,29.95,3.35,0.1618,0.4886,0.4086,0.0963,0.23,0.65,1.3009
2010-03-31,494744305,494744305,1,50708000000,6402000000,29583000000,3899000000,20667000000,458000000,0,5313000000,11110000000,3139000000,716000000,716000000,1.44,1.43,0.09,1317000000,-1181000000,36000000,161000000,3692000000,1170000000,67.32,73.89,60.75,0.0456,0.0183,41.77,1.66,None,3.26,0.1943,0.5376,0.4076,0.0865,0.21,0.3,1.642
2009-12-31,492562381,492562381,1,50123000000,6083000000,29708000000,3824000000,19928000000,487000000,0,5322000000,11149000000,2920000000,222000000,222000000,0.48,0.48,0.09,1100000000,-1308000000,153000000,-55000000,3531000000,1355000000,63.23,69.36,57.11,-0.0073,-0.0027,40.46,1.57,70.26,3.17,None,0.5595,0.3976,None,0.18,-0.52,1.5907
2009-09-30,491511430,491511430,1,49476000000,6056000000,29291000000,2882000000,19820000000,365000000,0,5323000000,11141000000,2740000000,200000000,200000000,0.4,0.4,0.09,1065000000,-854000000,-152000000,59000000,3586000000,762000000,53.25,64.85,41.66,0.0219,0.0088,40.32,1.33,10.4,3.08,0.4057,0.5621,0.4006,0.0427,0.2,0.62,2.1013
2009-06-30,490525716,490525716,1,49372000000,5646000000,29411000000,3422000000,19597000000,364000000,0,5332000000,11134000000,1745000000,-226000000,-226000000,-0.48,-0.48,0.09,1234000000,-945000000,1073000000,1362000000,3527000000,926000000,46.24,51.96,40.52,0.1266,0.0489,39.95,1.13,8.18,2.99,0.0705,0.5681,0.3969,0.1795,0.27,0.63,1.6499
2009-03-31,460397878,460397878,1,48154000000,4552000000,28970000000,4173000000,18822000000,362000000,0,5359000000,10231000000,1595000000,-331000000,-338000000,-0.73,-0.73,0.09,527000000,-1129000000,407000000,-195000000,2165000000,1133000000,37.5,43.84,31.15,0.1455,0.054,40.88,0.92,5.36,2.9,0.0631,0.5436,0.3909,0.1838,0.29,-1.32,1.0908
2008-12-31,459881004,459881004,1,48923000000,5375000000,29767000000,5536000000,18795000000,361000000,0,5413000000,9128000000,3810000000,786000000,786000000,1.71,1.71,0.09,442000000,285000000,-348000000,379000000,2360000000,1447000000,37.69,48.21,27.17,0.1855,0.0666,40.87,0.95,3.55,2.81,0.0512,0.4857,0.3842,0.2073,0.32,-2.19,0.9709
2008-09-30,459039638,459039638,1,49229000000,4986000000,30659000000,6232000000,18211000000,359000000,0,5100000000,9120000000,6149000000,2165000000,2165000000,4.65,4.62,0.09,3516000000,-1179000000,-1009000000,1328000000,1981000000,1150000000,59.66,74.47,44.86,0.2942,0.1023,39.67,1.68,8.43,2.72,0.0336,0.5008,0.3699,0.2659,0.38,5.15,0.8001
2008-06-30,468473419,468473419,1,49337000000,5167000000,32338000000,4871000000,16651000000,348000000,0,5115000000,11113000000,2786000000,23000000,23000000,0.05,0.05,0.09,476000000,-739000000,-397000000,-660000000,653000000,1153000000,71.21,79.86,62.56,0.2024,0.0688,35.54,2,8.46,2.63,0.0506,0.6674,0.3375,0.2127,0.32,-1.45,1.0608
2008-03-31,468123043,468123043,1,48335000000,4308000000,31678000000,4654000000,16657000000,0,0,5140000000,11158000000,2978000000,287000000,286000000,0.61,0.61,0.09,2008000000,-895000000,-1068000000,45000000,1313000000,1051000000,60.39,66.75,54.02,0.2438,0.0811,35.58,1.73,7.51,2.54,0.0425,0.6699,0.3446,0.2446,0.33,2.04,0.9257
2007-12-31,468065186,468065186,1,48481000000,4516000000,32117000000,5257000000,16364000000,0,0,5166000000,11151000000,6866000000,2520000000,2519000000,5.4,5.35,0.09,923000000,-626000000,-272000000,25000000,1268000000,962000000,60.47,67.05,53.89,0.2382,0.0745,34.96,1.74,8.88,2.45,0.0444,0.6814,0.3375,0.2377,0.31,-0.08,0.859
2007-09-30,466357993,466357993,1,47570000000,3523000000,31405000000,7317000000,16165000000,0,0,5169000000,11144000000,3030000000,504000000,503000000,1.08,1.07,0.09,727000000,-723000000,-408000000,-404000000,1243000000,933000000,50.95,54.77,47.14,0.2049,0.0596,34.66,1.5,5.73,2.36,0.0527,0.6894,0.3398,0.2656,0.22,-0.44,0.4815
2007-06-30,465735840,465735840,1,51016000000,4595000000,35222000000,9570000000,15794000000,0,0,4740000000,11138000000,3313000000,652000000,652000000,1.4,1.39,0.09,359000000,2009000000,-4370000000,-2002000000,1647000000,1272000000,49.5,55.33,43.68,0.2774,0.0732,33.91,1.52,5.35,2.27,0.0403,0.7052,0.3096,0.3328,0.22,-1.96,0.4801
2007-03-31,463925702,463925702,1,55880000000,6820000000,40771000000,14109000000,15109000000,0,0,4461000000,11527000000,2683000000,105000000,104000000,0.23,0.23,0.09,891000000,3118000000,-871000000,3138000000,3649000000,1079000000,41.28,43.92,38.63,0.3059,0.0866,32.57,1.28,3.95,2.18,0.0387,0.7629,0.2704,0.3935,0.22,-0.41,0.4834
2006-12-31,463098338,463098338,1,58844000000,4614000000,43931000000,16758000000,14913000000,0,0,4616000000,11520000000,2926000000,1917000000,1916000000,4.15,4.12,0.09,1028000000,2347000000,-4793000000,-1417000000,511000000,1661000000,45.56,50.03,41.09,0.3689,0.1173,32.2,1.52,5.56,2.09,0.0342,0.7725,0.2534,0.4762,0.25,-1.37,0.2753
2006-09-30,459744548,459744548,1,60176000000,5350000000,46404000000,21179000000,13772000000,0,0,8053000000,11163000000,3498000000,1461000000,1461000000,3.18,3.15,0.09,1688000000,-21285000000,20704000000,1108000000,1928000000,148000000,45.95,50.24,41.66,0.3126,0.1178,29.96,1.71,7.29,2,0.0434,0.8106,0.2289,0.4016,0.29,3.35,0.2526
2006-06-30,459467915,459467915,1,23665000000,2572000000,11301000000,2207000000,12364000000,0,0,1092000000,3361000000,1809000000,815000000,814000000,1.77,1.76,0.09,957000000,-1044000000,78000000,0,820000000,699000000,50.16,56.71,43.62,0.2586,0.1292,26.91,1.99,8.95,1.91,0.0565,0.2718,0.5225,0.3802,0.34,0.56,1.1654
2006-03-31,229260860,458521720,2,22867000000,2535000000,11310000000,2186000000,11557000000,0,0,1196000000,3392000000,1954000000,661000000,660000000,2.87,2.84,0.18,1222000000,-975000000,-166000000,81000000,820000000,975000000,50.84,54.52,47.15,0.2439,0.1194,25.2,2.12,9.76,1.82,0.0636,0.2935,0.5054,0.3503,0.34,0.54,1.1597
2005-12-31,230441223,460882446,2,22588000000,2916000000,11537000000,2403000000,11051000000,0,0,1196000000,3555000000,2224000000,870000000,874000000,3.77,3.74,0.18,1271000000,-993000000,-543000000,-273000000,739000000,993000000,46.34,50.38,42.3,0.2393,0.1148,23.98,2.06,11.14,1.73,0.0684,0.3217,0.4892,0.3473,0.33,0.6,1.2135
2005-09-30,235124788,470249576,2,22012000000,2980000000,11438000000,2435000000,10574000000,0,0,1286000000,3604000000,1756000000,598000000,596000000,2.53,2.51,0.18,1144000000,-893000000,-174000000,97000000,1012000000,893000000,45.66,48.98,42.33,0.2025,0.0958,22.49,2.15,12.36,1.64,0.0803,0.3408,0.4804,0.3083,0.31,0.53,1.2238
2005-06-30,236343912,472687824,2,20827000000,2435000000,10772000000,1934000000,10055000000,0,0,1299000000,3603000000,1590000000,507000000,506000000,2.14,2.12,0.18,795000000,-734000000,-138000000,-82000000,915000000,577000000,38.45,42.33,34.58,0.1879,0.0868,21.27,1.9,11.21,1.55,0.0849,0.3583,0.4828,0.2864,0.3,0.46,1.259
2005-03-31,235711445,471422890,2,20502000000,2478000000,10960000000,2083000000,9542000000,0,0,1308000000,3643000000,1530000000,491000000,490000000,2.07,2.05,0.18,936000000,-633000000,-176000000,123000000,997000000,790000000,35.45,40.69,30.2,0.1816,0.0811,20.24,1.81,11.15,1.46,0.0855,0.3818,0.4654,0.2768,0.29,0.31,1.1896
2004-12-31,236834572,473669144,2,20192000000,2502000000,10907000000,1993000000,9285000000,0,0,1309000000,3671000000,1602000000,405000000,405000000,1.66,1.64,0.14,450000000,1775000000,-1500000000,720000000,874000000,-2244000000,33.78,35.52,32.03,0.174,0.076,19.6,1.77,11.49,1.37,0.0862,0.3954,0.4598,0.2639,0.29,5.69,1.2554
2004-09-30,247336924,494673848,2,21539000000,1670000000,12094000000,2794000000,9445000000,0,0,1395000000,4120000000,1562000000,399000000,399000000,1.59,1.58,0.14,992000000,-340000000,-814000000,-155000000,154000000,762000000,30.59,33.41,27.77,0.165,0.0704,19.09,1.67,11.35,1.3,0.0941,0.4362,0.4385,0.2608,0.27,0.46,0.5977
2004-06-30,250212962,500425924,2,21603000000,1716000000,12452000000,2044000000,9151000000,0,0,1378000000,4895000000,1443000000,405000000,405000000,1.6,1.59,0.14,880000000,-746000000,31000000,167000000,309000000,744000000,27.6,29.77,25.43,0.1567,0.0654,18.29,1.56,11.04,1.23,0.0957,0.5349,0.4236,0.2486,0.26,0.27,0.8395
2004-03-31,251872789,503745578,2,20980000000,1414000000,12062000000,1731000000,8918000000,0,0,1385000000,5060000000,1460000000,392000000,392000000,1.56,1.55,0.14,885000000,-726000000,-78000000,80000000,142000000,729000000,25.41,26.5,24.32,0.1506,0.0615,17.7,1.49,10,1.16,0.0956,0.5674,0.4251,0.2368,0.26,0.31,0.8169
2003-12-31,251656714,503313428,2,20546000000,1324000000,11947000000,1715000000,8599000000,0,0,1389000000,5058000000,1248000000,294000000,294000000,1.18,1.16,0.14,744000000,-524000000,-306000000,-82000000,62000000,623000000,23.16,25.64,20.68,0.1607,0.0639,17.08,1.42,9.03,1.09,0.0856,0.5882,0.4185,0.2513,0.25,0.24,0.772
2003-09-30,250898099,501796198,2,20362000000,1426000000,12184000000,1845000000,8178000000,0,0,1473000000,5171000000,1340000000,274000000,274000000,1.09,1.09,0.1,884000000,-627000000,-244000000,16000000,144000000,625000000,21.38,22.52,20.25,0.1713,0.0666,16.3,1.37,8.95,1.02,0.0767,0.6323,0.4016,0.2188,0.3,0.52,0.7729
2003-06-30,249532968,499065936,2,20193000000,1494000000,12386000000,2250000000,7807000000,0,0,1472000000,5171000000,1277000000,301000000,301000000,1.21,1.2,0.1,710000000,-899000000,233000000,46000000,128000000,901000000,23.54,24.98,22.09,0.1678,0.0645,15.64,1.58,10.44,0.97,0.0768,0.6624,0.3866,0.2188,0.29,-0.38,0.664
2003-03-31,249466234,498932468,2,19403000000,1604000000,11952000000,2099000000,7451000000,0,0,1451000000,5171000000,1257000000,418000000,418000000,1.68,1.63,0.1,705000000,-584000000,-74000000,48000000,82000000,623000000,22.77,24.43,21.12,0.1656,0.0635,14.93,1.63,14.14,0.92,0.0754,0.694,0.384,0.2424,0.26,0.16,0.7642
2002-12-31,248925066,497850132,2,18248000000,1280000000,11276000000,1861000000,6972000000,0,0,1434000000,5171000000,2076000000,309000000,309000000,1.25,1.21,0.1,691000000,-642000000,-45000000,3000000,34000000,558000000,23.02,24.96,21.07,0.1231,0.0468,14,1.69,18.49,0.87,0.0979,0.7417,0.3821,0.2137,0.22,0.27,0.6878
2002-09-30,248621602,497243204,2,17580000000,1051000000,10798000000,1278000000,6782000000,0,0,1433000000,5460000000,951000000,189000000,189000000,0.76,0.74,0.075,544000000,-457000000,-100000000,-14000000,31000000,466000000,21.8,24.61,19,0.0952,0.0362,13.64,1.62,None,0.82,0.1174,0.8051,0.3858,0.2799,0.13,0.16,0.8224
2002-06-30,248514438,497028876,2,17511000000,1076000000,10821000000,1539000000,6690000000,0,0,1443000000,5241000000,480000000,239000000,239000000,0.96,0.93,0.075,543000000,-518000000,-8000000,19000000,45000000,551000000,26.21,29,23.43,-0.1426,-0.0543,13.46,2.04,None,0.78,None,0.7834,0.382,None,0.11,-0.02,0.6992
2002-03-31,248319002,496638004,2,17106000000,1030000000,10732000000,1517000000,6374000000,0,0,1432000000,5240000000,353000000,88000000,88000000,0.35,0.34,0.075,418000000,-800000000,373000000,-11000000,26000000,813000000,26.29,29.14,23.43,-0.1125,-0.0439,12.83,2.05,None,0.75,None,0.8221,0.3726,None,0.12,-0.8,0.679
2001-12-31,248046910,496093820,2,16771000000,1201000000,10406000000,1801000000,6365000000,0,0,1534000000,4638000000,445000000,108000000,108000000,0.44,0.48,0.07,669000000,-1025000000,299000000,-31000000,37000000,1063000000,26.98,30.22,23.73,-0.0269,-0.0107,12.83,2.13,284,0.71,None,0.7287,0.3795,None,0.16,-0.79,0.6669
2001-09-30,248758365,497516730,2,16266000000,1416000000,9952000000,1464000000,6314000000,0,0,1522000000,4608000000,509000000,-1353000000,-1353000000,-5.41,-5.41,0.05,602000000,-761000000,-61000000,-232000000,68000000,739000000,25.95,29.88,22.02,0.0198,0.0075,12.69,1.66,7.83,0.67,0.3566,0.7298,0.3882,0.047,0.17,-0.28,0.9672
2001-06-30,250764764,501529528,2,18756000000,1737000000,10935000000,2201000000,7821000000,0,0,1482000000,3941000000,825000000,401000000,401000000,1.6,1.5,0.05,939000000,-955000000,-278000000,-294000000,300000000,856000000,30.6,34.5,26.7,0.2458,0.1003,15.59,2.06,10.76,0.65,0.0288,0.5039,0.417,0.5842,0.17,0.17,0.7892
2001-03-31,250627503,501255006,2,18705000000,2288000000,11261000000,2387000000,7444000000,0,0,1572000000,4239000000,1114000000,656000000,656000000,2.62,2.5,0.05,1111000000,-1377000000,660000000,394000000,593000000,658000000,31.91,36.49,27.32,0.2553,0.1026,14.85,2.35,18.29,0.62,0.0311,0.5695,0.398,0.5748,0.18,0.9,0.9585
2000-12-31,250430434,500860868,2,16590000000,1894000000,9804000000,1676000000,6786000000,0,0,1348000000,3984000000,533906000,428133000,436293000,1.74,1.6,0.05,692100000,-710700000,88200000,69600000,199000000,731500000,33.33,37.42,29.23,0.1955,0.0787,13.55,2.66,31.59,0.6,0.0475,0.5871,0.409,0.5003,0.16,-0.08,1.1301
2000-09-30,248785417,497570834,2,15091600000,1103700000,8848000000,1170800000,6243600000,0,0,1027300000,4024200000,503700000,248400000,245700000,1.07,1.03,0.05,653265000,-538863000,10128000,124530000,129200000,525846000,28.12,34.02,22.22,0.1406,0.057,12.55,4.33,45.72,0.57,0.0817,0.6445,0.4137,0.3028,0.18,0.26,0.9427
2000-06-30,128367439,256734878,2,4568362000,449476000,2901695000,425894000,1666667000,0,0,0,1655818000,306343000,77668000,74938000,0.58,0.56,0.05,178792000,-266577000,83055000,-4730000,4639000,266643000,21.94,26.63,17.25,0.1022,0.0411,6.49,3.54,60.11,0.55,0.1592,0.9935,0.3648,0.1681,0.23,-0.34,1.0554
2000-03-31,128086367,256172734,2,4219841000,322726000,2633212000,297165000,1586629000,0,0,0,1573217000,247051000,41799000,39069000,0.31,0.3,0.05,11843000,-183860000,136617000,-35400000,9369000,184011000,16.78,19.34,14.22,0.0613,0.0264,6.19,2.8,139.83,0.52,0.2724,0.9915,0.376,0.1156,0.2,-0.67,1.086
1999-12-31,128015103,256030206,2,4098363000,355942000,2563809000,387171000,1534554000,0,0,0,1443322000,223286000,30730000,28000000,0.22,0.22,0.05,191691000,-211075000,49350000,29966000,44769000,248262000,15.66,17.72,13.6,0.0219,0.0111,5.99,2.65,None,0.5,0.7959,0.9405,0.3744,0.0452,0.18,-0.22,0.9193
1999-09-30,127518656,255037312,2,3833779000,259981000,2325950000,232594000,1507829000,0,0,0,1405305000,179935000,21512000,18782000,0.15,0.15,0.05,78806000,-170699000,89835000,-2058000,14803000,170601000,16.8,19.09,14.5,-0.0367,-0.0114,5.91,2.87,None,0.47,None,0.932,0.3933,None,0.17,-0.36,1.1177
1999-06-30,127418936,254837872,2,3690606000,233925000,2197815000,222606000,1492791000,0,0,0,1305805000,161519000,10692000,7962000,0.06,0.06,0.05,52412000,-46693000,-4388000,1331000,16861000,149266000,19.05,20.25,17.84,-0.0538,-0.0175,5.86,3.74,None,0.45,None,0.8747,0.4045,None,0.16,-0.38,1.0508
1999-03-31,120974332,241948664,2,3657831000,204121000,2423298000,202774000,1234533000,0,0,0,1560762000,136364000,-20355000,-23085000,-0.19,-0.19,0.05,-5205000,-107876000,111603000,-1478000,15530000,111758000,16.61,19.94,13.28,-0.0597,-0.0197,5.1,3.18,None,0.42,None,1.2643,0.3375,None,0.16,-0.48,1.0066
1998-12-31,120453338,240906676,2,3632990000,229928000,2373534000,288726000,1259456000,0,0,0,1425392000,136149000,-54008000,-54008000,-0.47,-0.47,0.05,92216000,-240531000,145442000,-2873000,17008000,244607000,16.66,20.47,12.85,-0.0371,-0.0123,5.23,3.04,81.27,0.4,None,1.1318,0.3467,None,0.16,-0.63,0.7964
1998-09-30,120325896,240651792,2,3497013000,205168000,2179207000,263919000,1317806000,0,0,0,1225000000,140191000,464000,-2266000,-0.02,-0.02,0.05,40238000,-184252000,134216000,-9798000,19881000,204623000,17.98,21.59,14.38,0.0406,0.0165,5.48,3.27,62.54,0.37,0.4308,0.9296,0.3768,0.0786,0.19,-0.68,0.7774
1998-06-30,120082837,240165674,2,3360383000,216346000,2039686000,224131000,1320697000,0,0,0,1139426000,137526000,4341000,2703000,0.02,0.02,0.05,-25136000,-199221000,246134000,21777000,29679000,199614000,17.05,18.95,15.15,0.0594,0.0227,5.5,3.64,50.9,0.35,0.2875,0.8627,0.393,0.1063,0.21,-0.94,0.9653
1998-03-31,60015081,240060324,4,3189831000,198633000,2067094000,298745000,1122737000,0,0,0,1095142000,146388000,7015000,7015000,0.12,0.12,0.075,132324000,-263271000,129942000,-1005000,7902000,268131000,15.27,17.32,13.22,0.073,0.0272,4.68,3.28,33.93,0.32,0.2285,0.9754,0.352,0.1231,0.22,-0.57,0.6649
1997-12-31,59899994,239599976,4,2992465000,218994000,1875685000,252330000,1116780000,0,0,0,955733000,205491000,42018000,42018000,0.7,None,0.08,113906000,-184157000,65320000,-4931000,8907000,189830000,16.68,19.07,14.29,0.0998,0.0385,4.66,3.71,38.57,0.3,0.1699,0.8558,0.3732,0.1594,0.24,-0.32,0.8679
1997-09-30,59865248,239460992,4,2868738000,226178000,1792269000,250985000,1076469000,0,0,0,890571000,158323000,17092000,17092000,0.29,None,0.075,82946000,-186839000,101589000,-2304000,13838000,187137000,17.15,18.92,15.38,0.098,0.0384,4.5,3.86,36.88,0.28,0.1769,0.8273,0.3752,0.1615,0.24,-0.44,0.9012
1997-06-30,59678483,238713932,4,2697761000,193234000,1637270000,209781000,1060491000,0,0,0,791973000,138881000,13774000,13774000,0.23,None,0.075,70661000,-188585000,92696000,-25228000,16142000,188793000,14.57,16.41,12.72,0.1082,0.0433,4.44,3.31,30.2,0.27,0.1641,0.7468,0.3931,0.1823,0.24,-0.49,0.9211
1997-03-31,59622013,238488052,4,2580337000,212977000,1531235000,202569000,1049102000,0,0,0,700000000,170506000,34434000,34434000,0.58,None,0.075,94444000,-29937000,-37738000,26769000,41370000,120472000,15.86,18.07,13.65,0.1152,0.0465,4.4,3.73,37.32,0.25,0.1583,0.6672,0.4066,0.1899,0.24,-0.11,1.0514
1996-12-31,59605829,238423316,4,2584030000,269808000,1569950000,285253000,1014080000,0,0,0,731049000,169682000,37627000,37627000,0.63,None,0.08,99750000,-166345000,37781000,-28814000,14601000,166712000,15.55,17.19,13.91,0.1044,0.0421,4.25,3.81,52.27,0.23,0.1798,0.7209,0.3924,0.177,0.24,-0.28,0.9459
1996-09-30,59482995,237931980,4,2366547000,177023000,1395087000,169313000,971460000,0,0,0,701000000,128551000,24949000,24949000,0.42,None,0.075,108657000,-66328000,-16079000,26250000,43415000,108766000,13.96,15.13,12.78,0.0744,0.0302,4.08,3.5,70.68,0.21,0.2585,0.7216,0.4105,0.1351,0.22,-0,1.0455
1996-06-30,59254290,237017160,4,2331460000,162130000,1385270000,153815000,946190000,0,0,0,715155000,135088000,17628000,17628000,0.3,None,0.075,88235000,-81424000,-3036000,3775000,17165000,83325000,14.05,15.1,13,0.0499,0.0204,3.99,3.58,87.81,0.19,0.3915,0.7558,0.4058,0.0943,0.22,0.02,1.0541
1996-03-31,59154516,236618064,4,2295078000,174155000,1367115000,141548000,927963000,0,0,0,720578000,135707000,20516000,20516000,0.35,None,0.075,17899000,-66959000,45360000,-3700000,13390000,68431000,13.04,14.38,11.69,0.0411,0.0169,3.92,3.39,144.89,0.17,0.4804,0.7765,0.4043,0.0803,0.21,-0.21,1.2304
1995-12-31,59037692,236150768,4,2267047000,163198000,1357353000,190473000,909694000,0,0,0,674008000,118014000,6795000,6795000,0.12,None,0.08,103095000,-102370000,8602000,9327000,17090000,157297000,11.86,13.53,10.19,0.0232,0.0096,3.85,3.09,175.7,0.15,0.855,0.7409,0.4013,0.0485,0.2,-0.23,0.8568
1995-09-30,58987099,235948396,4,2151826000,110199000,1245948000,91759000,905878000,0,0,0,669076000,99283000,1107000,1107000,0.02,None,0.075,43345000,-47027000,-160000,-3842000,7763000,52356000,11.44,12.56,10.31,0.018,0.0076,3.84,2.97,106.42,0.13,1.1032,0.7386,0.421,0.0374,0.2,-0.04,1.201
1995-06-30,58923759,235695036,4,2156761000,122144000,1250232000,97401000,906529000,0,0,0,666720000,113890000,9053000,9053000,0.15,None,0.075,29114000,-37219000,6571000,-1534000,11605000,37707000,10.83,11.63,10.03,0.0283,0.0118,3.85,2.84,90.25,0.11,0.7047,0.7355,0.4203,0.0569,0.21,-0.04,1.254
1995-03-31,58904611,235618444,4,2159424000,120262000,1258629000,124776000,900795000,0,0,0,653217000,102827000,4080000,4080000,0.07,None,0.075,72742000,-81751000,15618000,6609000,13139000,83854000,10.16,11.35,8.97,0.0314,None,3.82,2.66,58.06,0.1,0.6384,0.7252,0.4171,0.062,0.21,-0.05,0.9638
1994-12-31,58868895,235475580,4,2142101000,138627000,1242502000,128151000,899599000,0,0,0,629281000,119612000,2049000,2049000,0.03,None,0.08,26887000,-48875000,-27610000,-49352000,6530000,85101000,10.85,12.35,9.35,0.0462,None,3.82,2.86,None,0.08,0.4365,0.6995,0.42,0.0852,0.23,-0.25,1.0817
1994-09-30,58842054,235368216,4,2177209000,159792000,1283157000,132009000,894052000,0,0,0,655576000,111355000,10305000,10305000,0.18,None,0.075,64220000,-113649000,48480000,-457000,55882000,114833000,12.58,14.22,10.94,None,None,3.8,3.34,None,0.06,None,0.7333,0.4106,None,None,-0.22,1.2105
1994-06-30,58787674,235150696,4,2108178000,162586000,1222415000,116664000,885763000,0,0,0,606292000,119536000,11683000,11683000,0.2,None,0.075,77919000,-98020000,42896000,22396000,56339000,131729000,13,14.5,11.5,None,None,3.77,3.49,None,0.04,None,0.6845,0.4202,None,None,-0.23,1.3936
1994-03-31,58747559,234990236,4,2049365000,151516000,1172965000,112767000,876400000,0,0,0,560500000,131973000,17062000,17062000,0.29,None,0.075,70661000,-66804000,12626000,16144000,33943000,91055000,11.55,12.47,10.63,None,None,3.73,3.14,None,0.02,None,0.6395,0.4276,None,None,-0.09,1.3436
1993-12-31,58679544,234718176,4,2022786000,140861000,1158620000,126017000,864166000,0,0,0,542500000,None,None,None,None,None,0,None,None,None,None,17799000,0,11.41,12.94,9.88,None,None,3.68,None,None,0,None,0.6278,0.4272,None,None,None,1.1178
