"Quarter end","Shares","Shares split adjusted","Split factor","Assets","Current Assets","Liabilities","Current Liabilities","Shareholders equity","Non-controlling interest","Preferred equity","Goodwill & intangibles","Long-term debt","Revenue","Earnings","Earnings available for common stockholders","EPS basic","EPS diluted","Dividend per share","Cash from operating activities","Cash from investing activities","Cash from financing activities","Cash change during period","Cash at end of period","Capital expenditures","Price","Price high","Price low","ROE","ROA","Book value of equity per share","P/B ratio","P/E ratio","Cumulative dividends per share","Dividend payout ratio","Long-term debt to equity ratio","Equity to assets ratio","Net margin","Asset turnover","Free cash flow per share","Current ratio"
2006-09-30,254738446,254738446,1,1861739000,916432000,543547000,447905000,1318192000,0,0,550672000,44454000,458230000,23295000,23295000,0.09,0.09,0.01,97360000,-11208000,-61710000,22709000,279863000,5622000,None,None,None,0.0821,0.0564,5.17,None,None,0.19,0.049,0.0337,0.708,0.0578,0.97,0.36,2.046
2006-06-30,253935197,253935197,1,1861346000,897094000,576915000,465662000,1284431000,0,0,548546000,22222000,453089000,27161000,27161000,0.11,0.11,0,66826000,44187000,-13061000,100518000,257154000,2665000,None,None,None,0.079,0.0532,5.06,None,None,0.18,0.0519,0.0173,0.6901,0.0547,0.97,0.25,1.9265
2006-03-31,253761720,253761720,1,1826857000,788870000,579289000,470203000,1247568000,0,0,545834000,33341000,444881000,29476000,29476000,0.12,0.12,0.01,47487000,-9117000,-21551000,17513000,156636000,5481000,None,None,None,0.0336,0.0216,4.92,None,None,0.18,0.1276,0.0267,0.6829,0.0226,0.96,0.17,1.6777
2005-12-31,252984347,252984347,1,1816305000,729719000,609055000,497433000,1207250000,0,0,537581000,44454000,438911000,23900000,23900000,0.09,0.09,0,25126000,-13809000,-26606000,-16716000,139123000,9074000,10.48,12.95,8.01,0.0283,0.0175,4.77,2.23,69.87,0.17,0.1531,0.0368,0.6647,0.0183,0.96,0.06,1.467
2005-09-30,250968840,250968840,1,1805909000,666876000,624590000,499028000,1181319000,0,0,537408000,55566000,441473000,16660000,16660000,0.07,0.07,0.01,41462000,-13410000,-9757000,19683000,155839000,11498000,10.4,12.5,8.3,0.0333,0.0197,4.71,2.37,69.33,0.17,0.1342,0.047,0.6541,0.0207,0.95,0.12,1.3363
2005-06-30,243043059,243043059,1,1870128000,746963000,803997000,673736000,1066131000,0,0,539257000,66679000,427760000,-30481000,-30481000,-0.12,-0.12,0,-27580000,-29502000,-19700000,-82062000,136156000,26975000,12.18,14.8,9.55,0.0357,0.02,4.39,2.69,31.23,0.16,0.1274,0.0625,0.5701,0.0215,0.93,-0.22,1.1087
2005-03-31,242773976,242773976,1,1871268000,709155000,771476000,547379000,1099792000,0,0,539914000,162709000,457487000,22168000,22168000,0.09,0.09,0.01,72652000,-22804000,-44954000,577000,218218000,21077000,16.56,19.12,14,0.0933,0.053,4.53,3.75,50.18,0.16,0.0497,0.1479,0.5877,0.0549,0.96,0.21,1.2955
2004-12-31,242645614,242645614,1,1930369000,742767000,857850000,606782000,1072519000,0,0,542687000,176087000,450535000,28457000,28457000,0.12,0.11,0,58937000,-29364000,-52982000,-13887000,217641000,27776000,15.04,17.5,12.59,0.0818,0.0464,4.42,3.57,53.71,0.15,0.0581,0.1642,0.5556,0.0473,0.98,0.13,1.2241
2004-09-30,240642080,240642080,1,1917776000,761212000,903865000,750640000,1013911000,0,0,552640000,84572000,429152000,17791000,17791000,0.07,0.07,0.01,101977000,-265953000,249759000,87842000,231528000,30193000,13.15,14.75,11.55,0.0723,0.0411,4.21,3.21,50.58,0.15,0.0683,0.0834,0.5287,0.0415,0.99,0.3,1.0141
2004-06-30,239347456,239347456,1,1619787000,669770000,637392000,467610000,982395000,0,0,333731000,107926000,432785000,28771000,28771000,0.12,0.12,0,22816000,-71306000,14811000,-35347000,143686000,18884000,13.6,15.89,11.3,0.0679,0.0395,4.1,3.42,80,0.14,0.0736,0.1099,0.6065,0.039,1.01,0.02,1.4323
2004-03-31,234500056,234500056,1,1589960000,677209000,655575000,488955000,934385000,0,0,335563000,104436000,419651000,6828000,6828000,0.03,0.03,0.01,40789000,-15221000,4082000,29016000,179033000,11171000,15.63,19.37,11.89,0.0455,0.026,3.98,3.97,1563,0.14,0.1132,0.1118,0.5877,0.0263,0.99,0.13,1.385
2003-12-31,233440995,233440995,1,1646518000,734031000,725920000,536223000,920598000,0,0,336196000,99012000,393002000,16174000,16174000,0.06,0.06,0,47277000,-24470000,-514000,29100000,150017000,24140000,14.82,17.7,11.94,0.0037,0.0021,3.94,3.85,None,0.13,1.4034,0.1076,0.5591,0.0022,0.97,0.1,1.3689
2003-09-30,231205860,231205860,1,1554576000,640624000,663567000,501700000,891009000,0,0,345202000,79479000,377110000,11519000,11519000,0.05,0.05,0.01,66179000,-27085000,-17389000,22941000,120917000,11079000,13.21,14.88,11.54,-0.0568,-0.0321,3.85,3.5,None,0.13,None,0.0892,0.5732,None,1.16,0.24,1.2769
2003-06-30,231205860,231205860,1,1526611000,622501000,653915000,512577000,872696000,0,0,336366000,65351000,373819000,6615000,6615000,0.03,0.03,0,49021000,-14563000,-37373000,-611000,97976000,13791000,11.77,14.93,8.62,-0.051,-0.0301,3.77,3.17,None,0.12,None,0.0749,0.5717,None,1.05,0.15,1.2145
2003-03-31,231205860,231205860,1,1561831000,676176000,704377000,578023000,857454000,0,0,336979000,54519000,386347000,-31013000,-31013000,-0.13,-0.13,0.01,71288000,-13150000,-37062000,22466000,98587000,10182000,9.48,10.95,8.01,-0.0762,-0.0466,3.71,2.47,None,0.12,None,0.0636,0.549,None,0.94,0.26,1.1698
2002-12-31,231205860,231205860,1,1572195000,690416000,684456000,474100000,887739000,0,0,338148000,135614000,659867000,-36978000,-36978000,-0.17,-0.17,0,36554000,17680000,-39831000,17109000,76121000,13358000,7.86,10.74,4.98,-0.0409,-0.0259,3.84,1.55,262,0.11,None,0.1528,0.5646,None,0.81,0.1,1.4563
2002-09-30,230564549,230564549,1,1767025000,955475000,595632000,335314000,1171393000,0,0,522654000,197456000,266597000,13056000,13056000,0.06,0.06,0.01,51427000,-24196000,-27795000,331000,69614000,3106000,8.88,11.35,6.4,0.0047,0.003,5.08,1.76,None,0.11,0.8427,0.1686,0.6629,0.0051,0.59,0.21,2.8495
2002-06-30,229457259,229457259,1,1768565000,948114000,609326000,309306000,1159239000,0,0,511048000,237484000,246698000,-22745000,-22745000,-0.1,-0.1,0,46784000,-18717000,-34180000,-2791000,69283000,4645000,9.62,11.25,7.99,-0.037,-0.0233,5.05,1.87,None,0.1,None,0.2049,0.6555,None,0.61,0.18,3.0653
2002-03-31,229293048,229293048,1,1831554000,949677000,654014000,312282000,1177540000,0,0,552912000,282044000,228455000,1752000,1752000,0.01,0.01,0.01,42705000,-18399000,-32759000,-8893000,72074000,9351000,12.05,17.5,6.6,-0.0679,-0.0412,5.14,2.34,None,0.1,None,0.2395,0.6429,None,0.63,0.15,3.0411
2001-12-31,228780699,228780699,1,1892674000,1000208000,711885000,339733000,1180789000,0,0,413308000,310220000,331131000,13394000,13394000,0.07,0.06,0,17193000,-56843000,12048000,-28809000,80967000,24051000,14.1,18.2,10,-0.0451,-0.027,5.16,2.77,None,0.09,None,0.2627,0.6239,None,0.73,-0.03,2.9441
2001-09-30,228384605,228384605,1,1938301000,1125279000,776724000,370188000,1161577000,0,0,528317000,282473000,331191000,-35693000,-35693000,-0.16,-0.16,0.01,99203000,-32007000,-31803000,38443000,109776000,20228000,16.15,22.8,9.5,-0.2037,-0.1193,5.09,3.07,None,0.09,None,0.2432,0.5993,None,0.75,0.35,3.0398
2001-06-30,227625648,227625648,1,2121862000,1198672000,925454000,421373000,1196408000,0,0,530670000,377863000,340210000,-59553000,-59553000,-0.27,-0.27,0,-48935000,-46826000,98387000,682000,71333000,32931000,26.11,32.1,20.11,-0.1495,-0.0884,5.26,4.76,None,0.08,None,0.3158,0.5638,None,0.83,-0.36,2.8447
2001-03-31,226555133,226555133,1,2047070000,1163627000,802899000,400266000,1244171000,0,0,514192000,275216000,450165000,27945000,27945000,0.12,0.12,0.01,-40833000,60829000,-10819000,7240000,70651000,21284000,28.41,37.33,19.5,-0.0703,-0.0431,5.49,5.3,None,0.08,None,0.2212,0.6078,None,0.93,-0.27,2.9071
2000-12-31,149424103,224136154,1.5,2093199000,1078252000,891503000,458038000,1201696000,0,0,386492000,308057000,414832000,-177329000,-177329000,-1.25,-1.25,-0,60389000,-63806000,15925000,13143000,63411000,15029000,24.03,30.99,17.08,-0.0746,-0.0471,5.36,5.74,36.91,0.07,None,0.2564,0.5741,None,0.99,0.2,2.3541
2000-09-30,137606481,206409721,1.5,1357912000,860764000,492376000,218995000,865536000,0,0,262490000,204807000,373249000,40450000,40450000,0.29,0.28,0.015,-10765000,-24193000,46990000,10715000,50268000,21818000,28.97,37.15,20.79,0.1809,0.118,4.19,7.19,47.41,0.07,0.0487,0.2366,0.6374,0.1053,1.12,-0.16,3.9305
2000-06-30,137245433,205868149,1.5,1261001000,764155000,430752000,207561000,830249000,0,0,271678000,150855000,341398000,36177000,36177000,0.26,0.25,0,-37322000,-45735000,102595000,18909000,39553000,25208000,32.9,42.31,23.49,0.1841,0.1206,4.03,8.44,56.94,0.06,0.0367,0.1817,0.6584,0.1043,1.16,-0.3,3.6816
2000-03-31,136657095,204985642,1.5,1139170000,655527000,339939000,201501000,799231000,0,0,271615000,63321000,320011000,31736000,31736000,0.24,0.22,0.0225,-62836000,-35634000,89383000,-9484000,20644000,17681000,34.43,46,22.86,0.1897,0.1234,3.9,10.73,62.98,0.06,0.0534,0.0792,0.7016,0.1032,1.2,-0.39,3.2532
1999-12-31,88672101,199512227,2.25,1047944000,584201000,407484000,232588000,640460000,0,0,195449000,99623000,312467000,33459000,33459000,0.38,0.34,0.02,54342000,-79466000,29845000,4611000,30128000,14207000,21.03,28.89,13.17,0.1977,0.1252,3.21,6.96,41.15,0.05,0.0304,0.1555,0.6112,0.1021,1.23,0.2,2.5117
1999-09-30,88480741,199081667,2.25,935601000,511604000,334637000,199245000,600964000,0,0,222072000,69276000,293030000,30780000,30780000,0.35,0.33,0,55964000,-40295000,-14983000,1277000,25517000,18474000,16.45,18.39,14.5,0.1918,0.1228,3.02,5.73,34.06,0.04,0.0273,0.1153,0.6423,0.0982,1.25,0.19,2.5677
1999-06-30,88235389,198529625,2.25,888040000,485963000,318492000,173531000,569548000,0,0,207208000,82277000,274103000,27783000,27783000,0.32,0.3,0.02,20332000,-19719000,-3172000,-3297000,24240000,19719000,14.25,16.95,11.56,0.1885,0.1208,2.87,5.2,30.83,0.04,0.0288,0.1445,0.6414,0.0962,1.25,0,2.8004
1999-03-31,58717473,198171471,3.375,844726000,466427000,301382000,154238000,543344000,0,0,194226000,85246000,259690000,24342000,24342000,0.41,0.39,0,24372000,-23865000,12512000,11253000,27537000,17641000,15.84,19.22,12.47,0.1871,0.1212,2.74,5.91,35.88,0.03,0.0301,0.1569,0.6432,0.0954,1.27,0.03,3.0241
1998-12-31,58756247,198302333,3.375,838399000,479604000,307471000,184287000,530928000,0,0,159525000,64596000,268804000,24732000,24732000,0.42,0.39,0.02,21133000,-28103000,-13331000,-20715000,16284000,27341000,15.28,18.95,11.61,0.1843,0.1209,2.68,5.83,36.15,0.03,0.0316,0.1217,0.6333,0.0951,1.27,-0.03,2.6025
1998-09-30,58916258,198842370,3.375,805794000,474132000,285754000,214677000,520040000,0,0,175630000,32921000,256806000,25096000,25096000,0.43,0.4,0,19967000,-29463000,28953000,21615000,36999000,22707000,12.97,15.24,10.7,0.1822,0.1212,2.62,5.21,33,0.02,0.0288,0.0633,0.6454,0.0965,1.26,-0.01,2.2086
1998-06-30,58817745,198509889,3.375,734529000,431040000,240715000,175012000,493814000,0,0,162053000,32921000,238981000,23506000,23506000,0.4,0.38,0.03,493000,-16708000,-7221000,-22523000,15384000,23619000,10.73,11.68,9.79,0.1754,0.118,2.49,4.53,29.85,0.02,0.0312,0.0667,0.6723,0.095,1.24,-0.12,2.4629
1998-03-31,58981944,199064061,3.375,696756000,408609000,224345000,152822000,472411000,0,0,161652000,33837000,213310000,19630000,19630000,0.33,0.32,0,1906000,-16835000,-6343000,-22063000,37907000,15667000,8.81,10.26,7.37,0.1665,0.1118,2.37,3.85,25.93,0.01,0.0343,0.0716,0.678,0.0919,1.22,-0.07,2.6738
1997-12-31,39160249,198248760,5.0625,679190000,399952000,225448000,158106000,453742000,0,0,141924000,40301000,206535000,20117000,20117000,0.57,0.49,0.02,53118000,-21400000,-15803000,15369000,59970000,21400000,7.6,8.09,7.11,0.1627,0.109,2.29,3.42,24.1,0.01,0.0363,0.0888,0.6681,0.0907,1.2,0.16,2.5296
1997-09-30,39483870,199887091,5.0625,661803000,401461000,217854000,147612000,443949000,0,0,156808000,43198000,201876000,18496000,18496000,0.45,0.45,0,22239000,-12110000,476000,9877000,44601000,7844000,7.41,8.84,5.98,0.1566,0.1042,2.22,3.53,28.13,0.01,0.027,0.0973,0.6708,0.0879,1.19,0.07,2.7197
1997-06-30,39300018,198956341,5.0625,624131000,366515000,206419000,127468000,417712000,0,0,155652000,43208000,187663000,16174000,16174000,0.4,0.4,0.045,18814000,-7211000,-6607000,4930000,34724000,7911000,6.2,6.77,5.63,0.1356,0.0889,2.1,3.01,24.39,0.01,0.0325,0.1034,0.6693,0.0763,1.17,0.05,2.8753
1997-03-31,39310418,199008991,5.0625,612639000,355853000,201688000,126528000,410951000,0,0,155892000,44109000,178271000,15445000,15445000,0.38,0.38,0,14001000,-7484000,-8697000,-4496000,29794000,5524000,6.49,7.28,5.69,0.1338,0.0869,2.06,3.21,26.64,0,0,0.1073,0.6708,0.0767,1.13,0.04,2.8124
1996-12-31,26102995,198219618,7.59375,614238000,352354000,214562000,130676000,399676000,0,0,137161000,50541000,177302000,15374000,15374000,0.56,0.55,0,17896000,-9265000,-2087000,6336000,34290000,9201000,5.99,6.52,5.46,0.1318,0.0849,2.02,3.1,25.84,0,0,0.1265,0.6507,0.0765,1.11,0.04,2.6964
1996-09-30,25928754,196896475,7.59375,599861000,351089000,220232000,133696000,379629000,0,0,150907000,53705000,170963000,7503000,7503000,0.28,0.28,0,1897000,-26668000,-249000,-24625000,27954000,7350000,5.58,6.17,5,0.1282,0.0825,1.93,2.88,22.3,0,0,0.1415,0.6329,0.0761,1.08,-0.03,2.626
1996-06-30,25924011,196860458,7.59375,593763000,357925000,211104000,135190000,382659000,0,0,140552000,53705000,159328000,14290000,14290000,0.53,0.53,0,5563000,-11430000,5144000,-881000,52579000,8430000,5.47,6.32,4.62,0.1422,0.0924,1.94,2.94,23.08,0,0,0.1403,0.6445,0.0863,1.07,-0.01,2.6476
1996-03-31,25648000,194764500,7.59375,559075000,327610000,196135000,117192000,362940000,0,0,138821000,54479000,149082000,13089000,13089000,0.49,0.49,0,8499000,-13779000,-4664000,-10190000,53460000,9699000,4.75,5.3,4.2,0.1391,None,1.86,2.62,21.09,0,0,0.1501,0.6492,0.0852,1.07,-0.01,2.7955
1995-12-31,25621181,194560843,7.59375,544268000,316555000,191414000,106703000,352854000,0,0,117392000,60829000,143465000,12485000,12485000,0.47,0.46,0,25667000,-11985000,-9718000,3807000,63650000,11977000,4.57,5.27,3.87,0.136,None,1.81,2.6,None,0,0,0.1724,0.6483,0.0837,1.07,0.07,2.9667
1995-09-30,25811000,196002281,7.59375,524380000,308037000,179200000,90820000,345180000,0,0,137773000,63852000,142811000,11468000,11468000,0.42,0.42,0,18538000,-5365000,-8291000,4751000,59843000,5365000,4.84,5.35,4.33,None,None,1.76,2.8,None,0,None,0.185,0.6583,None,None,0.07,3.3917
1995-06-30,25997000,197414718,7.59375,511744000,296524000,169246000,79702000,342498000,0,0,137072000,63852000,137629000,11781000,11781000,0.43,0.43,0,21438000,-14800000,13691000,20762000,55092000,11302000,4.55,5.33,3.77,None,None,1.73,2.72,None,0,None,0.1864,0.6693,None,None,0.05,3.7204
1995-03-31,25733000,195409968,7.59375,486799000,278879000,159940000,78802000,326859000,0,0,136787000,57094000,131258000,10752000,10752000,0.4,0.4,0,8770000,-3371000,-2799000,2941000,34330000,3377000,3.67,4.12,3.21,None,None,1.67,2.27,None,0,None,0.1747,0.6714,None,None,0.03,3.539
1994-12-31,25720085,195311895,7.59375,474213000,266122000,158046000,74299000,316167000,0,0,117346000,59884000,None,None,None,None,None,0,None,None,None,None,31389000,0,4.08,4.53,3.64,None,None,1.62,None,None,0,None,0.1894,0.6667,None,None,None,3.5818
