"Quarter end","Shares","Shares split adjusted","Split factor","Assets","Current Assets","Liabilities","Current Liabilities","Shareholders equity","Non-controlling interest","Preferred equity","Goodwill & intangibles","Long-term debt","Revenue","Earnings","Earnings available for common stockholders","EPS basic","EPS diluted","Dividend per share","Cash from operating activities","Cash from investing activities","Cash from financing activities","Cash change during period","Cash at end of period","Capital expenditures","Price","Price high","Price low","ROE","ROA","Book value of equity per share","P/B ratio","P/E ratio","Cumulative dividends per share","Dividend payout ratio","Long-term debt to equity ratio","Equity to assets ratio","Net margin","Asset turnover","Free cash flow per share","Current ratio"
2019-06-30,174597753,174597753,1,11113291000,None,2318781000,None,8768934000,25576000,3737500000,210178000,0,710950000,370056000,306411000,1.76,1.76,2,541610000,-219898000,-179280000,142428000,383831000,219948000,230.14,247.63,212.65,0.2916,0.1558,28.82,7.96,26.7,61.65,0.9555,0,0.4527,0.522,0.26,1.84,None
2019-03-31,174521922,174521922,1,10875016000,None,1780395000,None,9069821000,24800000,4025000000,210459000,1406150000,689038000,366521000,301743000,1.73,1.73,2,473584000,-193245000,-423005000,-142616000,241403000,193199000,209.97,226.06,193.89,0.3024,0.1604,28.91,7.19,24.59,59.65,0.9284,0.2787,0.4639,0.5419,0.26,1.61,None
2018-12-31,174498758,174498758,1,10928270000,None,1783542000,None,9119478000,25250000,4025000000,209856000,1412283000,692460000,586205000,530102000,3.05,3.04,2,483167000,-152198000,-402034000,-71093000,384019000,152198000,205.39,216.7,194.09,0.3023,0.159,29.19,7.35,27.72,57.65,0.9367,0.2772,0.4662,0.5406,0.26,1.9,None
2018-09-30,174364490,174364490,1,10747940000,None,1827918000,None,8895091000,24931000,4025000000,209317000,1417945000,706368000,378027000,322679000,1.85,1.85,2,600426000,-106915000,-399673000,93682000,455112000,198842000,217.03,234.9,199.15,0.2649,0.1413,27.93,7.76,30.27,55.65,1.0783,0.2912,0.4531,0.4729,0.26,2.3,None
2018-06-30,174240424,174240424,1,10692962000,None,1772170000,None,8895806000,24986000,4025000000,207390000,1420834000,685528000,403802000,348300000,2,2,2,519391000,-139765000,-404235000,-24571000,361430000,139765000,211.06,230.09,192.02,0.2556,0.1393,27.95,7.56,31.22,53.65,1.1148,0.2917,0.4555,0.4605,0.25,2.18,None
2018-03-31,174229383,174229383,1,10685520000,None,1769730000,None,8891003000,24787000,4025000000,210733000,1442911000,669924000,342997000,287819000,1.66,1.65,2,458519000,-114900000,-413646000,-70052000,386001000,114900000,195.32,210.17,180.48,0.2399,0.1356,27.93,6.92,29.02,51.65,1.1822,0.2965,0.4554,0.4376,0.25,1.97,None
2017-12-31,174215770,174215770,1,10732892000,None,1768523000,None,8940009000,24360000,4025000000,214957000,1431322000,672308000,389399000,334080000,1.93,1.91,2,473160000,-342657000,-397607000,-267065000,456053000,338495000,208.75,219.37,198.12,0.237,0.1375,28.21,7.4,30.47,49.65,1.1883,0.2912,0.4579,0.439,0.25,0.77,None
2017-09-30,174041219,174041219,1,10765694000,None,1806274000,None,8936190000,23230000,4025000000,205868000,1425854000,686361000,356674000,279717000,1.61,1.61,2,537192000,-151775000,-49389000,335967000,694233000,155909000,206,219.86,192.15,0.2392,0.1419,28.22,7.24,29.34,47.65,1.1686,0.2903,0.4562,0.4496,0.26,2.19,None
2017-06-30,174002754,174002754,1,10365727000,None,1203701000,None,9139087000,22939000,4187500000,207203000,420778000,664312000,353702000,276681000,1.59,1.59,2,506244000,-127281000,-141435000,237407000,358266000,127329000,217.11,232.21,202,0.2435,0.1461,28.46,7.55,30.84,45.65,1.1112,0.085,0.4777,0.4647,0.26,2.18,None
2017-03-31,173845894,173845894,1,10083911000,None,690404000,None,9363514000,29993000,4367500000,209593000,395862000,645547000,342442000,281131000,1.62,1.62,2,459083000,-118141000,-403788000,-62829000,120859000,118121000,221.88,231.25,212.5,0.2432,0.1477,28.74,7.64,32.58,43.65,1.0781,0.0792,0.4954,0.4717,0.26,1.96,None
2016-12-31,173638361,173638361,1,10130338000,None,688684000,None,9411910000,29744000,4367500000,212719000,390749000,651427000,413739000,352812000,2.04,2.03,2,465296000,-261167000,-77472000,126475000,183688000,257435000,212.53,224.4,200.65,0.2344,0.1451,29.05,7.31,32.6,41.65,1.0697,0.0775,0.498,0.4624,0.26,1.2,None
2016-09-30,173440267,173440267,1,9865769000,None,776626000,None,9059656000,29487000,4017500000,212548000,430892000,663148000,367305000,308957000,1.78,1.78,1.8,515326000,-167764000,-550543000,-202911000,57213000,152598000,236.76,260.83,212.69,0.2238,0.1414,29.07,8.14,37.46,39.65,1.0701,0.0855,0.5111,0.4518,0.25,2.09,None
2016-06-30,173401388,173401388,1,9997137000,None,1230104000,None,8737753000,29280000,3692500000,213396000,436835000,634188000,356659000,280775000,1.62,1.61,1.8,523734000,-125117000,-444545000,-45581000,260124000,192537000,256.29,277.6,234.98,0.2162,0.1393,29.1,8.77,41.14,37.85,1.0885,0.0866,0.5047,0.4456,0.25,1.91,None
2016-03-31,173382028,173382028,1,10064347000,None,986834000,None,9048766000,28747000,3980000000,212506000,611478000,611786000,315873000,241335000,1.4,1.39,1.7,440980000,-162678000,-76266000,201420000,305705000,163961000,250.77,276.83,224.71,0.2123,0.1375,29.23,8.49,41.31,36.05,1.0887,0.1206,0.5036,0.4463,0.25,1.6,None
2015-12-31,173269371,173269371,1,9778232000,None,580594000,None,9170641000,26997000,4055000000,193400000,0,600799000,363490000,303003000,1.76,1.74,1.7,434532000,-154019000,-212506000,68617000,104285000,153767000,232.4,253.93,210.87,0.2064,0.135,29.52,7.89,38.93,34.35,1.0683,0,0.5232,0.4421,0.25,1.62,None
2015-09-30,173155582,173155582,1,9654815000,None,476207000,None,9152118000,26490000,4055000000,193400000,0,618872000,339568000,273508000,1.58,1.58,1.7,472035000,-98112000,-358481000,15412000,35668000,95968000,200.04,217.99,182.08,0.2022,0.1332,29.44,6.79,34.91,32.65,1.0371,0,0.5279,0.4406,0.24,2.17,None
2015-06-30,172967347,172967347,1,9634758000,None,329097000,None,9279369000,26292000,4180000000,193400000,0,592631000,326405000,263926000,1.53,1.52,1.7,456843000,-93827000,-495105000,-132541000,20256000,112791000,191.75,200.6,182.91,0.1938,0.1285,29.48,6.5,35.05,30.95,1.0277,0,0.5293,0.4315,0.24,1.99,None
2015-03-31,172895881,172895881,1,9772017000,None,468096000,None,9277895000,26026000,4180000000,193400000,0,569394000,281781000,212613000,1.23,1.23,1.4,369191000,-94147000,-309513000,-34915000,152797000,93609000,195.99,206.92,185.05,0.1844,0.1224,29.49,6.57,37.33,29.25,1.0219,0,0.5217,0.4217,0.23,1.59,None
2014-12-31,172808464,172808464,1,9818676000,None,311505000,None,9480796000,26375000,4325000000,193400000,0,566147000,346715000,283957000,1.65,1.64,1.4,453609000,-222778000,-142447000,89460000,187712000,225545000,177.62,190.19,165.05,0.1762,0.1171,29.84,5.98,35.38,27.85,1.0648,0,0.5251,0.4137,0.22,1.32,None
2014-09-30,172725666,172725666,1,9624468000,None,332093000,None,9266430000,25945000,4135000000,193400000,0,571596000,293459000,231815000,1.34,1.34,1.4,427103000,-91939000,-624374000,-289731000,98252000,300126000,170.3,178.26,162.34,0.1678,0.1118,29.71,5.71,33.92,26.45,1.113,0,0.5332,0.4051,0.22,0.74,None
2014-06-30,172640278,172640278,1,9946457000,None,634972000,None,9285238000,26247000,4135000000,193400000,0,538037000,276834000,218352000,1.27,1.26,1.4,395337000,-71348000,-36685000,286871000,387983000,73488000,172.06,176.72,167.41,0.1671,0.1123,29.83,5.74,34.69,25.05,1.0828,0,0.5178,0.4164,0.22,1.86,None
2014-03-31,172539982,172539982,1,9682582000,None,682758000,None,8973401000,26423000,3797500000,193400000,0,519624000,227196000,174052000,1.01,1.01,1.4,330709000,173069000,-421909000,81943000,101112000,38653000,160.07,172.11,148.04,0.1648,0.1131,30,5.27,32.73,23.65,1.0651,0,0.5346,0.422,0.21,1.69,None
2013-12-31,172120701,172120701,1,9876266000,None,1057411000,None,8791730000,27125000,3562500000,193400000,0,513511000,296569000,243749000,1.42,1.41,1.4,390676000,-865731000,437233000,-37796000,19169000,796748000,161.91,176.68,147.14,0.1626,0.1131,30.38,5.34,34.45,22.25,1.0487,0,0.5295,0.4263,0.21,-2.36,None
2013-09-30,172066884,172066884,1,9149940000,None,343151000,None,8778944000,27845000,3562500000,193400000,0,511957000,284198000,231361000,1.35,1.34,1.25,367094000,-441898000,-280557000,-353945000,56965000,414462000,158.88,168.3,149.46,0.1558,0.1137,30.32,5.28,35,20.85,1.0287,0,0.5701,0.4217,0.21,-0.28,None
2013-06-30,172007072,172007072,1,9094598000,None,330391000,None,8736106000,28101000,3562500000,193400000,0,485378000,260463000,207685000,1.21,1.2,1.25,363230000,-63348000,-286775000,12658000,410910000,63242000,156.85,168.66,145.04,0.1511,0.111,30.08,5.22,38.16,19.6,1.0332,0,0.5689,0.4151,0.21,1.74,None
2013-03-31,171858839,171858839,1,9101551000,None,347548000,None,8725563000,28440000,3562500000,193400000,0,470900000,211223000,161936000,0.94,0.94,1.25,309339000,-41416000,113939000,381013000,398252000,49137000,151.15,157.95,144.35,0.1372,0.1039,30.04,4.94,38.76,18.35,1.1061,0,0.5673,0.3807,0.2,1.51,None
2012-12-31,171728085,171728085,1,8793403000,None,670539000,None,8093756000,29108000,2837500000,193400000,0,453739000,271371000,209543000,1.23,1.22,1.1,329904000,-102726000,-745319000,-518513000,17239000,96206000,141.62,148.17,135.07,0.1304,0.1025,30.61,4.77,38.91,17.1,1.1275,0,0.5977,0.3666,0.2,1.36,None
2012-09-30,171648540,171648540,1,9288120000,None,957974000,None,8300626000,29520000,3200000000,193400000,0,472931000,263892000,202465000,1.19,1.18,1.1,349978000,-63093000,-189884000,97277000,535752000,77747000,145.27,152.68,137.86,0.122,0.0965,29.72,4.92,46.12,16,1.1674,0,0.5492,0.3435,0.2,1.59,None
2012-06-30,171564965,171564965,1,9178947000,None,1011178000,None,8137608000,30161000,3072325000,193400000,0,457440000,198143000,132343000,0.77,0.77,1.1,326287000,-70351000,-438219000,-181604000,438475000,72742000,138.13,146.49,129.77,0.1052,0.0891,29.52,4.63,43.85,14.9,1.3014,0,0.5518,0.3003,0.2,1.48,None
2012-03-31,171489939,171489939,1,9406312000,None,1062379000,None,8321727000,22206000,3200450000,193400000,0,442619000,205852000,125343000,0.74,0.73,1.1,279490000,-54295000,256117000,481071000,620079000,57245000,135.26,141.48,129.04,0.1038,0.0898,29.86,4.48,41.11,13.8,1.2541,0,0.5445,0.3037,0.19,1.3,None
2011-12-31,171286803,171286803,1,8932562000,None,609280000,None,8288209000,35073000,3111271000,193400000,0,444715000,220151000,164223000,0.96,0.96,0.95,294659000,20904000,-336634000,-21725000,139008000,31512000,120.04,136.67,103.42,0.1072,0.0897,30.22,3.97,39.49,12.7,1.1106,0,0.5796,0.3206,0.19,1.54,None
2011-09-30,171059012,171059012,1,9085543000,None,663313000,None,8385762000,36468000,3216271000,193458000,0,452725000,191139000,117950000,0.7,0.69,0.95,326329000,91999000,-401449000,16246000,160733000,45473000,113.29,124.81,101.77,0.0985,0.0845,30.22,3.65,33.03,11.75,1.1514,0,0.569,0.3007,0.19,1.64,None
2011-06-30,170663565,170663565,1,9272336000,None,677388000,None,8553194000,41754000,3253527000,208592000,0,434844000,206444000,131515000,0.78,0.77,0.95,317645000,90269000,-408939000,-618000,144487000,47027000,113.6,120,107.21,0.1101,0.0883,31.05,3.64,37.74,10.8,0.9795,0,0.5716,0.3439,0.18,1.59,None
2011-03-31,170633705,170633705,1,9435521000,None,672651000,None,8717565000,45305000,3396027000,210500000,0,419818000,206108000,148059000,0.87,0.87,0.8,264819000,-284527000,-291524000,-311147000,145105000,42157000,106.66,113.36,99.96,0.0971,0.0791,31.19,3.44,45.39,9.85,1.0638,0,0.564,0.3072,0.17,1.3,None
2010-12-31,170435633,170435633,1,9495333000,None,774186000,None,8676598000,44549000,3396027000,216725000,0,418238000,183685000,121397000,0.71,0.71,0.8,271507000,-26563000,-302989000,-57227000,456252000,28289000,100.36,106.12,94.6,0.0758,0.0699,30.98,3.23,43.07,9.05,1.3004,0,0.5561,0.2424,0.17,1.43,None
2010-09-30,170325428,170325428,1,9651410000,None,833147000,None,8672076000,146187000,3379777000,220438000,0,422765000,239354000,182206000,1.08,1.08,0.8,296102000,-55139000,-200778000,39143000,513479000,57707000,94.69,104.35,85.04,0.0742,0.0691,31.07,3.09,41.53,8.25,1.2043,0,0.5483,0.2423,0.17,1.4,None
2010-06-30,170109887,170109887,1,9569513000,None,825034000,None,8598390000,146089000,3389777000,224696000,0,407663000,125038000,60837000,0.36,0.35,0.8,292490000,-78700000,-459081000,-245646000,474336000,91332000,92.81,100.58,85.04,0.0719,0.0686,30.62,2.99,34,7.45,1.1202,0,0.5443,0.2384,0.17,1.18,None
2010-03-31,169833053,169833053,1,9744471000,None,922914000,None,8676023000,145534000,3399777000,211998000,0,398056000,123961000,34738000,0.21,0.21,0.65,233122000,-106203000,-169861000,-43807000,719982000,9666000,84.47,94.2,74.74,0.0849,0.0824,31.07,2.59,24.34,6.65,0.8459,0,0.5415,0.2846,0.17,1.32,None
2009-12-31,169597834,169597834,1,9805645000,None,731142000,None,8928407000,146096000,3399777000,212904000,0,402879000,181138000,117491000,0.7,0.69,0.55,275328000,-16249000,-165755000,92861000,763789000,13039000,77.93,85.1,70.76,0.1076,0.0857,32.6,2.4,22.2,6,0.6365,0,0.5638,0.36,0.17,1.55,None
2009-09-30,169539239,169539239,1,9809375000,None,758123000,None,8904106000,147146000,3399777000,214000000,0,412864000,237309000,173493000,1.03,1.03,0.55,295281000,-46090000,-163107000,86068000,670928000,35231000,70.41,79.47,61.35,0.1095,0.0824,32.47,2.21,24.28,5.45,0.8042,0,0.5611,0.3584,0.17,1.53,None
2009-06-30,169513148,169513148,1,9703836000,None,744137000,None,8812993000,146706000,3399777000,215145000,0,406893000,262745000,135487000,0.8,0.8,0.55,282723000,-27679000,-163810000,91460000,584860000,27681000,61.14,68.97,53.32,0.0911,0.0715,31.93,1.94,24.46,4.9,0.9717,0,0.5578,0.2923,0.17,1.5,None
2009-03-31,169489966,169489966,1,9626497000,None,737808000,None,8742692000,145997000,3399777000,224382000,0,405066000,153429000,159495000,0.95,0.95,0.55,259525000,-1391000,-445729000,-187301000,493400000,566000,62.61,79.88,45.35,0.0784,0.0576,31.52,2.01,14.94,4.35,1.1269,0,0.555,0.2494,0.17,1.53,None
2008-12-31,169464401,169464401,1,9936045000,None,856164000,None,8715464000,364417000,3424327000,226639000,0,421815000,151690000,121688000,0.72,0.73,1.15,262721000,4707000,-376341000,-108593000,680701000,21454000,79.2,105.87,52.52,0.1311,0.0921,31.22,2.48,None,3.8,0.6696,0,0.5325,0.4057,0.17,1.42,None
2008-09-30,169399441,169399441,1,10195243000,None,901396000,None,8929395000,364452000,3527500000,229978000,0,436890000,137331000,71642000,0.43,0.42,0.55,293939000,-115255000,-163874000,14292000,789294000,68925000,88.74,102.48,75,None,None,31.89,2.76,None,2.65,None,0,0.5298,None,None,1.33,None
2008-06-30,169231072,169231072,1,10252746000,None,913536000,None,8975834000,363376000,3527500000,236332000,0,424138000,133813000,68124000,0.41,0.4,0.55,272517000,-61289000,-163156000,48070000,775002000,61166000,88.43,98.01,78.85,None,None,32.19,2.74,None,2.1,None,0,0.5314,None,None,1.25,None
2008-03-31,169147565,169147565,1,10247765000,None,889523000,None,8995531000,362711000,3527500000,246362000,0,462764000,512342000,446653000,2.65,2.64,0.55,230078000,511855000,-262989000,481488000,726932000,30985000,80.32,94.98,65.66,None,None,32.33,2.62,None,1.55,None,0,0.5336,None,None,1.18,None
2007-12-31,170599924,170599924,1,10643102000,None,1373285000,None,8763129000,506688000,3527500000,348379000,0,None,None,None,None,None,0,261613000,-56028000,-129644000,76858000,245444000,56349000,77.94,85.58,70.29,None,None,30.69,2.54,None,1,None,0,0.4919,None,None,1.2,None
2007-09-30,170559969,170559969,1,10629623000,None,1364993000,None,8757858000,506772000,3527500000,396802000,0,468960000,152766000,87077000,0.51,0.51,0.5,272469000,-99013000,-58476000,121843000,168586000,98628000,75.1,82.11,68.09,None,None,30.67,2.46,None,1,None,0,0.4921,None,None,1.02,None
2007-06-30,170513010,170513010,1,10477108000,None,1415353000,None,8558631000,503124000,3355000000,434649000,0,449148000,77104000,14433000,0.09,0.08,0.5,None,None,None,None,46743000,0,86.82,99.36,74.28,None,None,30.52,None,None,0.5,None,0,0.4967,None,None,None,None
