"Quarter end","Shares","Shares split adjusted","Split factor","Assets","Current Assets","Liabilities","Current Liabilities","Shareholders equity","Non-controlling interest","Preferred equity","Goodwill & intangibles","Long-term debt","Revenue","Earnings","Earnings available for common stockholders","EPS basic","EPS diluted","Dividend per share","Cash from operating activities","Cash from investing activities","Cash from financing activities","Cash change during period","Cash at end of period","Capital expenditures","Price","Price high","Price low","ROE","ROA","Book value of equity per share","P/B ratio","P/E ratio","Cumulative dividends per share","Dividend payout ratio","Long-term debt to equity ratio","Equity to assets ratio","Net margin","Asset turnover","Free cash flow per share","Current ratio"
2019-06-30,744929499,744929499,1,17029000000,1696000000,8305000000,1223000000,8724000000,0,0,0,6153000000,1692000000,128000000,128000000,0.17,0.17,0.34,396000000,-83000000,-360000000,-47000000,212000000,84000000,24.96,27.57,22.35,0.0001,0.0001,11.71,2.11,99.84,45.84,1015.0495,0.7053,0.5123,0.0001,0.4,0.42,1.3868
2019-03-31,744786160,744786160,1,17132000000,1774000000,8331000000,1201000000,8801000000,0,0,0,6156000000,1643000000,-289000000,-289000000,-0.39,-0.39,0.34,-14000000,212000000,-273000000,-75000000,259000000,59000000,24.26,27.6,20.91,0.021,0.0109,11.82,2,24.51,45.5,5.2854,0.6995,0.5137,0.0262,0.42,-0.1,1.4771
2018-12-31,746524000,746524000,1,17249000000,1602000000,8203000000,1939000000,9046000000,0,0,0,5419000000,1636000000,-93000000,-93000000,-0.12,-0.12,0.34,292000000,-176000000,-130000000,-14000000,334000000,142000000,26.45,32.37,20.52,0.0823,0.0424,12.12,2.19,17.99,45.16,1.3279,0.599,0.5244,0.1001,0.42,0.2,0.8262
2018-09-30,749200027,749200027,1,17427000000,1714000000,8370000000,1273000000,9057000000,0,0,40000000,5921000000,1910000000,255000000,255000000,0.34,0.34,0.34,87000000,-115000000,-525000000,-553000000,348000000,105000000,34.77,37.44,32.11,0.1228,0.0623,12.09,2.84,26.75,44.82,0.8825,0.6537,0.5197,0.1451,0.43,-0.02,1.3464
2018-06-30,757679561,757679561,1,18048000000,2228000000,8767000000,1022000000,9281000000,0,0,40000000,5924000000,2065000000,317000000,317000000,0.42,0.42,0.32,597000000,-73000000,-221000000,303000000,901000000,97000000,36.32,38.39,34.25,0.109,0.0545,12.25,3.06,39.91,44.48,0.9733,0.6383,0.5142,0.1294,0.42,0.66,2.18
2018-03-31,757013955,757013955,1,17885000000,1919000000,8894000000,911000000,8991000000,0,0,40000000,5928000000,1865000000,269000000,269000000,0.35,0.35,0.32,136000000,-76000000,-286000000,-226000000,598000000,79000000,35.45,37.89,33.02,0.0771,0.0379,11.88,3.01,46.04,44.16,1.3712,0.6593,0.5027,0.0942,0.4,0.08,2.1065
2017-12-31,756097841,756097841,1,18059000000,1715000000,9160000000,1165000000,8899000000,0,0,40000000,5930000000,1823000000,271000000,271000000,0.36,0.36,0.32,354000000,175000000,-202000000,327000000,824000000,354000000,35.42,36.92,33.92,0.0642,0.0313,11.77,2.96,31.07,43.84,1.6193,0.6664,0.4928,0.0809,0.39,0,1.4721
2017-09-30,754829417,754829417,1,18402000000,1517000000,9357000000,1023000000,9045000000,0,0,40000000,5933000000,1872000000,130000000,130000000,0.17,0.17,0.31,323000000,298000000,-825000000,-204000000,497000000,-314000000,32.7,34.46,30.95,0.0944,0.0456,11.98,2.71,25.75,43.52,1.082,0.6559,0.4915,0.1318,0.35,0.84,1.4829
2017-06-30,752940643,752940643,1,18990000000,2088000000,9900000000,1524000000,9090000000,0,0,40000000,5936000000,1808000000,24000000,24000000,0.03,0.03,0.31,489000000,-38000000,-205000000,246000000,701000000,83000000,33.89,35.5,32.28,0.1046,0.0491,12.07,2.76,23.37,43.21,0.9704,0.653,0.4787,0.1504,0.33,0.54,1.3701
2017-03-31,751932664,751932664,1,19001000000,1465000000,9786000000,1022000000,9215000000,0,0,40000000,6263000000,1693000000,157000000,157000000,0.21,0.21,0.31,35000000,-68000000,-188000000,-221000000,455000000,67000000,32.13,34.37,29.88,0.1181,0.0543,12.26,2.62,23.8,42.9,0.851,0.6797,0.485,0.1755,0.31,-0.04,1.4335
2016-12-31,748998273,748998273,1,19243000000,1622000000,10063000000,1206000000,9180000000,0,0,40000000,6329000000,1166000000,551000000,551000000,0.74,0.73,0.31,-151000000,1968000000,-1920000000,-103000000,676000000,482000000,30.93,33.28,28.58,0.1056,0.0489,12.26,2.52,42.37,42.59,0.9232,0.6894,0.4771,0.1579,0.3,-0.85,1.3449
2016-09-30,748058329,748058329,1,20946000000,3356000000,11756000000,3327000000,9190000000,0,0,40000000,6329000000,1709000000,227000000,227000000,0.3,0.3,0.31,347000000,217000000,-277000000,287000000,779000000,-165000000,31.34,33.17,29.52,0.0608,0.0283,12.29,2.49,40.18,42.28,1.6644,0.6887,0.4387,0.074,0.36,0.68,1.0087
2016-06-30,748731669,748731669,1,21989000000,3328000000,12559000000,1557000000,9430000000,0,14000000,40000000,8013000000,1655000000,168000000,157000000,0.21,0.21,0.31,492000000,350000000,-765000000,77000000,492000000,90000000,29.55,32.56,26.55,0.0634,0.0295,12.58,2.15,35.6,41.97,1.6743,0.851,0.4282,0.0662,0.41,0.54,2.1374
2016-03-31,747073616,747073616,1,21779000000,1830000000,11498000000,984000000,10281000000,0,14000000,40000000,9149000000,1835000000,81000000,70000000,0.11,0.11,0.31,47000000,24000000,-668000000,-597000000,415000000,9000000,26.72,31.38,22.06,0.071,0.0324,13.74,2.81,30.02,41.66,1.5775,0.8911,0.4714,0.0614,0.48,0.05,1.8598
2015-12-31,510492965,510492965,1,12486000000,2174000000,7617000000,875000000,4869000000,0,14000000,40000000,5402000000,1734000000,70000000,59000000,0.11,0.11,0.31,339000000,-163000000,-212000000,-36000000,1012000000,183000000,29.73,32.72,26.73,0.0941,0.0395,9.51,3.12,27.03,41.35,1.3329,1.1127,0.3888,0.0652,0.55,0.31,2.4846
2015-09-30,510577991,510577991,1,12820000000,2502000000,7942000000,898000000,4878000000,0,14000000,40000000,5402000000,1820000000,191000000,180000000,0.35,0.35,0.31,282000000,-113000000,-242000000,-73000000,1048000000,113000000,29.55,32.34,26.76,0.1134,0.0478,9.53,3.09,10.19,41.04,1.0717,1.1106,0.3794,0.0826,0.53,0.33,2.7862
2015-06-30,514193591,514193591,1,12883000000,2517000000,7958000000,919000000,4925000000,0,14000000,40000000,5402000000,1807000000,144000000,133000000,0.26,0.26,0.29,366000000,-92000000,-311000000,-37000000,1121000000,104000000,32.13,33.19,31.06,0.2929,0.121,9.55,3.32,10.33,40.73,0.3914,1.1,0.3812,0.2208,0.53,0.51,2.7388
2015-03-31,517745024,517745024,1,13009000000,2652000000,7982000000,852000000,5027000000,0,14000000,40000000,5402000000,1721000000,101000000,90000000,0.17,0.17,0.29,77000000,-119000000,-380000000,-422000000,1158000000,119000000,34.89,37.04,32.74,0.2909,0.1254,9.68,3.46,10.74,40.44,0.3379,1.0776,0.3853,0.2366,0.51,-0.08,3.1127
2014-12-31,524997504,524997504,1,13457000000,3033000000,8153000000,918000000,5304000000,0,14000000,40000000,5402000000,1540000000,188000000,166000000,0.31,0.32,0.29,304000000,-124000000,-220000000,-40000000,1580000000,148000000,34.25,36.88,31.61,0.2846,0.1279,10.08,3.07,11.38,40.15,0.3082,1.0212,0.3931,0.2407,0.52,0.3,3.3039
2014-09-30,524363555,524363555,1,13440000000,3012000000,7584000000,957000000,5856000000,0,14000000,40000000,5402000000,1915000000,1164000000,1153000000,2.17,2.15,0.29,353000000,624000000,-265000000,712000000,1620000000,108000000,32.84,34.6,31.09,0.2535,0.1172,11.14,2.45,29.06,39.86,0.3124,0.9247,0.4347,0.2072,0.56,0.47,3.1473
2014-06-30,528304790,528304790,1,15706000000,3290000000,8563000000,1069000000,7092000000,51000000,14000000,40000000,5402000000,1964000000,291000000,280000000,0.48,0.47,0.22,322000000,-93000000,-101000000,128000000,908000000,93000000,30.37,33.26,27.48,0.1025,0.0462,13.4,2.6,30.07,39.57,0.7312,0.7632,0.4507,0.0818,0.56,0.43,3.0776
2014-03-31,585007241,585007241,1,14505000000,2315000000,7620000000,1072000000,6852000000,33000000,14000000,40000000,5407000000,1984000000,183000000,183000000,0.31,0.31,0.22,109000000,-46000000,-118000000,-55000000,780000000,46000000,30.11,31.59,28.63,0.0943,0.0411,11.69,2.59,31.36,39.35,0.8336,0.7907,0.4714,0.0703,0.59,0.11,2.1595
2013-12-31,583829677,583829677,1,14498000000,2326000000,7666000000,1128000000,6795000000,37000000,14000000,42000000,5407000000,2256000000,66000000,66000000,0.07,0.08,0.22,348000000,-111000000,-799000000,-562000000,835000000,129000000,30.01,32,28.01,0.0982,0.0398,11.61,2.88,26.32,39.13,0.8281,0.7974,0.4677,0.066,0.6,0.38,2.0621
2013-09-30,582755568,582755568,1,15609000000,None,9492000000,None,6078000000,39000000,14000000,42000000,6084000000,2181000000,157000000,157000000,0.27,0.27,0.22,343000000,-1647000000,339000000,-965000000,1397000000,75000000,28.25,29.86,26.64,0.1265,0.0469,10.41,2.81,25.92,38.91,0.6723,1.0033,0.3885,0.0774,0.61,0.46,None
2013-06-30,582274481,582274481,1,13908000000,None,8002000000,None,5868000000,38000000,14000000,42000000,4466000000,2141000000,196000000,196000000,0.36,0.35,0.2,374000000,-29000000,1378000000,1723000000,2362000000,47000000,29.81,33.24,26.38,0.1297,0.0467,10.05,3.85,33.49,38.69,0.6389,0.7629,0.4209,0.0763,0.61,0.56,None
2013-03-31,547668994,547668994,1,12510000000,None,8234000000,None,4244000000,32000000,0,40000000,4633000000,1951000000,144000000,144000000,0.26,0.26,0.17,-61000000,-42000000,-156000000,-259000000,639000000,42000000,30.05,31.74,28.36,0.1159,0.0391,7.75,4.02,42.32,38.49,0.7121,1.0917,0.3392,0.0649,0.6,-0.19,None
2012-12-31,544262350,544262350,1,12592000000,None,8479000000,None,4070000000,43000000,0,40000000,4633000000,2000000000,143000000,143000000,0.26,0.26,0.17,252000000,89000000,-51000000,290000000,898000000,66000000,26.75,28.52,24.99,0.0917,0.0309,7.48,3.34,46.93,38.32,0.8702,1.1383,0.3232,0.0545,0.57,0.34,None
2012-09-30,541532100,541532100,1,12338000000,None,7985000000,None,4340000000,13000000,0,40000000,4631000000,1772000000,117000000,117000000,0.22,0.22,0.15,122000000,-166000000,-209000000,-253000000,608000000,104000000,24.66,27.15,22.16,0.0723,0.0246,8.01,3.17,38.53,38.15,1.0521,1.0671,0.3518,0.0471,0.52,0.03,None
2012-06-30,537767552,537767552,1,12475000000,None,8278000000,None,4186000000,11000000,0,40000000,5066000000,1793000000,84000000,84000000,0.15,0.15,0.15,267000000,-58000000,-76000000,133000000,861000000,57000000,20.52,22.36,18.69,0.0796,0.0275,7.78,2.63,40.24,38,0.9286,1.2102,0.3356,0.0549,0.5,0.39,None
2012-03-31,537451746,537451746,1,12474000000,None,8269000000,None,4197000000,8000000,0,40000000,5084000000,1494000000,41000000,41000000,0.08,0.08,0.15,-60000000,-57000000,-108000000,-225000000,728000000,58000000,20.53,22.28,18.78,0.0607,0.0214,7.81,2.58,33.66,37.85,1.1808,1.2113,0.3365,0.0445,0.48,-0.22,None
2011-12-31,536500796,536500796,1,12598000000,None,8331000000,None,4263000000,4000000,0,40000000,5242000000,1459000000,65000000,65000000,0.13,0.12,0.15,147000000,-66000000,-99000000,-18000000,953000000,82000000,17.06,18.88,15.25,0.0716,0.0254,7.95,1.91,7.08,37.7,0.9744,1.2297,0.3384,0.0532,0.48,0.12,None
2011-09-30,536414982,536414982,1,12835000000,None,8036000000,None,4795000000,4000000,0,40000000,5272000000,1569000000,157000000,157000000,0.29,0.29,0.15,137000000,90000000,-137000000,90000000,971000000,66000000,19.06,22.57,15.55,0.0928,0.0331,8.94,2.17,3.39,37.55,0.6889,1.0995,0.3736,0.0681,0.49,0.13,None
2011-06-30,538667211,538667211,1,13039000000,None,8303000000,None,4734000000,2000000,0,40000000,5284000000,1610000000,10000000,10000000,0.02,0.02,0.15,116000000,-53000000,-645000000,-582000000,881000000,46000000,22.58,25.14,20.01,0.2993,0.1032,8.79,2.59,4.01,37.4,10.3163,1.1162,0.3631,0.2142,0.48,0.13,None
2011-03-31,538583173,538583173,1,13580000000,None,8876000000,None,4702000000,2000000,0,40000000,5829000000,1578000000,99000000,99000000,0.18,0.18,0.15,-109000000,151000000,-46000000,-4000000,1463000000,47000000,22.38,25.2,19.55,0.3107,0.1004,8.73,2.6,4.14,37.25,10.2367,1.2397,0.3462,0.2086,0.48,-0.29,None
2010-12-31,536242106,536242106,1,13429000000,None,8815000000,None,4612000000,2000000,0,40000000,5832000000,1664000000,171000000,171000000,1.93,1.92,0.11,193000000,-35000000,-59000000,99000000,1467000000,115000000,17.12,19,15.23,0.295,0.0893,8.6,1.99,5.42,37.1,11.1329,1.2645,0.3434,0.1955,0.46,0.15,None
2010-09-30,535942371,535942371,1,14053000000,None,9437000000,None,4610000000,6000000,0,40000000,5869000000,1664000000,1116000000,1116000000,3.52,3.5,26.46,118000000,-19000000,-577000000,-478000000,1368000000,53000000,28.61,41.83,15.4,0.2226,0.0632,8.6,3.74,None,36.99,15.2008,1.2731,0.328,0.1474,0.43,0.12,None
2010-06-30,211612907,536554053,2.535545,14708000000,None,10597000000,None,4100000000,11000000,0,40000000,5894000000,1805000000,14000000,14000000,0.07,0.07,0.05,243000000,59000000,-616000000,-314000000,1846000000,50000000,17.45,21.02,13.88,-0.0438,-0.012,7.64,2.31,None,10.53,None,1.4376,0.2788,None,0.4,0.36,None
2010-03-31,211603533,536530285,2.535545,15175000000,None,11118000000,None,4046000000,11000000,0,40000000,6438000000,1419000000,-20000000,-20000000,-0.1,-0.1,0.05,190000000,138000000,-37000000,291000000,2160000000,68000000,16.48,17.87,15.09,-0.0721,-0.0195,7.54,2.18,None,10.51,None,1.5912,0.2666,None,0.37,0.23,None
2009-12-31,211358955,535910146,2.535545,15250000000,None,11196000000,None,4044000000,10000000,0,40000000,6451000000,1455000000,-175000000,-175000000,-0.83,-0.83,0.05,114000000,63000000,64000000,241000000,1869000000,52000000,15.59,17.41,13.76,-0.1281,-0.0349,7.55,1.92,None,10.49,None,1.5952,0.2652,None,0.35,0.12,None
2009-09-30,211357747,535907083,2.535545,15365000000,None,11000000000,None,4349000000,16000000,0,40000000,6319000000,1407000000,0,0,0,0,0.05,34000000,274000000,-426000000,-118000000,1628000000,69000000,13.32,15.72,10.92,-0.3556,-0.099,8.12,1.68,None,10.47,None,1.453,0.283,None,0.36,-0.07,None
2009-06-30,211356803,535904690,2.535545,15842000000,None,11565000000,None,4249000000,28000000,0,40000000,6375000000,1391000000,-106000000,-106000000,-0.5,-0.5,0.25,126000000,28000000,-64000000,90000000,1746000000,48000000,12.92,14.84,11,-0.2474,-0.0736,7.93,1.58,None,10.45,None,1.5004,0.2682,None,0.36,0.15,None
2009-03-31,211356803,535904690,2.535545,15981000000,None,11587000000,None,4381000000,13000000,0,40000000,6372000000,1275000000,-264000000,-264000000,-1.25,-1.25,0.25,-436000000,-102000000,-100000000,-638000000,1656000000,70000000,10.13,12.63,7.64,-0.211,-0.0657,8.17,1.13,None,10.35,None,1.4545,0.2741,None,0.37,-0.94,None
2008-12-31,211227629,535577163,2.535545,16735000000,None,11921000000,None,4814000000,0,0,43000000,6373000000,1641000000,-1212000000,-1212000000,-5.74,-5.74,0.6,-1186000000,235000000,-857000000,-1808000000,2294000000,121000000,17.65,23.89,11.41,-0.1691,-0.0544,8.99,1.24,None,10.25,None,1.3238,0.2877,None,0.37,-2.44,None
2008-09-28,211289154,535733163,2.535545,22216000000,None,14611000000,None,7605000000,0,0,919000000,6707000000,2107000000,280000000,280000000,1.33,1.33,0.6,-82000000,5585000000,-1490000000,4013000000,4102000000,121000000,21.69,24.74,18.64,-0.008,-0.0027,14.2,1.51,None,10.02,None,0.8819,0.3423,None,0.44,-0.38,None
2008-06-29,211283155,535717952,2.535545,23711000000,None,16018000000,None,7693000000,0,0,931000000,7856000000,2174000000,-96000000,-96000000,-0.45,-0.45,0.6,219000000,-209000000,7000000,17000000,89000000,151000000,23.24,26.7,19.79,-0.0313,-0.0102,14.36,1.62,None,9.78,None,1.0212,0.3244,None,0.52,0.13,None
2008-03-30,211256406,535650129,2.535545,23756000000,None,16056000000,None,7700000000,0,0,948000000,7777000000,2096000000,-148000000,-148000000,-0.7,-0.7,0.6,-285000000,-153000000,396000000,-42000000,72000000,161000000,26.17,29.08,23.27,-0.0146,-0.0048,14.38,1.74,19.35,9.54,None,1.01,0.3241,None,0.62,-0.83,None
2007-12-30,209554028,531333672,2.535545,23806000000,None,15825000000,None,7981000000,0,0,2207000000,7599000000,3937000000,-98000000,-98000000,-0.43,-0.43,0.6,547000000,-112000000,-401000000,34000000,114000000,-1207000000,28.68,30.64,26.72,0.1015,0.0333,15.02,2.04,12.18,9.31,0.6462,0.9521,0.3353,0.0484,0.69,3.3,None
2007-09-30,209533414,531281405,2.535545,23371000000,None,15902000000,None,7469000000,0,0,2200000000,8092000000,4146000000,101000000,101000000,0.47,0.47,0.6,105000000,-83000000,-157000000,-135000000,80000000,195000000,28.99,33.15,24.83,0.1732,0.0571,14.06,2.02,11.58,9.07,0.3815,1.0834,0.3196,0.0781,0.73,-0.17,None
2007-07-01,215857855,547317310,2.535545,23391000000,None,15538000000,None,7853000000,0,0,2181000000,7762000000,4334000000,32000000,32000000,0.15,0.15,0.6,265000000,-174000000,-1061000000,-970000000,215000000,150000000,31.02,32.58,29.46,0.1772,0.0591,14.35,2.17,10.54,8.83,0.3644,0.9884,0.3357,0.079,0.75,0.21,None
2007-04-01,215909831,547449097,2.535545,24242000000,None,16402000000,None,7840000000,0,0,2158000000,8644000000,3891000000,755000000,755000000,3.24,3.24,0.6,-284000000,1195000000,31000000,942000000,1185000000,160000000,31.07,34,28.15,0.2006,0.0674,14.32,2.14,42.35,8.6,0.3033,1.1026,0.3234,0.0876,0.77,-0.81,None
2006-12-31,246233480,624336074,2.535545,26862000000,None,17777000000,None,9085000000,0,0,2203000000,8440000000,5505000000,508000000,508000000,2.11,2.11,0.6,1306000000,-252000000,-938000000,116000000,243000000,34000000,26.12,28.37,23.86,0.0489,0.0166,14.55,1.7,None,8.36,1.183,0.929,0.3382,0.0207,0.8,2.04,None
2006-09-24,236532456,599738691,2.535545,27372000000,None,18151000000,None,9221000000,0,0,2254000000,8830000000,5328000000,211000000,211000000,0.85,0.85,0.6,136000000,-30000000,-128000000,-22000000,127000000,193000000,23.41,24.99,21.83,-0.0282,-0.0096,15.38,1.54,None,8.12,None,0.9576,0.3369,None,0.8,-0.1,None
2006-06-25,246250831,624380069,2.535545,27618000000,None,18118000000,None,9500000000,0,0,2243000000,8593000000,5687000000,314000000,314000000,1.27,1.26,0.5,468000000,-217000000,-246000000,5000000,149000000,209000000,25.98,29.61,22.36,-0.0199,-0.0068,15.22,1.76,None,7.89,None,0.9045,0.344,None,0.8,0.41,None
2006-03-26,246226484,624318336,2.535545,27381000000,None,18152000000,None,9229000000,0,0,2235000000,8642000000,5376000000,-580000000,-580000000,-2.36,-2.36,0.5,-301000000,-400000000,-259000000,-960000000,144000000,212000000,27.63,29.09,26.16,-0.0088,-0.003,14.78,1.74,23.43,7.69,None,0.9364,0.3371,None,0.79,-0.82,None
2005-12-25,242848231,615752623,2.535545,28229000000,None,18429000000,None,9800000000,0,0,2982000000,9026000000,5783000000,-211000000,-211000000,-0.86,-0.86,0.5,884000000,-219000000,-450000000,215000000,1104000000,-374000000,25.61,27.11,24.11,0.0746,0.025,15.92,1.56,13.96,7.49,0.6298,0.921,0.3472,0.0324,0.77,2.04,None
2005-09-25,243238407,616741932,2.535545,29157000000,None,19031000000,None,10126000000,0,0,2988000000,9648000000,5604000000,285000000,285000000,1.16,1.16,0.5,425000000,-105000000,-1146000000,-826000000,889000000,-261000000,26.11,27.21,25.01,0.118,0.0385,16.42,1.63,11.15,7.3,0.3814,0.9528,0.3473,0.0503,0.77,1.11,None
2005-06-26,242905168,615896990,2.535545,29993000000,None,20144000000,None,9849000000,0,0,2977000000,10569000000,5838000000,420000000,420000000,1.72,1.71,0.5,666000000,897000000,-255000000,1308000000,1715000000,213000000,26.5,28.21,24.79,0.1542,0.0488,15.99,1.72,11.58,7.1,0.2826,1.0731,0.3284,0.0632,0.77,0.74,None
2005-03-27,242779585,615578568,2.535545,29670000000,None,20165000000,None,9505000000,0,0,2997000000,10954000000,5404000000,239000000,239000000,0.98,0.98,0.4,-227000000,-122000000,-441000000,-790000000,407000000,129000000,25.91,27.37,24.46,0.1547,0.0476,15.44,1.7,12.26,6.9,0.2745,1.1524,0.3204,0.0608,0.78,-0.58,None
2004-12-26,239395184,606997267,2.535545,29954000000,None,20699000000,None,9255000000,0,0,3244000000,10961000000,5886000000,199000000,199000000,0.81,0.8,0.4,923000000,-513000000,-448000000,-38000000,1197000000,172000000,25.2,26.76,23.64,0.1512,0.0442,15.25,1.69,12.86,6.74,0.2935,1.1843,0.309,0.0566,0.78,1.24,None
2004-09-26,239866627,608192632,2.535545,29284000000,None,20225000000,None,9059000000,0,0,3241000000,10879000000,5849000000,594000000,594000000,2.46,2.45,0.4,650000000,206000000,-358000000,498000000,1235000000,-219000000,24.41,25.71,23.1,0.148,0.0412,14.89,1.76,21.42,6.59,0.3133,1.2009,0.3093,0.0536,0.77,1.43,None
2004-06-27,239454238,607147001,2.535545,28723000000,None,20313000000,None,8410000000,0,0,3218000000,11197000000,5893000000,369000000,369000000,1.57,1.57,0.4,823000000,-49000000,-116000000,658000000,737000000,74000000,24.42,26.74,22.1,0.0896,0.0234,13.85,1.91,30.5,6.43,0.5428,1.3314,0.2928,0.0312,0.75,1.23,None
2004-03-28,222713186,564699310,2.535545,28137000000,None,20923000000,None,7214000000,0,0,3232000000,11364000000,5037000000,121000000,121000000,0.54,0.54,0.4,-196000000,-45000000,118000000,-123000000,79000000,52000000,24.99,26.33,23.66,0.0642,0.0159,12.77,1.95,50.69,6.27,0.7794,1.5753,0.2564,0.0223,0.72,-0.44,None
2003-12-28,219041943,555390708,2.535545,28109000000,None,21000000000,None,7109000000,0,0,3237000000,12397000000,5145000000,92000000,92000000,0.41,0.41,0.4,898000000,28000000,-806000000,120000000,202000000,-52000000,23.47,24.85,22.09,0.0402,0.0097,12.8,1.89,42.21,6.11,1.2665,1.7438,0.2529,0.0139,0.7,1.71,None
2003-09-28,219813709,557347556,2.535545,28447000000,None,21526000000,None,6921000000,0,0,3221000000,12982000000,5184000000,82000000,82000000,0.37,0.37,0.4,602000000,-161000000,-417000000,24000000,82000000,164000000,22.58,24.45,20.71,0.0459,0.0109,12.42,1.82,52.05,5.96,1.1279,1.8757,0.2433,0.016,0.68,0.79,None
2003-06-29,219173048,555723131,2.535545,28837000000,None,21931000000,None,6906000000,0,0,3224000000,12758000000,4930000000,157000000,157000000,0.71,0.71,0.4,423000000,-17000000,-415000000,-9000000,58000000,23000000,20.03,21.2,18.86,0.0361,0.0085,12.43,1.68,71.53,5.8,1.4481,1.8474,0.2395,0.0127,0.67,0.72,None
2003-03-30,219031337,555363816,2.535545,28696000000,None,22068000000,None,6628000000,0,0,3191000000,12758000000,4614000000,-54000000,-54000000,-0.24,-0.24,0.4,-109000000,-203000000,257000000,-55000000,67000000,159000000,19.59,21.13,18.06,0.0236,0.0055,11.93,1.64,45.57,5.64,2.2315,1.9249,0.231,0.0082,0.67,-0.48,None
2002-12-29,218925699,555095966,2.535545,28219000000,None,21596000000,None,6623000000,0,0,3131000000,12784000000,4652000000,126000000,126000000,0.57,0.57,0.4,851000000,-119000000,-740000000,-8000000,122000000,111000000,17.88,20.75,15,0.0361,0.0084,11.93,1.5,103.04,5.48,1.4527,1.9302,0.2347,0.013,0.64,1.33,None
2002-09-29,218947525,555151307,2.535545,28795000000,None,22169000000,None,6626000000,0,0,2812000000,13160000000,4912000000,13000000,13000000,0.06,0.06,0.4,330000000,-212000000,-137000000,-19000000,130000000,253000000,21.03,24.8,17.26,0.0149,0.0038,11.94,1.72,67.5,5.32,3.4921,1.9861,0.2301,0.0058,0.66,0.14,None
2002-06-30,218947009,555149999,2.535545,29210000000,None,22428000000,None,6782000000,0,0,2778000000,13712000000,4949000000,72000000,72000000,0.32,0.32,0.4,404000000,-289000000,-104000000,11000000,149000000,303000000,24.79,26.75,22.82,0.0264,0.0075,12.22,2.05,50.28,5.17,1.9558,2.0218,0.2322,0.0111,0.68,0.18,None
2002-03-31,218453874,553899633,2.535545,28918000000,None,22233000000,None,6685000000,0,0,2741000000,13785000000,4008000000,30000000,30000000,0.14,0.14,0.4,-75000000,-6264000000,6273000000,-66000000,138000000,158000000,22.96,25.84,20.09,0.0408,0.0132,12.07,1.88,36.39,5.01,1.2528,2.0621,0.2312,0.0185,0.71,-0.42,None
2001-12-30,216679968,549401814,2.535545,18293000000,None,11598000000,None,6695000000,0,0,1095000000,6073000000,3398000000,-15000000,-15000000,-0.08,-0.08,0.4,414000000,-216000000,-107000000,91000000,204000000,186000000,20.27,21.89,18.66,0.0519,0.0193,12.19,1.62,20.16,4.85,0.9766,0.9071,0.366,0.0243,0.79,0.41,None
2001-09-30,216252200,548317189,2.535545,18455000000,None,11600000000,None,6855000000,0,0,1106000000,5820000000,3742000000,91000000,91000000,0.41,0.41,0.4,430000000,-406000000,18000000,42000000,113000000,171000000,20.84,23.66,18.02,0.0822,0.0308,12.5,1.64,17.38,4.69,0.6125,0.849,0.3714,0.0367,0.84,0.47,None
2001-07-01,216157507,548077091,2.535545,18305000000,None,11351000000,None,6954000000,0,0,1123000000,5045000000,3852000000,171000000,171000000,0.78,0.78,0.4,433000000,-245000000,-182000000,6000000,71000000,175000000,21.7,24.48,18.93,0.0978,0.0369,12.69,1.75,17.47,4.54,0.5119,0.7255,0.3799,0.0439,0.84,0.47,None
2001-04-01,215165261,545561206,2.535545,18140000000,None,11371000000,None,6769000000,0,0,1123000000,5070000000,3553000000,107000000,107000000,0.49,0.49,0.4,-159000000,-15000000,116000000,-58000000,65000000,210000000,20.8,22.78,18.81,0.1026,0.0387,12.41,1.66,14.25,4.38,0.4872,0.749,0.3732,0.045,0.86,-0.68,None
2000-12-31,214583863,544087046,2.535545,18195000000,None,11363000000,None,6832000000,0,0,1150000000,5114000000,4192000000,194000000,194000000,0.87,0.87,0.4,872000000,-352000000,-484000000,36000000,123000000,356000000,17.44,20.66,14.22,0.1212,0.0464,12.56,1.37,12.15,4.22,0.4162,0.7485,0.3755,0.0526,0.88,0.95,None
2000-09-24,212831984,539645077,2.535545,18057000000,None,11169000000,None,6888000000,0,0,1146000000,5143000000,3690000000,199000000,199000000,0.9,0.9,0.4,228000000,-188000000,-68000000,-28000000,87000000,182000000,17.54,20.39,14.69,0.1169,0.0452,12.76,1.37,11.35,4.06,0.4328,0.7467,0.3815,0.0539,0.84,0.09,None
2000-06-25,213711552,541875262,2.535545,18181000000,None,11268000000,None,6913000000,0,0,1094000000,5175000000,4187000000,203000000,203000000,0.89,0.89,0.4,324000000,-214000000,-91000000,19000000,115000000,219000000,21.17,25.54,16.81,0.1322,0.0509,12.76,1.76,13.98,3.9,0.4082,0.7486,0.3802,0.0586,0.87,0.19,None
2000-03-26,232953031,590662898,2.535545,17951000000,None,10859000000,None,7092000000,0,0,1174000000,5217000000,3911000000,244000000,244000000,1.04,1.04,0.4,5000000,-706000000,-846000000,-1547000000,96000000,152000000,24.05,29.38,18.71,0.1383,0.0527,12.01,1.93,23.82,3.75,0.4215,0.7356,0.3951,0.0606,0.87,-0.25,None
1999-12-26,227658988,577239614,2.535545,18339000000,None,11166000000,None,7173000000,0,0,792000000,5129000000,3433000000,174000000,174000000,0.8,0.81,0.4,585000000,37000000,893000000,1515000000,1643000000,223000000,25.14,28.77,21.52,0.1002,0.037,12.43,2.68,33.55,3.59,0.6304,0.715,0.3911,0.043,0.86,0.63,None
1999-09-26,201181958,510105912,2.535545,12949000000,None,8163000000,None,4786000000,0,0,0,4243000000,3120000000,237000000,237000000,1.18,1.18,0.4,460000000,-101000000,-285000000,74000000,128000000,107000000,24.57,27.51,21.62,0.0833,0.0298,9.38,2.7,49.05,3.43,0.8377,0.8865,0.3696,0.0331,0.9,0.69,None
1999-06-27,201167081,510068191,2.535545,12870000000,None,8236000000,None,4634000000,0,0,0,4486000000,3044000000,164000000,164000000,0.82,0.81,0.4,450000000,-51000000,-382000000,17000000,54000000,118000000,25.54,29.16,21.91,0.0562,0.02,9.09,2.92,80.95,3.27,1.2499,0.9681,0.3601,0.0229,0.87,0.65,None
1999-03-28,200605977,508645486,2.535545,12842000000,None,8387000000,None,4455000000,0,0,0,4809000000,2665000000,-48000000,-48000000,-0.24,-0.24,0.4,6000000,-91000000,87000000,2000000,37000000,102000000,22,24.45,19.55,0.0354,0.0127,8.76,2.46,37.95,3.12,1.982,1.0795,0.3469,0.0149,0.85,-0.19,None
1998-12-27,199177383,505023222,2.535545,12834000000,None,8308000000,None,4526000000,0,0,0,4662000000,2751000000,30000000,30000000,0.15,0.15,0.4,513000000,-734000000,-76000000,-297000000,35000000,680000000,18.4,20.33,16.47,0.0641,0.0232,8.96,2.02,25.78,2.96,1.0832,1.03,0.3527,0.0273,0.85,-0.33,None
1998-09-27,198995821,504562863,2.535545,12672000000,None,8067000000,None,4605000000,0,0,0,4654000000,2736000000,110000000,110000000,0.56,0.55,0.4,330000000,-121000000,82000000,291000000,332000000,136000000,16.6,18.71,14.49,0.0789,0.0285,9.13,1.82,23,2.8,0.879,1.0106,0.3634,0.0333,0.86,0.38,None
1998-06-28,198992921,504555510,2.535545,12497000000,None,7903000000,None,4594000000,0,0,0,4494000000,2676000000,69000000,69000000,0.34,0.34,0.4,284000000,-151000000,-124000000,9000000,41000000,161000000,20.9,24.23,17.57,0.0801,0.0286,9.11,2.28,25.85,2.64,0.8701,0.9782,0.3676,0.0334,0.86,0.24,None
1998-03-29,198976447,504513740,2.535545,12582000000,None,7962000000,None,4620000000,0,0,0,4609000000,2603000000,85000000,85000000,0.43,0.43,0.4,-5000000,189000000,-274000000,-90000000,32000000,66000000,20.29,22.85,17.72,0.0895,0.0314,9.16,2.26,29.91,2.48,0.7848,0.9976,0.3672,0.0362,0.87,-0.14,None
1997-12-28,198568139,503478456,2.535545,13075000000,None,8426000000,None,4528000000,121000000,0,0,4743000000,2870000000,98000000,98000000,0.49,None,0.4,502000000,-176000000,-247000000,79000000,122000000,166000000,21.07,23.96,18.17,0.0762,0.0259,8.99,2.36,30.88,2.33,0.9308,1.0475,0.3463,0.0305,0.85,0.67,None
1997-09-28,199622301,506151331,2.535545,13118000000,None,8475000000,None,4524000000,119000000,0,0,4759000000,2823000000,114000000,114000000,0.57,None,0.4,348000000,-244000000,-100000000,4000000,43000000,129000000,22.79,25.22,20.36,0.0764,0.0256,8.94,2.58,32.83,2.17,0.9308,1.0519,0.3449,0.0308,0.83,0.43,None
1997-06-29,199396624,505579117,2.535545,13001000000,None,8418000000,None,4466000000,117000000,0,0,4989000000,2909000000,109000000,109000000,0.56,None,0.4,269000000,32000000,-349000000,-48000000,39000000,163000000,19.3,21.79,16.81,0.0779,0.0258,8.83,2.19,28.45,2.01,0.9132,1.1171,0.3435,0.0312,0.83,0.21,None
1997-03-30,198242115,502651808,2.535545,13674000000,None,9128000000,None,4432000000,114000000,0,0,5597000000,2608000000,21000000,21000000,0.1,None,0.4,-74000000,-85000000,175000000,16000000,87000000,126000000,18.76,19.97,17.55,0.0767,0.025,8.82,2.1,20.33,1.85,0.928,1.2629,0.3241,0.0308,0.81,-0.4,None
1996-12-29,198549288,503430659,2.535545,13596000000,None,8992000000,None,4491000000,113000000,0,0,5328000000,2771000000,98000000,98000000,0.5,None,0.4,597000000,-270000000,-339000000,-12000000,71000000,287000000,18.14,18.98,17.31,0.1039,0.0338,8.92,2.04,14.89,1.7,0.6856,1.1864,0.3303,0.0417,0.81,0.62,None
1996-09-29,198310951,502826345,2.535545,13679000000,None,9091000000,None,4476000000,112000000,0,0,5588000000,2852000000,120000000,120000000,0.6,None,0.4,438000000,-150000000,-291000000,-3000000,83000000,143000000,17.3,19.03,15.58,0.1391,0.0453,8.9,1.95,14.82,1.54,0.515,1.2484,0.3272,0.055,0.82,0.59,None
1996-06-30,198315471,502837805,2.535545,13774000000,None,9216000000,None,4448000000,110000000,0,0,5744000000,2886000000,103000000,103000000,0.52,None,0.4,457000000,-420000000,-30000000,7000000,86000000,404000000,18.07,19.67,16.47,0.1344,0.0437,8.85,2.06,12.55,1.38,0.5391,1.2914,0.3229,0.0516,0.85,0.11,None
1996-03-31,198447199,503171807,2.535545,13715000000,None,9191000000,None,4412000000,112000000,0,0,5714000000,2605000000,142000000,142000000,0.72,None,0.4,-194000000,-324000000,513000000,-5000000,79000000,419000000,17.63,19.52,15.75,0.1672,0.0546,8.77,2.02,11.37,1.22,0.4368,1.2951,0.3217,0.063,0.87,-1.22,None
1995-12-31,198070891,502217662,2.535545,13253000000,None,8767000000,None,4375000000,111000000,0,0,5074000000,2857000000,251000000,251000000,1.25,None,0.4,710000000,-389000000,-464000000,-143000000,84000000,432000000,17.52,18.93,16.12,0.1829,0.0597,8.71,2.06,12.37,1.06,0.3791,1.1598,0.3301,0.0678,0.88,0.55,None
1995-09-24,201710008,511444807,2.535545,13338000000,None,8872000000,None,4360000000,106000000,0,0,4944000000,3112000000,95000000,95000000,0.47,None,0.4,296000000,-27000000,-350000000,-81000000,227000000,218000000,18.76,19.87,17.65,0.1706,0.0553,8.52,2.19,12.42,0.91,0.3872,1.1339,0.3269,0.0632,0.88,0.15,None
1995-06-25,203284436,515436840,2.535545,13453000000,None,8939000000,None,4408000000,106000000,0,0,5171000000,3074000000,246000000,246000000,1.21,None,0.4,288000000,-233000000,-288000000,-233000000,157000000,230000000,16.74,18.69,14.79,0.185,0.0596,8.55,2.02,13.1,0.75,0.3387,1.1731,0.3277,0.07,0.85,0.11,None
1995-03-26,205706971,521579286,2.535545,13478000000,None,9045000000,None,4330000000,103000000,0,0,5356000000,2745000000,207000000,207000000,1,None,0.3,262000000,-189000000,205000000,278000000,390000000,174000000,15.68,16.81,14.55,0.1615,None,8.3,1.95,13.9,0.59,0.3686,1.237,0.3213,0.0622,0.83,0.17,None
1994-12-25,205637877,521404095,2.535545,13007000000,None,8717000000,None,4187000000,103000000,0,0,5082000000,2733137000,189174000,189174000,0.91,None,0.3,647152000,-610819000,11766000,48099000,112000000,291493000,14.79,15.43,14.15,0.1458,None,8.03,1.89,None,0.47,0.4189,1.2138,0.3219,0.0566,0.81,0.68,None
1994-09-25,205612323,521339302,2.535545,12814111000,None,8628109000,None,4082947000,103055000,0,0,5316963000,2680663000,144406000,144406000,0.71,None,0.3,326269000,-229654000,-131223000,-34608000,63756000,247556000,16.96,18.19,15.73,None,None,7.83,2.22,None,0.35,None,1.3022,0.3186,None,None,0.15,None
1994-06-26,205584969,521269945,2.535545,12707089000,None,8628547000,None,3975672000,102870000,0,0,5387637000,2598436000,128859000,128859000,0.62,None,0.3,485756000,-226524000,-267488000,-8256000,98364000,273077000,16.66,17.75,15.58,None,None,7.63,2.22,None,0.24,None,1.3552,0.3129,None,None,0.41,None
1994-03-27,205567144,521224749,2.535545,12755972000,None,8738781000,None,3908622000,108569000,0,0,5591120000,2385764000,126561000,126561000,0.62,None,0.3,188823000,-199003000,-43055000,-53235000,106620000,245874000,18.21,19.82,16.61,None,None,7.5,2.46,None,0.12,None,1.4305,0.3064,None,None,-0.11,None
1993-12-26,205558569,521203006,2.535545,12638453000,None,8672357000,None,3856782000,109314000,0,0,5591490000,None,None,None,None,None,0,None,None,None,None,159855000,0,16.27,17.99,14.54,None,None,7.4,None,None,0,None,1.4498,0.3052,None,None,None,None
