"Quarter end","Shares","Shares split adjusted","Split factor","Assets","Current Assets","Liabilities","Current Liabilities","Shareholders equity","Non-controlling interest","Preferred equity","Goodwill & intangibles","Long-term debt","Revenue","Earnings","Earnings available for common stockholders","EPS basic","EPS diluted","Dividend per share","Cash from operating activities","Cash from investing activities","Cash from financing activities","Cash change during period","Cash at end of period","Capital expenditures","Price","Price high","Price low","ROE","ROA","Book value of equity per share","P/B ratio","P/E ratio","Cumulative dividends per share","Dividend payout ratio","Long-term debt to equity ratio","Equity to assets ratio","Net margin","Asset turnover","Free cash flow per share","Current ratio"
2019-06-30,257035443,257035443,1,7033471000,4710968000,1963506000,1259220000,5069965000,0,0,50384000,0,8238000,267427000,267427000,1.04,1.03,0,463749000,-50190000,-13015000,400114000,3301646000,16358000,177.69,191.71,163.68,0.5171,0.3625,19.72,9.64,21.41,0,0,0,0.7208,1.3266,0.27,1.74,3.7412
2019-03-31,256121360,256121360,1,6543114000,4183039000,1819801000,1106468000,4723313000,0,0,50384000,0,6839000,268631000,268631000,1.05,1.03,0,324784000,-39138000,-41989000,243279000,2901532000,18041000,178.38,195.81,160.95,0.5843,0.3965,18.44,10.28,22.08,0,0,0,0.7219,0.8928,0.44,1.2,3.7805
2018-12-31,255656889,255656889,1,6245898000,3843109000,1810695000,1120292000,4435203000,0,0,50384000,581550000,870106000,1550527000,1550204000,6.07,5.97,0,314578000,-40904000,-101046000,171202000,2658253000,15721000,173.36,194.92,151.8,0.6747,0.4379,17.35,15.25,69.34,0,0,0.1311,0.7101,0.6879,0.64,1.17,3.4305
2018-09-30,255558035,255558035,1,4620840000,3686611000,1686359000,992508000,2906116000,28365000,0,79384000,576530000,784535000,128746000,128732000,0.51,0.5,0,381348000,-49889000,2079000,332983000,2487051000,20912000,179.24,193.78,164.7,0.2582,0.1573,11.37,17.05,112.73,0,0,0.1984,0.6289,0.2287,0.69,1.41,3.7144
2018-06-30,255559939,255559939,1,4335386000,3407423000,1620503000,927300000,2686228000,28655000,0,79384000,577675000,752157000,207360000,207295000,0.82,0.8,0,321703000,-116298000,-51208000,148340000,2154068000,29612000,158.03,172,144.07,0.1865,0.1105,10.51,16.78,183.76,0,0,0.2151,0.6196,0.1584,0.7,1.14,3.6746
2018-03-31,254830232,254830232,1,3952974000,3041116000,1522153000,827312000,2401056000,29765000,0,79384000,578206000,640799000,210263000,210164000,0.83,0.81,0,252657000,4933000,78956000,338202000,2005728000,29279000,162.23,178.25,146.21,0.1145,0.0646,9.42,20.3,155.99,0,0,0.2408,0.6074,0.0936,0.69,0.88,3.6759
2017-12-31,253891984,253891984,1,3546014000,2648963000,1503708000,807260000,2028579000,13727000,0,79384000,583902000,651634000,100684000,100820000,0.4,0.39,0,227511000,-21097000,73231000,280446000,1665412000,42604000,147.27,158.04,136.5,0.1506,0.0812,7.99,20.8,188.81,0,0,0.2878,0.5721,0.1058,0.77,0.73,3.2814
2017-09-30,252902848,252902848,1,3198325000,2327974000,1395081000,710739000,1791077000,12167000,0,79384000,567310000,578165000,-102952000,-102952000,-0.41,-0.41,0,170086000,-162456000,152705000,161836000,1384966000,27951000,146.68,167.86,125.5,0.1277,0.0635,7.08,22.12,142.41,0,0,0.3167,0.56,0.0851,0.74,0.56,3.2754
2017-06-30,252118869,252118869,1,3285594000,2180572000,1418363000,625406000,1671273000,195958000,0,284340000,550365000,544135000,17996000,17973000,0.07,0.07,0,181653000,-96347000,132033000,219451000,1223130000,17707000,122.25,137.26,107.24,0.194,0.0885,6.63,20.31,174.64,0,0,0.3293,0.5087,0.1217,0.73,0.65,3.4867
2017-03-31,249068782,249068782,1,2946703000,1871814000,1263910000,489796000,1500008000,182785000,0,334724000,529130000,714718000,247756000,247350000,1.01,0.99,0,265692000,-157781000,-289565000,-180266000,1003679000,11159000,92.61,111.88,73.34,0.1519,0.0645,6.02,19.87,None,0,0,0.3528,0.509,0.0876,0.73,1.02,3.8216
2016-12-31,248438127,248438127,1,2896787000,1831540000,1558596000,792537000,1156582000,181609000,0,334724000,521335000,458706000,32945000,32945000,0.13,0.13,0,144724000,230168000,93762000,464253000,1183945000,14788000,84.69,97.93,71.46,-0.1089,-0.0425,4.66,20.56,None,0,None,0.4508,0.3993,None,0.65,0.52,2.311
2016-09-30,248033389,248033389,1,2609641000,1501901000,1401300000,722841000,1021546000,186795000,0,334724000,504792000,413783000,-38841000,-38841000,-0.16,-0.16,0,65656000,34791000,13554000,113826000,719692000,13883000,93.62,103.73,83.5,-0.2243,-0.0862,4.12,23.64,None,0,None,0.4941,0.3915,None,0.66,0.21,2.0778
2016-06-30,247778698,247778698,1,2548982000,1454150000,1380137000,622855000,981354000,187491000,0,334724000,581612000,431608000,-64525000,-64525000,-0.26,-0.26,0,40860000,-57782000,21253000,1621000,605866000,15918000,86.2,96.49,75.92,-0.2895,-0.1103,3.96,22.27,None,0,None,0.5927,0.385,None,0.62,0.1,2.3347
2016-03-31,247349864,247349864,1,2487906000,1402835000,1371708000,552041000,957079000,159119000,0,334724000,660951000,398080000,-41631000,-41631000,-0.17,-0.17,0,-15137000,-102708000,4702000,-110523000,604245000,11974000,100.43,124.96,75.9,-0.4301,-0.1631,3.87,26.36,None,0,None,0.6906,0.3847,None,0.53,-0.11,2.5412
2015-12-31,246391955,246391955,1,2498875000,1407153000,1405247000,506349000,939967000,153661000,0,334724000,739503000,417935000,-73731000,-73731000,-0.31,-0.31,0,-16014000,-122690000,97797000,-41482000,714768000,12527000,118.1,134.71,101.49,-0.596,-0.2349,3.81,31.49,None,0,None,0.7867,0.3762,None,0.44,-0.12,2.779
2015-09-30,245717286,245717286,1,2433993000,1359452000,1357261000,374959000,922147000,154585000,0,334724000,806829000,309816000,-95149000,-95149000,-0.39,-0.39,0,-47024000,-100935000,34619000,-114293000,756250000,8797000,120.45,143.45,97.45,-0.6817,-0.2833,3.75,32.91,None,0,None,0.8749,0.3789,None,0.33,-0.23,3.6256
2015-06-30,244655527,244655527,1,2374073000,1294689000,1325857000,373823000,894964000,153252000,0,334724000,767673000,166076000,-188848000,-188848000,-0.78,-0.78,0,-95213000,278443000,21144000,205664000,870543000,93420000,125.59,137.5,113.68,-0.7159,-0.3164,3.66,31.32,None,0,None,0.8578,0.377,None,0.27,-0.77,3.4634
2015-03-31,243752247,243752247,1,2165827000,1358203000,1168290000,302438000,976458000,21079000,0,68915000,785708000,138509000,-198606000,-198606000,-0.83,-0.83,0,-207181000,214038000,35359000,39620000,664879000,10558000,120.04,136.33,103.75,-0.6436,-0.3124,4.01,27.04,None,0,None,0.8047,0.4508,None,0.27,-0.89,4.4908
2014-12-31,242088884,242088884,1,2334679000,1546511000,1238496000,368254000,1075006000,21177000,0,68915000,792935000,144556000,-176656000,-176656000,-0.74,-0.74,0,-121870000,-26061000,56322000,-93304000,625259000,24676000,110.39,124.35,96.43,-0.6375,-0.3262,4.44,22.95,None,0,None,0.7376,0.4605,None,0.26,-0.61,4.1996
2014-09-30,240521809,240521809,1,2406086000,1650096000,1250181000,372178000,1155905000,0,0,30992000,810112000,178987000,-170060000,-170060000,-0.72,-0.72,0,-87647000,30545000,357233000,298005000,718563000,9298000,100.64,116.88,84.41,-0.4212,-0.229,4.81,20.46,None,0,None,0.7008,0.4804,None,0.35,-0.4,4.4336
2014-06-30,238081533,238081533,1,2117820000,1347384000,945551000,362973000,1172269000,0,0,30992000,518321000,138421000,-159382000,-159382000,-0.68,-0.68,0,-127920000,89882000,33405000,-3487000,420558000,11701000,79.3,98.8,59.79,-0.3755,-0.2047,4.92,15.22,None,0,None,0.4422,0.5535,None,0.36,-0.59,3.7121
2014-03-31,236194337,236194337,1,2197108000,1430330000,966230000,373500000,1230878000,0,0,30992000,522855000,118451000,-232457000,-232457000,-1,-1,0,-175762000,-20407000,50416000,-145254000,424045000,15526000,77.63,87.77,67.49,-0.2856,-0.1526,5.21,13.5,None,0,None,0.4248,0.5602,None,0.41,-0.81,3.8295
2013-12-31,235771942,235771942,1,2319041000,1588576000,962636000,397829000,1356405000,0,0,30992000,489691000,351157000,44285000,44285000,0.19,0.19,0,28855000,-61379000,16525000,-13882000,569299000,14471000,68.22,78.38,58.06,-0.3796,-0.1802,5.75,12.61,None,0,None,0.361,0.5849,None,0.49,0.06,3.9931
2013-09-30,233756871,233756871,1,2582748000,1648631000,1096068000,409499000,1264888000,221792000,0,281592000,431950000,221700000,-124132000,-124132000,-0.54,-0.54,0,-13720000,49536000,13006000,51934000,583181000,18514000,81.69,89.96,73.43,-0.5212,-0.2192,5.41,14.38,None,0,None,0.3415,0.4897,None,0.46,-0.14,4.026
2013-06-30,232812301,232812301,1,2584329000,1716590000,1035666000,381652000,1322453000,226210000,0,281592000,387188000,310750000,-57165000,-57165000,-0.26,-0.26,0,-927000,-4691000,157488000,152148000,531247000,1801000,69.38,87.47,51.28,-0.4864,-0.1909,5.68,20.59,None,0,None,0.2928,0.5117,None,0.5,-0.01,4.4978
2013-03-31,221400864,221400864,1,2392234000,1565783000,1415402000,407639000,746115000,230717000,0,281592000,731576000,328368000,-308016000,-308016000,-1.43,-1.43,0,-65778000,-37596000,-6135000,-110308000,379099000,16607000,49.33,55.93,42.72,-0.5308,-0.1935,3.37,10.77,None,0,None,0.9805,0.3119,None,0.54,-0.37,3.8411
2012-12-31,218188628,218188628,1,2759288000,1589585000,1524906000,432624000,999180000,235202000,0,281592000,683201000,333994000,-76148000,-75242000,-0.35,-0.35,0,40559000,7156000,4837000,52521000,489407000,28046000,49.22,60,38.44,-0.1072,-0.0411,4.58,10.38,83.42,0,None,0.6838,0.3621,None,0.59,0.06,3.6743
2012-09-30,216827066,216827066,1,2718823000,1634523000,1454077000,406731000,1027733000,237013000,0,694492000,615956000,336006000,-57543000,-57543000,-0.27,-0.27,0,105961000,-131228000,8150000,-17175000,436886000,21396000,53,59.98,46.03,0.1341,0.0518,4.74,11.02,28.19,0,0,0.5993,0.378,0.0722,0.71,0.39,4.0187
2012-06-30,215807482,215807482,1,2604856000,1593305000,1361249000,379710000,1037773000,205834000,0,694492000,560291000,418305000,-64931000,-64931000,-0.31,-0.31,0,118405000,-70043000,137692000,186138000,454061000,15543000,50.68,66.1,35.26,0.4838,0.1758,4.81,11.49,37.82,0,0,0.5399,0.3984,0.194,0.9,0.48,4.1961
2012-03-31,211061148,211061148,1,2345843000,1436114000,1240266000,356815000,930498000,175079000,0,694492000,494179000,438737000,91590000,90684000,0.44,0.43,0,2916000,-231702000,21525000,-207397000,267923000,6155000,37.59,43.13,32.04,0.4518,0.1415,4.41,10.05,939.75,0,0,0.5311,0.3967,0.1657,0.85,-0.02,4.0248
2011-12-31,210335993,210335993,1,2204280000,1331254000,1238768000,392348000,786843000,178669000,0,694492000,455950000,563340000,158629000,158629000,0.77,0.74,0,503663000,-387776000,-182980000,-67225000,475320000,9329000,35.88,45.26,26.5,0.0531,0.0156,3.74,12.91,None,0,0,0.5795,0.357,0.0195,0.74,2.35,3.393
2011-09-30,208566194,208566194,1,2091998000,1245825000,1361152000,548949000,579762000,151084000,0,697001000,425474000,659200000,221110000,218974000,1.06,1.02,0,42895000,21446000,20069000,84350000,542545000,9985000,46.72,54.38,39.06,-0.699,-0.1739,2.78,31.57,None,0,None,0.7339,0.2771,None,0.51,0.16,2.2695
2011-06-30,208087899,208087899,1,1763100000,827124000,1313920000,478968000,307549000,141631000,0,802801000,411181000,114424000,-174069000,-174069000,-0.85,-0.85,0,-216195000,172790000,55030000,11659000,458195000,70431000,51.72,58.87,44.57,None,-0.4277,1.48,27.22,None,0,None,1.337,0.1744,None,0.16,-1.38,1.7269
2011-03-31,205997844,205997844,1,1538487000,872974000,1146815000,416195000,391672000,0,0,544802000,400000000,73662000,-176096000,-176096000,-0.87,-0.87,0,-186628000,405952000,-16357000,203339000,446536000,4850000,43.66,52.13,35.19,None,-0.4498,1.9,17.68,None,0,None,1.0213,0.2546,None,0.11,-0.93,2.0975
2010-12-31,204412712,204412712,1,1725446000,1057039000,1221473000,474783000,503973000,0,0,544802000,400000000,65524000,-180392000,-180392000,-0.9,-0.9,0,-166103000,-169695000,9447000,-326704000,243197000,14428000,35.39,38.7,32.08,None,-0.4288,2.47,11.06,None,0,None,0.7937,0.2921,None,0.08,-0.88,2.2264
2010-09-30,203194222,203194222,1,1888829000,1226439000,1238733000,311567000,650096000,0,0,544802000,487225000,23795000,-208957000,-208957000,-1.04,-1.04,0,-163990000,-2414000,398495000,232293000,569901000,10830000,34.6,37.95,31.25,-0.8225,-0.4033,3.2,8.48,None,0,None,0.7495,0.3442,None,0.06,-0.86,3.9364
2010-06-30,202831612,202831612,1,1654202000,1004555000,827067000,292376000,827135000,0,0,544802000,86407000,31622000,-200006000,-200006000,-1,-1,0,-108887000,40648000,9473000,-58939000,337608000,9686000,37.02,41.62,32.41,-0.7647,-0.3874,4.08,7.56,None,0,None,0.1045,0.5,None,0.06,-0.58,3.4358
2010-03-31,202202912,202202912,1,1770302000,1126768000,779690000,211540000,990612000,0,0,544802000,125316000,22429000,-165271000,-165271000,-0.83,-0.83,0,-196462000,138762000,7642000,-50111000,396547000,3110000,40.2,44.24,36.15,-0.7531,-0.3827,4.9,7.35,None,0,None,0.1265,0.5596,None,0.06,-0.99,5.3265
2009-12-31,200576408,200576408,1,1955488000,1307026000,859142000,284883000,1096346000,0,0,544802000,121765000,33889000,-158644000,-158644000,-0.86,-0.86,0,-102327000,-547777000,538664000,-112475000,446658000,7578000,37.94,44.04,31.83,-0.8178,-0.3931,5.47,11.29,None,0,None,0.1111,0.5607,None,0.06,-0.55,4.5879
2009-09-30,181189886,181189886,1,1573491000,914066000,964747000,231366000,608744000,0,0,552002000,262840000,24957000,-149565000,-149565000,-0.84,-0.84,0,-21635000,42525000,130593000,150184000,559133000,4753000,35.17,38.5,31.85,None,-0.4503,3.36,8.71,None,0,None,0.4318,0.3869,None,0.07,-0.15,3.9507
2009-06-30,180659165,180659165,1,1439876000,782756000,710819000,183680000,729057000,0,0,552783000,144000000,19064000,-171297000,-171297000,-0.99,-0.99,0,-118065000,-83657000,11081000,-193250000,408949000,4586000,31.12,36.3,25.94,None,-0.4799,4.04,7.63,None,0,None,0.1975,0.5063,None,0.09,-0.68,4.2615
2009-03-31,173125133,173125133,1,1565883000,902173000,859032000,179299000,706851000,0,0,552783000,287500000,23979000,-162672000,-162672000,-1.04,-1.04,0,-185559000,80177000,318668000,213084000,602199000,6579000,31.32,35.97,26.67,None,-0.4592,4.08,19.95,None,0,None,0.4067,0.4514,None,0.14,-1.11,5.0317
2008-12-31,152189782,152189782,1,980479000,867581000,741605000,216564000,238874000,0,0,0,287500000,32811000,-142332000,-142332000,-0.95,-0.95,0,-97225000,-70515000,13715000,-153761000,389115000,6612000,25.81,33.19,18.43,None,-0.4706,1.57,11.08,None,0,None,1.2036,0.2436,None,0.18,-0.68,4.0061
2008-09-30,150466193,150466193,1,1067554000,953018000,717661000,180463000,349893000,0,0,0,287500000,31609000,-130044000,-130044000,-0.93,-0.93,0,-127480000,-103857000,224962000,-6756000,542876000,10506000,29.81,35,24.62,None,-0.457,2.33,17.54,None,0,None,0.8217,0.3278,None,0.22,-0.92,5.281
2008-06-30,141529503,141529503,1,970805000,857628000,730880000,182894000,239925000,0,0,0,287500000,69409000,-91321000,-91321000,-0.66,-0.66,0,103758000,-34874000,-9918000,58936000,549632000,9568000,29.18,34.97,23.4,None,-0.488,1.7,13.51,None,0,None,1.1983,0.2471,None,0.26,0.67,4.6892
2008-03-31,140569141,140569141,1,889505000,783938000,585250000,173323000,304255000,0,0,0,287500000,41675000,-96154000,-96154000,-0.72,-0.72,0,-105535000,-151404000,391979000,135033000,490696000,5494000,19.26,24.67,13.84,None,-0.5596,2.16,9.44,None,0,None,0.9449,0.342,None,0.24,-0.79,4.523
2007-12-31,132964533,132964533,1,601477000,496851000,330182000,199279000,271295000,0,0,0,0,50992000,-85751000,-85751000,-0.66,-0.66,0,-52692000,143735000,10727000,101684000,355663000,5199000,31.14,39.48,22.8,None,-0.5486,2.04,12.41,None,0,None,0,0.451,None,0.28,-0.44,2.4932
2007-09-30,132297777,132297777,1,655148000,543279000,323113000,185708000,332035000,0,0,0,0,41014000,-107033000,-107033000,-0.82,-0.82,0,-63641000,181261000,-32397000,85261000,253979000,7929000,34.48,41.42,27.55,-0.7592,-0.4196,2.51,10.95,None,0,None,0,0.5068,None,0.31,-0.54,2.9254
2007-06-30,131763683,131763683,1,761070000,637657000,346485000,202902000,414585000,0,0,0,0,38196000,-117767000,-117767000,-0.91,-0.91,0,-68335000,-125495000,8136000,-185610000,168718000,13154000,29.06,32.51,25.61,-0.5755,-0.3247,3.15,7.59,None,0,None,0,0.5447,None,0.3,-0.62,3.1427
2007-03-31,130989395,130989395,1,835095000,706540000,333796000,174588000,501299000,0,0,0,0,68810000,-80728000,-80728000,-0.64,-0.64,0,-67808000,205665000,3344000,141157000,354328000,6133000,32.97,38.95,26.98,-0.5622,-0.2893,3.83,8.26,None,0,None,0,0.6003,None,0.3,-0.56,4.0469
2006-12-31,126650456,126650456,1,921579000,771406000,415644000,251014000,505935000,0,0,0,0,94254000,-27344000,-27344000,-0.21,-0.21,0,-4287000,-280301000,14302000,-270260000,213171000,7188000,38.94,45.38,32.5,-0.5821,-0.2783,3.99,9.64,None,0,None,0,0.549,None,0.29,-0.09,3.0732
2006-09-30,125590795,125590795,1,902111000,742700000,394342000,161455000,507769000,0,0,0,59648000,53289000,-51802000,-51802000,-0.46,-0.46,0,101502000,20712000,319854000,442001000,483431000,6997000,33.42,37.1,29.75,-0.754,-0.3347,4.04,21.29,None,0,None,0.1175,0.5629,None,0.29,0.75,4.6
2006-06-30,111801481,111801481,1,625478000,452589000,450482000,108735000,174996000,0,0,0,160095000,29726000,-77658000,-77658000,-0.72,-0.72,0,-58982000,8830000,9549000,-40397000,41430000,10779000,34.5,40,29,None,-0.4364,1.57,16.35,None,0,None,0.9148,0.2798,None,0.3,-0.62,4.1623
2006-03-31,110166825,110166825,1,524658000,370048000,291746000,82243000,232912000,0,0,0,160100000,39087000,-50087000,-50087000,-0.47,-0.47,0,-60708000,42288000,22160000,3782000,81827000,7453000,35.61,44.71,26.5,None,-0.376,2.11,16.33,None,0,None,0.6874,0.4439,None,0.31,-0.62,4.4994
2005-12-31,109734852,109734852,1,548998000,385055000,309822000,100243000,239176000,0,0,0,160100000,63756000,-38131000,-38131000,-0.38,-0.38,0,-7003000,-32064000,15641000,-23574000,78045000,5142000,24.77,29.24,20.31,None,-0.3731,2.18,18.49,None,0,None,0.6694,0.4357,None,0.3,-0.11,3.8412
2005-09-30,99126621,99126621,1,550575000,424334000,417263000,121810000,133312000,0,0,0,274550000,36207000,-79578000,-79578000,-0.84,-0.84,0,-56311000,-48385000,11769000,-93076000,101619000,4434000,19,22.68,15.33,None,-0.3823,1.34,14.73,None,0,None,2.0595,0.2421,None,0.25,-0.61,3.4836
2005-06-30,95675759,95675759,1,596903000,465310000,473945000,137986000,122958000,0,0,0,315000000,32321000,-40988000,-40988000,-0.5,-0.5,0,-53910000,42012000,169474000,157324000,194695000,4144000,12.83,17.06,8.61,None,-0.304,1.29,None,None,0,None,2.5619,0.206,None,0.23,-0.61,3.3722
2005-03-31,81290268,81290268,1,484229000,350029000,492720000,148167000,-8491000,0,0,0,315000000,28606000,-44720000,-44720000,-0.56,-0.56,0,-54830000,36705000,572000,-17635000,37371000,3239000,10.59,11.99,9.2,None,-0.3061,-0.1,24.07,None,0,None,None,None,None,0.2,-0.71,2.3624
2004-12-31,81206723,81206723,1,545453000,406712000,510012000,153745000,35441000,0,0,0,315000000,39835000,-42769000,-42769000,-0.55,-0.55,0,-23642000,37891000,3478000,17969000,55006000,3804000,10.92,12.05,9.79,None,-0.2756,0.44,11.74,None,0,None,8.888,0.065,None,0.17,-0.34,2.6454
2004-09-30,80309990,80309990,1,574362000,432832000,500042000,134446000,74320000,0,0,0,315000000,26828000,-38771000,-38771000,-0.49,-0.49,0,-43675000,18142000,-1094000,-26655000,37037000,1831000,9.63,11.19,8.06,None,-0.2539,0.93,6.98,None,0,None,4.2384,0.1294,None,0.11,-0.57,3.2194
2004-06-30,79987243,79987243,1,624051000,474215000,513758000,137451000,110293000,0,0,0,315000000,18541000,-44269000,-44269000,-0.56,-0.56,0,-22971000,44757000,-10949000,10685000,63692000,3984000,9,10,8,None,-0.3074,1.38,4.52,None,0,None,2.856,0.1767,None,0.09,-0.34,3.4501
2004-03-31,78787043,78787043,1,669188000,533438000,512092000,120840000,157096000,0,0,0,315000000,17513000,-40438000,-40438000,-0.52,-0.52,0,-51872000,6638000,-61000,-45152000,53007000,2876000,10.51,12.2,8.82,None,-0.3527,1.99,4.26,None,0,None,2.0051,0.2348,None,0.09,-0.69,4.4144
2003-12-31,78183920,78183920,1,724411000,593806000,531566000,139067000,192845000,0,0,0,315000000,10604000,-41029000,-41029000,-0.54,-0.54,0,-28701000,32284000,16680000,20710000,98159000,3850000,11.01,14.19,7.83,-0.6917,-0.2543,2.47,3.69,None,0,None,1.6334,0.2662,None,0.09,-0.42,4.2699
2003-09-30,77700911,77700911,1,742676000,610275000,511394000,119825000,231282000,0,0,0,315000000,18352000,-86421000,-86421000,-1.12,-1.12,0,-48532000,-16359000,8974000,-55961000,77449000,-1381000,14.25,16.77,11.73,-0.5676,-0.2358,2.98,3.5,None,0,None,1.362,0.3114,None,0.13,-0.61,5.0931
2003-06-30,76985948,76985948,1,787456000,649242000,473939000,86521000,313517000,0,0,0,315000000,17576000,-89928000,-89928000,-1.17,-1.17,0,-40318000,-8176000,804000,-47363000,133410000,7943000,14.34,18.75,9.94,-0.3595,-0.1647,4.07,2.75,None,0,None,1.0047,0.3981,None,0.14,-0.63,7.5039
2003-03-31,76707207,76707207,1,840306000,697975000,440037000,56291000,400269000,0,0,0,315023000,22609000,20611000,20611000,0.27,0.27,0,-50072000,111836000,11010000,72675000,180773000,6939000,13.04,16.5,9.59,-0.1624,-0.0788,5.22,2.63,None,0,None,0.787,0.4763,None,0.17,-0.74,12.3994
2002-12-31,76502161,76502161,1,815720000,656572000,437139000,64597000,378581000,0,0,0,325944000,43784000,-32083000,-32083000,-0.42,-0.42,0,-13476000,11202000,6648000,4504000,108098000,10556000,18.47,21.6,15.34,-0.2596,-0.1284,4.95,3.45,None,0,None,0.861,0.4641,None,0.19,-0.31,10.1641
2002-09-30,76368186,76368186,1,831069000,673653000,422856000,58788000,408213000,0,0,0,321313000,34276000,-33452000,-33452000,-0.44,-0.44,0,-18286000,-4381000,833000,-21674000,103594000,12399000,18.32,23.96,12.67,-0.2295,-0.1163,5.35,3.19,None,0,None,0.7871,0.4912,None,0.24,-0.4,11.459
2002-06-30,76022827,76022827,1,860474000,707608000,423794000,62286000,436680000,0,0,0,321730000,42330000,-21019000,-21019000,-0.28,-0.28,0,-17496000,-38656000,4778000,-50961000,125268000,8446000,23.73,32.45,15.02,-0.1922,-0.0986,5.74,3.99,None,0,None,0.7368,0.5075,None,0.23,-0.34,11.3606
2002-03-31,75738966,75738966,1,875510000,723783000,425401000,65547000,450109000,0,0,0,322331000,40695000,-22067000,-22067000,-0.29,-0.29,0,-30281000,15873000,1583000,-12976000,176229000,9812000,23.85,29.92,17.78,-0.1782,-0.091,5.94,3.78,None,0,None,0.7161,0.5141,None,0.22,-0.53,11.0422
2001-12-31,75334652,75334652,1,925131000,776092000,449780000,91553000,475351000,0,0,0,323026000,90140000,-25032000,-25032000,-0.23,-0.23,0,42257000,-32228000,-16618000,-6746000,189205000,11728000,22.79,28.84,16.74,-0.1537,-0.0783,6.31,3.59,None,0,None,0.6796,0.5138,None,0.2,0.41,8.477
2001-09-30,74958290,74958290,1,922370000,428418000,446083000,91898000,476287000,0,0,0,354185000,36850000,-20224000,-20224000,-0.3,-0.3,0,-39060000,39268000,2365000,2855000,195951000,21968000,32.44,49.38,15.5,-0.1283,-0.0649,6.35,6.36,None,0,None,0.7436,0.5164,None,0.12,-0.81,4.6619
2001-06-30,74704821,74704821,1,766834000,330474000,385485000,38852000,381349000,0,0,0,346633000,21443000,-12107000,-12107000,-0.2,-0.2,0,-2747000,-54029000,2680000,-54135000,168527000,10157000,41,52.25,29.75,-0.1648,-0.074,5.1,6.33,None,0,None,0.909,0.4973,None,0.1,-0.17,8.506
2001-03-31,60296772,60296772,1,769544000,333278000,378838000,31872000,390706000,0,0,0,346966000,19057000,-8870000,-8870000,-0.15,-0.15,0,-8524000,-98098000,7591000,-99428000,222662000,10046000,50.4,75.17,25.63,-0.1053,-0.0472,6.48,7.84,None,0,None,0.888,0.5077,None,0.13,-0.31,10.4568
2000-12-31,60150471,60150471,1,772881000,403186000,385984000,38671000,386897000,0,0,0,347313000,19704000,-11254000,-11254000,-0.19,-0.19,0,-13823000,-146360000,10598000,-149339000,322090000,5811000,75.38,99.25,51.5,-0.1525,-0.0669,6.43,19.63,None,0,None,0.8977,0.5006,None,0.13,-0.33,10.4261
2000-09-30,59023873,59023873,1,774563000,722185000,547958000,199837000,226605000,0,0,0,348121000,13866000,-24858000,-24858000,-0.46,-0.46,0,-10249000,-46778000,345490000,288221000,471429000,1670000,71,96,46,-0.1237,-0.0583,3.84,16.95,None,0,None,1.5362,0.2926,None,0.19,-0.2,3.6139
2000-06-30,53694464,53694464,1,428322000,385519000,203210000,24591000,225112000,0,0,0,178619000,37034000,12613000,12613000,0.24,0.21,0,22977000,-41031000,9884000,-8542000,183208000,1778000,38.44,58,18.88,-0.0765,-0.0503,4.19,9.98,None,0,None,0.7935,0.5256,None,0.26,0.39,15.6772
2000-03-31,26216297,52432594,2,396931000,353751000,195194000,16039000,201737000,0,0,0,179155000,7523000,-16159000,-16159000,-0.62,-0.62,0,-15549000,-2160000,178059000,160202000,191750000,2654000,30.84,45.19,16.5,-0.1893,-0.1448,3.85,7.67,None,0,None,0.8881,0.5082,None,0.23,-0.35,22.0557
1999-12-31,26009481,52018962,2,232445000,195197000,23211000,18518000,209234000,0,0,0,4693000,29630000,1715000,1715000,0.07,0.07,0,9204000,-751000,877000,9179000,31548000,2740000,15.16,18.63,11.69,-0.1897,-0.1733,4.02,3.76,None,0,None,0.0224,0.9001,None,0.26,0.12,10.5409
1999-09-30,25644002,51288004,2,224848000,194126000,18328000,13071000,206520000,0,0,0,5257000,9561000,-14286000,-14286000,-0.56,-0.56,0,-13519000,23470000,939000,11196000,22369000,5639000,14.23,17.41,11.06,-0.2455,-0.2257,4.03,3.32,None,0,None,0.0255,0.9185,None,0.18,-0.37,14.8517
1999-06-30,25534912,51069824,2,238632000,211334000,20048000,14220000,218584000,0,0,0,5828000,15328000,-10841000,-10841000,-0.43,-0.43,0,-12622000,3710000,368000,-8637000,11173000,5371000,11.44,13.19,9.69,-0.1815,-0.1676,4.28,2.54,None,0,None,0.0267,0.916,None,0.2,-0.35,14.8617
1999-03-31,25473644,50947288,2,249702000,226729000,20191000,13785000,229511000,0,0,0,6406000,7129000,-17554000,-17554000,-0.69,-0.69,0,-14869000,9933000,591000,-4359000,19810000,2460000,13.75,16.25,11.25,-0.1699,-0.158,4.5,2.84,None,0,None,0.0279,0.9191,None,0.17,-0.34,16.4475
1998-12-31,25400241,50800482,2,266346000,248708000,20134000,13102000,246212000,0,0,0,7032000,11660000,-12597000,-12597000,-0.5,-0.5,0,-10794000,-14787000,108000,-25483000,24169000,2171000,12.5,15,10,-0.1281,-0.12,4.85,2.45,None,0,None,0.0286,0.9244,None,0.16,-0.26,18.9824
1998-09-30,25341169,50682338,2,277871000,260885000,18789000,11160000,259082000,0,0,0,7629000,18417000,-2273000,-2273000,-0.09,-0.09,0,1006000,10920000,1442000,13378000,49652000,1233000,10.59,13.94,7.25,-0.1027,-0.0964,5.11,2.07,None,0,None,0.0294,0.9324,None,0.16,-0,23.3768
1998-06-30,25313548,50627096,2,274900000,257926000,15561000,8676000,259339000,0,0,0,6885000,7152000,-9802000,-9802000,-0.39,-0.39,0,-9061000,-14452000,1342000,-22172000,36274000,2279000,13.85,16.94,10.75,-0.1138,-0.1071,5.12,2.61,None,0,None,0.0265,0.9434,None,0.14,-0.22,29.7287
1998-03-31,25288904,50577808,2,283346000,267536000,14920000,8711000,268426000,0,0,0,6209000,7169000,-8414000,-8414000,-0.33,-0.33,0,-12206000,-2075000,1272000,-13008000,58446000,2218000,17.91,20.19,15.63,-0.0809,-0.0763,5.31,3.28,None,0,None,0.0231,0.9473,None,0.15,-0.29,30.7124
1997-12-31,25267905,50535810,2,295604000,281623000,19603000,13698000,276001000,0,0,0,5905000,11179000,-6797000,-6797000,-0.27,-0.27,0,-3437000,-103869000,1567000,-105737000,71454000,1936000,15.91,19.19,12.63,-0.0709,-0.067,5.46,2.85,None,0,None,0.0214,0.9337,None,0.15,-0.11,20.5594
1997-09-30,25196342,50392684,2,298727000,285466000,17246000,11758000,281481000,0,0,0,5488000,13547000,-5856000,-5856000,-0.23,-0.23,0,-2847000,-9676000,1138000,-11393000,177191000,1096000,17.75,20.82,14.69,-0.0602,-0.0572,5.59,3.11,None,0,None,0.0195,0.9423,None,0.13,-0.08,24.2784
1997-06-30,25096445,50192890,2,300666000,287808000,14714000,9268000,285952000,0,0,0,5446000,12155000,-1412000,-1412000,-0.06,-0.06,0,-346000,92063000,11939000,103657000,188584000,728000,19.34,24.88,13.81,-0.0714,None,5.7,3.47,None,0,None,0.019,0.9511,None,0.12,-0.02,31.0539
1997-03-31,24721133,49442266,2,289641000,276771000,14434000,9101000,275207000,0,0,0,5333000,6918000,-5766000,-5766000,-0.26,-0.26,0,-2732000,-97332000,150147000,50076000,84927000,2260000,22.63,26.38,18.88,-0.2042,None,5.57,3.99,None,0,None,0.0194,0.9502,None,0.11,-0.1,30.4111
1996-12-31,24680649,49361298,2,292362000,281013000,12673000,7056000,279689000,0,0,0,5617000,6581000,-3866000,-3866000,-0.19,-0.19,0,-2862000,-4006000,2582000,-4273000,34851000,2275000,17.29,20.13,14.44,None,None,5.67,5.45,None,0,None,0.0201,0.9567,None,None,-0.1,39.8261
1996-09-30,21063825,42127650,2,143460000,132374000,9794000,5375000,133666000,0,0,0,4419000,4120000,-6346000,-6346000,-0.33,-0.33,0,-6907000,-41282000,78063000,29874000,39124000,651000,14.88,18.13,11.63,None,None,3.17,10.12,None,0,None,0.0331,0.9317,None,None,-0.18,24.6277
1996-06-30,21008062,42016124,2,73743000,62232000,12001000,7451000,61742000,0,0,0,4550000,4146000,-22325000,-22325000,-1.28,-1.28,0,-22158000,5189000,6039000,-10928000,9250000,478000,16,19,13,None,None,1.47,7.08,None,0,None,0.0737,0.8373,None,None,-0.54,8.3522
1996-03-31,17368453,34736906,2,90320000,78586000,11890000,7519000,78430000,0,0,0,4371000,3751000,-7468000,-7468000,-0.43,-0.43,0,-8326000,-251000,366000,-8212000,20178000,579000,12.97,14.94,11,None,None,2.26,None,None,0,None,0.0557,0.8684,None,None,-0.26,10.4517
