"Quarter end","Shares","Shares split adjusted","Split factor","Assets","Current Assets","Liabilities","Current Liabilities","Shareholders equity","Non-controlling interest","Preferred equity","Goodwill & intangibles","Long-term debt","Revenue","Earnings","Earnings available for common stockholders","EPS basic","EPS diluted","Dividend per share","Cash from operating activities","Cash from investing activities","Cash from financing activities","Cash change during period","Cash at end of period","Capital expenditures","Price","Price high","Price low","ROE","ROA","Book value of equity per share","P/B ratio","P/E ratio","Cumulative dividends per share","Dividend payout ratio","Long-term debt to equity ratio","Equity to assets ratio","Net margin","Asset turnover","Free cash flow per share","Current ratio"
2019-06-30,251378410,251378410,1,9728308000,459099000,5546055000,613631000,4182253000,0,0,0,3792455000,851429000,115185000,113593000,0.46,0.46,0.02,184822000,-163954000,-20849000,19000,507000,199763000,8.92,11.42,6.42,-0.3533,-0.1563,16.64,0.55,None,2.09,None,0.9068,0.4299,None,0.34,-0.06,0.7482
2019-03-31,251148010,251148010,1,9635064000,388478000,5572401000,670800000,4062663000,0,0,0,3790649000,748137000,1419000,1405000,0.01,0.01,0.02,260694000,-211959000,-48792000,-57000,488000,213572000,10.68,12.14,9.22,-0.3642,-0.1668,16.18,0.66,None,2.07,None,0.933,0.4217,None,0.31,0.19,0.5791
2018-12-31,250161892,250161892,1,9708154000,602185000,5648723000,754811000,4059431000,0,0,0,3869329000,1072637000,-1764422000,-1763440000,-7.16,-7.16,0.02,215743000,111114000,-326669000,188000,545000,-111659000,13.91,18.59,9.23,-0.3253,-0.1548,16.23,0.6,14.49,2.05,None,0.9532,0.4181,None,0.29,1.31,0.7978
2018-09-30,249505145,249505145,1,11866136000,422484000,6048848000,753867000,5817288000,0,0,1641197000,4160900000,811225000,48539000,47949000,0.19,0.19,0.02,229432000,-180907000,-48583000,-58000,357000,185077000,16.18,18.04,14.32,0.0409,0.0203,23.32,0.7,64.72,2.03,0.0842,0.7153,0.4902,0.082,0.25,0.18,0.5604
2018-06-30,249454545,249454545,1,11826077000,384872000,6062042000,740009000,5764035000,0,0,1641197000,4207162000,656184000,-79836000,-79905000,-0.32,-0.32,0.02,174943000,-290221000,115166000,-112000,415000,289674000,15.3,17.43,13.18,0.0107,0.0054,23.11,0.65,18,2.01,0.3256,0.7299,0.4874,0.0239,0.22,-0.46,0.5201
2018-03-31,249237217,249237217,1,11730168000,337947000,5895576000,678846000,5834592000,0,0,1641197000,4081694000,742599000,49238000,48670000,0.2,0.2,0.02,370572000,-335420000,-35073000,79000,527000,334155000,15.16,18.39,11.93,0.0368,0.0182,23.41,0.65,11.31,1.99,0.0947,0.6996,0.4974,0.0814,0.22,0.15,0.4978
2017-12-31,248539169,248539169,1,11728841000,429234000,5954569000,755473000,5774272000,0,0,1641197000,4108806000,679032000,221185000,220125000,0.89,0.89,0.02,215722000,-347264000,131461000,-81000,448000,370930000,17.99,20.65,15.33,0.0584,0.0287,23.23,0.81,None,1.97,0.0603,0.7116,0.4923,0.1262,0.23,-0.62,0.5682
2017-09-30,248139327,248139327,1,11637739000,337250000,6100259000,671366000,5537480000,0,0,1641197000,3981962000,482232000,-127700000,-127758000,-0.52,-0.52,0.02,189204000,-310175000,120980000,9000,529000,311829000,19.8,23.59,16,-0.0097,-0.0044,22.32,0.87,282.86,1.95,None,0.7191,0.4758,None,0.19,-0.49,0.5023
2017-06-30,248132251,248132251,1,11621336000,360614000,5959445000,596992000,5661891000,0,0,1646710000,3848589000,673111000,69550000,68799000,0.28,0.28,0.02,185466000,-288497000,103006000,-25000,520000,266345000,25.63,30.3,20.95,0.0058,0.0031,22.82,1.14,None,1.93,0.6156,0.6797,0.4872,0.0152,0.19,-0.33,0.6041
2017-03-31,247590322,247590322,1,11421745000,297537000,5839269000,631080000,5582476000,0,0,1654292000,3738795000,776655000,170111000,168229000,0.69,0.69,0.02,225862000,-193121000,-32510000,231000,545000,190964000,31.5,36.4,26.61,-0.0553,-0.0257,22.55,1.44,None,1.91,None,0.6697,0.4888,None,0.15,0.14,0.4715
2016-12-31,247516578,247516578,1,11282245000,281883000,5873877000,702653000,5408368000,0,0,1654292000,3808812000,253522000,-162771000,-162826000,-0.67,-0.67,0.02,185031000,-142098000,-43161000,-228000,314000,140674000,35.7,40.2,31.2,-0.1304,-0.0584,21.85,1.62,None,1.89,None,0.7042,0.4794,None,0.12,0.18,0.4012
2016-09-30,247145294,247145294,1,11327259000,379210000,5866446000,462134000,5460813000,0,0,1630981000,3826709000,413207000,-41971000,-42027000,-0.23,-0.23,0.02,32433000,-92455000,60182000,160000,542000,103193000,41.17,45.76,36.58,-0.2038,-0.0869,22.1,2.84,None,1.87,None,0.7008,0.4821,None,0.16,-0.29,0.8206
2016-06-30,170090371,170090371,1,6380179000,145712000,3915252000,339613000,2464927000,0,0,0,2566961000,101797000,-224936000,-224992000,-1.35,-1.35,0.02,82180000,-59389000,-22938000,-147000,382000,61100000,39.03,46.96,31.11,-0.3422,-0.1324,14.49,2.48,None,1.85,None,1.0414,0.3863,None,0.19,0.12,0.4291
2016-03-31,169745546,169745546,1,6705150000,391726000,4033806000,338234000,2671344000,0,0,0,2589065000,331413000,-91710000,-91766000,-0.55,-0.55,0.02,87424000,-14893000,-72473000,58000,529000,14064000,28.04,36.86,19.21,-0.2801,-0.1082,15.74,1.72,None,1.83,None,0.9692,0.3984,None,0.19,0.43,1.1582
2015-12-31,169585625,169585625,1,6900031000,439074000,4140373000,351720000,2759658000,0,0,0,2790000000,408674000,-321827000,-321589000,-1.93,-1.93,0.04,168140000,727222000,-895381000,-19000,471000,-735829000,29.26,37.73,20.79,-0.2247,-0.0866,16.27,1.61,None,1.81,None,1.011,0.3999,None,0.19,5.33,1.2484
2015-09-30,169369679,169369679,1,8397904000,423428000,5313222000,465812000,3084682000,0,0,0,3587000000,479252000,-300948000,-301062000,-1.81,-1.81,0.04,145418000,-241125000,95676000,-31000,490000,240604000,39.86,49.4,30.33,-0.0338,-0.0124,18.21,2,20.13,1.77,None,1.1628,0.3673,None,0.24,-0.56,0.909
2015-06-30,169361512,169361512,1,8805931000,373608000,5424517000,506752000,3381414000,0,0,0,3464000000,247510000,-118594000,-118705000,-0.71,-0.71,0.04,159504000,-327209000,167707000,2000,521000,331971000,57,65.53,48.46,0.0983,0.0394,19.97,2.76,15.28,1.73,0.0815,1.0244,0.384,0.1508,0.26,-1.02,0.7373
2015-03-31,169072268,169072268,1,8844887000,510639000,5355431000,611305000,3489456000,0,0,0,3262000000,462632000,27684000,27221000,0.16,0.16,0.04,210638000,-377660000,167093000,71000,519000,377918000,49.81,55.74,43.88,0.1885,0.0753,20.64,2.43,13.21,1.69,0.0436,0.9348,0.3945,0.2278,0.33,-0.99,0.8353
2014-12-31,168909287,168909287,1,8746780000,570292000,5289351000,755264000,3457429000,0,0,0,3073000000,872214000,284054000,279236000,1.68,1.67,0.04,299197000,-373518000,74301000,-20000,448000,370651000,63.23,74.64,51.83,0.2062,0.0791,20.47,3.37,27.98,1.65,0.043,0.8888,0.3953,0.23,0.34,-0.42,0.7551
2014-09-30,168700876,168700876,1,8034450000,236642000,4865533000,466412000,3168917000,0,0,0,2999000000,616615000,146418000,143939000,0.87,0.86,0.04,213415000,-359329000,146090000,176000,468000,212250000,77.18,87.37,66.98,0.1351,0.0494,18.78,4.31,50.78,1.61,0.0712,0.9464,0.3944,0.1647,0.3,0.01,0.5074
2014-06-30,168697568,168697568,1,7800558000,247579000,4780384000,558870000,3020174000,0,0,0,2830000000,765524000,171389000,168521000,1.04,1.04,0.04,260302000,-236372000,-23884000,46000,292000,381033000,89.02,95.41,82.63,0.0967,0.0339,17.9,5.95,65.46,1.57,0.1063,0.937,0.3872,0.1186,0.28,-0.72,0.443
2014-03-31,163879524,163879524,1,7482775000,279345000,5033094000,548535000,2449681000,0,0,0,3234866000,457342000,32521000,31961000,0.2,0.2,0.04,181221000,-276237000,94914000,-102000,246000,279811000,85.02,90.76,79.28,0.0919,0.0312,14.95,5.76,123.22,1.53,0.1182,1.3205,0.3274,0.1107,0.28,-0.6,0.5093
2013-12-31,163687012,163687012,1,7299086000,248301000,4884634000,495561000,2414452000,0,0,0,3140516000,428086000,28171000,28981000,0.18,0.16,0.04,240672000,-312303000,71724000,93000,348000,324996000,79.02,85.49,72.54,0.0482,0.0165,14.75,5.4,91.88,1.49,0.2298,1.3007,0.3308,0.0611,0.26,-0.52,0.5011
2013-09-30,163421596,163421596,1,7030630000,222732000,4639629000,453583000,2391001000,0,0,0,3067170000,442038000,19178000,18837000,0.12,0.12,0.04,222977000,-343041000,120035000,-29000,255000,646220000,79.94,85.23,74.66,0.059,0.0204,14.63,5.48,199.85,1.45,0.1885,1.2828,0.3401,0.0726,0.28,-2.59,0.4911
2013-06-30,163396396,163396396,1,6930182000,273448000,4544399000,504376000,2385783000,0,0,0,2948835000,673356000,143983000,141648000,0.88,0.88,0.04,78640000,-87087000,8537000,90000,284000,94836000,76.13,81.13,71.14,0.0283,0.0099,14.6,5.5,None,1.41,0.3969,1.236,0.3443,0.0373,0.26,-0.1,0.5422
2013-03-31,163072587,163072587,1,6866531000,370640000,4609139000,607663000,2257392000,0,0,0,2936505000,319239000,-75610000,-75719000,-0.47,-0.47,0.04,201249000,-241005000,39698000,-58000,194000,231270000,72.2,83.15,61.25,-0.0091,-0.0031,13.84,4.99,1031.43,1.37,None,1.3008,0.3288,None,0.23,-0.18,0.6099
2012-12-31,162842514,162842514,1,6728735000,327614000,4371343000,455143000,2357392000,0,0,0,2878185000,473478000,52962000,53733000,0.34,0.33,0.04,185976000,-218864000,32989000,101000,252000,229054000,67.48,73.94,61.03,0.0053,0.002,14.48,4.81,None,1.33,2.0735,1.2209,0.3503,0.0086,0.22,-0.26,0.7198
2012-09-30,162629126,162629126,1,6657720000,270535000,4375893000,545744000,2281827000,0,0,0,2849869000,294893000,-53836000,-53955000,-0.34,-0.34,0.04,178177000,-389988000,211804000,-7000,151000,381758000,64.49,72.48,56.5,-0.0186,-0.0068,14.03,4.34,238.85,1.29,None,1.2489,0.3427,None,0.22,-1.25,0.4957
2012-06-30,162485399,162485399,1,6543894000,372343000,4127173000,540500000,2416721000,0,0,0,2623562000,442440000,55676000,54677000,0.34,0.34,0.04,126969000,-475847000,226138000,-122740000,158000,472443000,61.14,69.18,53.09,0.0184,0.0076,14.87,4.14,244.56,1.25,0.5899,1.0856,0.3693,0.0311,0.23,-2.13,0.6889
2012-03-31,162184405,162184405,1,6277945000,462879000,3884856000,554535000,2393089000,0,0,0,2388260000,246893000,-41800000,-41913000,-0.26,-0.26,0.04,155977000,-443859000,410688000,122806000,122898000,442981000,60.42,68.5,52.34,0.0146,0.0072,14.76,4.09,172.63,1.21,0.7557,0.998,0.3812,0.0268,0.22,-1.77,0.8347
2011-12-31,161748938,161748938,1,5845470000,315263000,3453050000,511932000,2392420000,0,0,0,1974967000,386246000,-2989000,-2989000,-0.02,-0.02,0.04,217843000,-439527000,169892000,-51792000,92000,-779972000,63.57,74.93,52.21,0.0223,0.0104,14.79,4.41,None,1.17,0.5048,0.8255,0.4093,0.0419,0.22,6.17,0.6158
2011-09-30,161255791,161255791,1,5476478000,290770000,3152725000,406927000,2323753000,0,0,0,1787678000,338205000,34755000,34142000,0.22,0.21,0.04,100181000,-353591000,16455000,-236955000,51884000,418674000,64.4,77.24,51.56,-0.1175,-0.0469,14.41,4.62,None,1.13,None,0.7693,0.4243,None,0.2,-1.98,0.7146
2011-06-30,161058704,161058704,1,5309907000,443888000,3064980000,352040000,2244927000,0,0,0,1787398000,306629000,51293000,44968000,0.32,0.32,0.04,172991000,516966000,-402799000,287158000,288839000,312716000,55.09,59.64,50.55,-0.1326,-0.0538,13.94,4.05,None,1.09,None,0.7962,0.4228,None,0.17,-0.87,1.2609
2011-03-31,160703877,160703877,1,5615247000,1015936000,3431629000,350472000,2183618000,0,0,0,2166816000,187576000,-25033000,-25033000,-0.16,-0.16,0.04,140622000,-271829000,130040000,-1167000,1681000,275082000,51.72,59.23,44.2,-0.1438,-0.0602,13.59,3.73,None,1.05,None,0.9923,0.3889,None,0.15,-0.84,2.8988
2010-12-31,160491399,160491399,1,5498586000,261714000,3274825000,430562000,2223761000,0,0,0,1960536000,238718000,-317719000,-317719000,-2.03,-2.03,0.04,114454000,-273043000,159359000,770000,2848000,-227811000,40.68,46.25,35.11,-0.0971,-0.0421,13.86,2.53,107.05,1.01,None,0.8816,0.4044,None,0.18,2.13,0.6078
2010-09-30,160071797,160071797,1,5837165000,276963000,3261895000,378647000,2575270000,0,0,0,1851260000,226961000,-8168000,-8168000,-0.05,-0.05,0.04,138431000,-296277000,-6934000,-164780000,2078000,296078000,37.69,43.12,32.25,0.0246,0.0109,16.09,2.39,157.04,0.97,0.4141,0.7189,0.4412,0.0589,0.19,-0.98,0.7315
2010-06-30,160029859,160029859,1,5762845000,373412000,3236006000,351621000,2526839000,0,0,0,1859562000,224817000,9052000,9052000,0.06,0.06,0.04,107563000,-337616000,110397000,-119656000,166858000,337436000,46.82,53.64,40,0.0163,0.0072,15.79,2.94,None,0.93,0.6358,0.7359,0.4385,0.0391,0.18,-1.44,1.062
2010-03-31,159421086,159421086,1,5642101000,560946000,3107165000,337906000,2534936000,0,0,0,1738194000,348479000,77579000,77579000,0.5,0.48,0.04,152874000,108078000,24795000,285747000,286514000,-109200000,49.66,54.65,44.68,-0.0037,-0.0016,15.9,3.32,None,0.89,None,0.6857,0.4493,None,0.18,1.64,1.6601
2009-12-31,159142506,159142506,1,5395881000,175280000,3017292000,314104000,2378589000,0,0,0,1707833000,246831000,-16777000,-16777000,-0.11,-0.11,0.04,147907000,-88706000,-59293000,-92000,767000,75099000,51.06,60.13,41.99,-0.0222,-0.0098,14.95,3.38,130.92,0.85,None,0.718,0.4408,None,0.17,0.46,0.558
2009-09-30,157733941,157733941,1,5396382000,197176000,3011053000,246364000,2385329000,0,0,0,1781480000,203641000,-29818000,-29818000,-0.19,-0.19,0.04,175334000,-170109000,-6518000,-1293000,859000,156379000,44.17,52.86,35.48,0.0231,0.0102,15.12,2.84,18.48,0.81,0.4438,0.7468,0.442,0.0563,0.18,0.12,0.8003
2009-06-30,157255568,157255568,1,5435999000,293252000,2993173000,237266000,2442826000,0,0,0,1787517134,180432000,-39883000,-39883000,-0.26,-0.26,0.04,119273000,35107000,-152984000,1396000,2152000,-56603000,43.77,48.78,38.75,0.1539,0.0676,15.53,2.73,18.09,0.77,0.0673,0.7317,0.4494,0.261,0.26,1.12,1.236
2009-03-31,156548580,156548580,1,5715258000,412563000,3206687000,313970000,2508571000,0,0,0,1904770000,276437000,32608000,32608000,0.21,0.21,0.04,149161000,-250099000,100941000,3000,756000,165329000,38.38,45.86,30.9,0.1686,0.0704,16.02,2.44,17.29,0.73,0.0661,0.7593,0.4389,0.2705,0.26,-0.1,1.314
2008-12-31,156206315,156206315,1,5562543000,404311000,3104710000,353514000,2457833000,0,0,0,1790668000,344862000,93676000,93676000,0.57,0.63,0.04,224379000,-343998000,120107000,488000,753000,250972000,33.96,44.15,23.77,0.1714,0.0685,15.73,2.34,18.66,0.69,0.0713,0.7286,0.4419,0.2617,0.26,-0.17,1.1437
2008-09-30,155335630,155335630,1,5271194000,315356000,3017241000,422488000,2253953000,0,0,0,1647459000,622670000,285324000,285324000,1.87,1.81,0.04,255526000,-608981000,353647000,192000,265000,239846000,55.16,72.98,37.34,0.1561,0.0615,14.51,4.96,137.9,0.65,0.0852,0.7309,0.4276,0.2387,0.26,0.1,0.7464
2008-06-30,155102043,155102043,1,4879656000,438111000,3155801000,872376000,1723855000,0,0,0,1303356000,150077000,-34582000,-34582000,-0.23,-0.23,0.04,138559000,-293570000,154994000,-17000,73000,213251000,68.97,76.81,61.13,0.0355,0.014,11.11,6.3,65.07,0.61,0.3757,0.7561,0.3533,0.0735,0.19,-0.48,0.5022
2008-03-31,150314399,150314399,1,4487695000,273033000,2843697000,502056000,1643998000,0,0,0,1439757000,205338000,1740000,1740000,0.01,0.01,0.04,206303000,-485228000,274997000,-3928000,90000,213957000,54.28,65.53,43.02,0.0946,0.0397,10.94,4.71,34.79,0.57,0.1316,0.8758,0.3663,0.174,0.23,-0.05,0.5438
2007-12-31,149903625,149903625,1,4016508000,261814000,2288486000,305433000,1728022000,0,0,0,1150658000,223383000,34311000,34311000,0.2,0.23,0.04,186572000,-222288000,39547000,3831000,4018000,187103000,44.53,51.88,37.17,0.1445,0.0622,11.53,3.89,33.48,0.53,0.084,0.6659,0.4302,0.2675,0.23,-0,0.8572
2007-09-30,149193657,149193657,1,3848426000,231060000,2139614000,243967000,1708812000,0,0,0,1113062000,242353000,58915000,58915000,0.4,0.39,0.03,179056000,-260611000,65148000,-16407000,187000,232103000,37.58,41.87,33.28,0.1331,0.0562,11.45,3.39,28.91,0.49,0.0892,0.6514,0.444,0.2391,0.24,-0.36,0.9471
2007-06-30,148493311,148493311,1,3675676000,237090000,2027567000,250315000,1648109000,0,0,0,1043467000,243514000,64206000,64206000,0.44,0.43,0.03,185030000,-525467000,189176000,-151261000,16594000,199129000,36.95,40.5,33.4,0.1394,0.0573,11.1,4.21,29.56,0.46,0.0838,0.6331,0.4484,0.2337,0.25,-0.09,0.9472
2007-03-31,148015600,148015600,1,3280884000,345249000,1981970000,184944000,1298914000,0,0,0,1134374000,152841000,73137000,73137000,0.53,0.51,0.03,91633000,-12206000,86046000,165473000,167855000,190107000,29.7,33.8,25.59,0.1448,0.0569,8.78,3.29,25.83,0.43,0.0803,0.8733,0.3959,0.237,0.24,-0.67,1.8668
2006-12-31,139210404,139210404,1,3187674000,320337000,1931513000,232356000,1256161000,0,0,0,1048782000,183982000,427000,427000,0.01,-0,0.03,131735000,-197057000,65453000,131000,2382000,167674000,27.29,31.77,22.8,0.1449,0.057,9.02,3.09,18.56,0.4,0.0777,0.8349,0.3941,0.2035,0.28,-0.26,1.3786
2006-09-30,138629929,138629929,1,3051250000,311586000,1827121000,216008000,1224129000,0,0,0,981394000,228880000,51330000,51330000,0.37,0.36,0.02,90561000,-183913000,88815000,-4537000,2251000,148321000,26.88,30.37,23.38,0.2103,0.0806,8.83,3.42,20.73,0.37,0.0536,0.8017,0.4012,0.2632,0.31,-0.42,1.4425
2006-06-30,138075488,138075488,1,2871786000,302845000,1784967000,278111000,1086819000,0,0,0,894702000,177673000,51270000,51270000,0.39,0.38,0.02,132070000,-423241000,296610000,5439000,6788000,103781000,26.02,30.29,21.74,0.2202,0.0784,7.87,4.2,23.87,0.35,0.0558,0.8232,0.3784,0.2576,0.3,0.2,1.0889
2006-03-31,131268033,131268033,1,2034953000,145281000,1220473000,208384000,814480000,0,0,0,593125000,189193000,55675000,55675000,0.43,0.41,0.02,125509000,-107448000,-21462000,-3401000,1349000,97617000,26.52,30.52,22.52,0.2096,0.0739,6.2,4.98,31.08,0.33,0.0601,0.7282,0.4002,0.2342,0.32,0.21,0.6972
2005-12-31,130661982,130661982,1,2018985000,207977000,1322062000,321760000,696923000,0,0,0,616153000,167764000,42682000,42682000,0.34,0.32,0.02,103342000,-87461000,-12519000,3362000,4750000,83339000,24.54,28.37,20.71,0.1782,0.0599,5.33,5.6,37.95,0.31,0.0694,0.8841,0.3452,0.2071,0.29,0.15,0.6464
2005-09-30,86475950,129713925,1.5,1970424000,212684000,1402768000,398602000,567656000,0,0,0,626678000,142055000,24665000,24665000,0.29,0.28,0.02,78996000,-96273000,13724000,-3553000,1388000,88636000,22.17,26.33,18.01,0.1354,0.0475,4.38,4.21,38.67,0.29,0.0841,1.104,0.2881,0.1717,0.27,-0.07,0.5336
2005-06-30,86371606,129557409,1.5,1802678000,122596000,1120062000,200357000,682616000,0,0,0,612504000,118723000,21661000,21661000,0.27,0.26,0.02,78065000,-199843000,107740000,-14038000,4941000,66112000,16.06,18.62,13.5,0.1224,0.0454,5.27,3.61,33.46,0.27,0.0843,0.8973,0.3787,0.1648,0.26,0.09,0.6119
2005-03-31,81599800,122399700,1.5,1617154000,134818000,1073059000,205580000,544095000,0,0,0,609629000,107415000,22003000,22003000,0.26,0.26,0.02,65342000,-48800000,-15945000,597000,18979000,46698000,14.96,17.59,12.34,0.1101,0.0406,4.45,3.22,40.07,0.26,0.0874,1.1204,0.3365,0.1487,0.25,0.15,0.6558
2004-12-31,81435533,122153299,1.5,1595406000,37282000,1029066000,177162000,566340000,0,0,0,620561000,97208000,14543000,11592000,0.16,0.17,0.02,70434000,-270997000,218444000,17881000,18382000,44711000,12.2,14.43,9.97,0.0896,0.0345,4.64,3.11,39.78,0.25,0.0814,1.0957,0.355,0.1174,0.26,0.21,0.2104
2004-09-30,69500017,104250025,1.5,1243591000,100405000,834869000,193428000,408722000,0,0,0,503487000,85574000,12879000,12142000,0.18,0.17,0.01,61499000,-45290000,-23279000,-7070000,501000,43214000,10.41,11.79,9.03,0.0884,0.0313,3.92,2.62,26.92,0.23,0.0649,1.2319,0.3287,0.1171,0.25,0.18,0.5191
2004-06-30,69313078,103969617,1.5,1219680000,106102000,807106000,152302000,412574000,0,0,0,525422000,67553000,8189000,7452000,0.12,0.12,0.01,49128000,-288819000,246349000,6658000,7571000,39821000,8.47,9.75,7.19,0.112,0.0399,3.97,2.71,23.53,0.23,0.0364,1.2735,0.3383,0.1399,0.27,0.09,0.6967
2004-03-31,56945673,85418509,1.5,842320000,80162000,574820000,109980000,267500000,0,0,0,348611000,65368000,6620000,5882000,0.1,0.1,0,32222000,-23229000,-8711000,282000,913000,20963000,7.17,8.1,6.25,0.1249,0.0413,3.13,2.23,17.63,0.22,0.0178,1.3032,0.3176,0.1353,0.3,0.13,0.7289
2003-12-31,56674425,85011637,1.5,830091000,66092000,556025000,106964000,274066000,0,0,0,358180000,38554000,4633000,4633000,0.07,0.07,0.01,31971000,-111146000,78171000,-1004000,631000,8204000,5.55,6.57,4.53,0.1485,0.0464,3.22,1.65,13.21,0.22,0.016,1.3069,0.3302,0.1561,0.3,0.28,0.6179
2003-09-30,56210770,84316155,1.5,736549000,63602000,453477000,84670000,283072000,0,0,0,278456000,76156000,16737000,16672000,0.31,0.29,0,36010000,-26777000,-8907000,326000,1635000,33688000,4.45,4.9,3.99,0.1611,0.0495,3.36,1.93,13.09,0.21,0,0.9837,0.3843,0.147,0.34,0.03,0.7512
2003-06-30,56002697,84004045,1.5,743437000,73804000,550252000,110927000,193185000,0,0,0,273621000,54718000,4591000,4591000,0.08,0.08,0,39362000,-23687000,-15754000,-79000,1309000,23060000,4.29,4.95,3.63,0.1375,0.0405,2.3,1.77,11.49,0.21,0,1.4164,0.2599,0.1315,0.31,0.19,0.6653
2003-03-31,55571945,83357917,1.5,742303000,75610000,540260000,100355000,202043000,0,0,0,290321000,56974000,9454000,9454000,0.18,0.17,0,18134000,-26025000,7945000,54000,1388000,29122000,3.73,4.13,3.33,0.1459,0.0461,2.42,1.5,11.9,0.21,0,1.4369,0.2722,0.1484,0.31,-0.13,0.7534
2002-12-31,55339077,83008615,1.5,658484000,37354000,452375000,67206000,206109000,0,0,0,283201000,54317000,4893000,4893000,0.1,0.09,0,30058000,-32874000,3687000,871000,1334000,39302000,3.33,3.97,2.7,0.1198,0.0399,2.48,1.26,None,0.21,0,1.374,0.313,0.1319,0.3,-0.11,0.5558
2002-09-30,54769405,82154107,1.5,637901000,39084000,420315000,45809000,217586000,0,0,0,279906000,48112000,9222000,9222000,0.17,0.17,0,33120000,-28746000,-8036000,-3662000,463000,32999000,3.25,3.79,2.7,-0.0063,-0.0022,2.65,1.21,None,0.21,None,1.2864,0.3411,None,0.29,0,0.8532
2002-06-30,54764002,82146003,1.5,640222000,48274000,419583000,43287000,220639000,0,0,0,285992000,48626000,7310000,7310000,0.14,0.13,0,30558000,-17956000,-9161000,3441000,4125000,19596000,3.62,3.94,3.3,-0.0168,-0.0058,2.69,1.37,67.87,0.21,None,1.2962,0.3446,None,0.28,0.13,1.1152
2002-03-31,54616019,81924028,1.5,644502000,48811000,428281000,39941000,216221000,0,0,0,301000000,44283000,4341000,4341000,0.08,0.08,0,15456000,-19094000,942000,-2696000,684000,18988000,3.16,3.63,2.69,0.0145,0.005,2.64,1.06,12.47,0.21,0,1.3921,0.3355,0.0179,0.28,-0.04,1.2221
2001-12-31,52841766,79262649,1.5,682462000,77735000,446841000,47879000,235621000,0,0,0,302491000,46256000,-22277000,-22277000,-0.42,-0.42,0,35563000,-24725000,-12386000,-1548000,3380000,25241000,2.9,3.17,2.62,0.0767,0.0251,2.97,0.85,3.62,0.21,0,1.2838,0.3453,0.0846,0.3,0.13,1.6236
2001-09-30,51959160,77938740,1.5,739645000,88393000,472793000,39860000,266852000,0,0,0,319341000,49719000,6689000,6689000,0.13,0.13,0,30276000,-28051000,-253000,1972000,4801000,28078000,3.48,4.13,2.83,0.2738,0.0811,3.42,1.1,4.14,0.21,0,1.1967,0.3608,0.2732,0.31,0.03,2.2176
2001-06-30,51412775,77119162,1.5,712167000,88925000,468386000,44439000,243781000,0,0,0,322042000,54787000,14739000,14739000,0.29,0.29,0,30465000,-18893000,-10267000,1305000,2829000,18484000,3.86,4.45,3.27,0.3196,0.0842,3.16,1.68,4.82,0.21,0,1.321,0.3423,0.293,0.3,0.16,2.0011
2001-03-31,50795844,76193766,1.5,676476000,51630000,501131000,72745000,175345000,0,0,0,335746000,58092000,18512000,18512000,0.38,0.38,0,33294000,-6520000,-27735000,-961000,1524000,13791000,4.09,4.75,3.43,0.334,0.0758,2.3,1.67,6.53,0.21,0,1.9148,0.2592,0.2914,0.28,0.26,0.7097
2000-12-31,50489906,75734859,1.5,689165000,62086000,503958000,45859000,185207000,0,0,0,365459000,55656000,17189000,19690000,0.4,0.4,0,27288000,-9744000,-16635000,909000,2485000,13540000,3.67,4.67,2.67,0.2692,0.0541,2.45,1.58,20.39,0.21,0,1.9732,0.2687,0.2448,0.25,0.18,1.3538
2000-09-30,46540044,69810066,1.5,687500000,50536000,525129000,42217000,162371000,0,0,0,385572000,40581000,7756000,8327000,0.19,0.19,0,28134000,-10580000,-16188000,1366000,1576000,-2064000,2.73,3.54,1.92,0.0926,0.0158,2.33,1.21,9.99,0.21,0,2.3746,0.2362,0.0858,0.22,0.43,1.1971
2000-06-30,43655871,65483806,1.5,700439000,58529000,552539000,40973000,147900000,0,0,0,411326000,37876000,8735000,9481000,0.23,0.23,0,15952000,16414000,-36278000,-3912000,210000,6568000,1.58,2.21,0.96,0.1291,0.022,2.26,0.71,21.55,0.21,0.0213,2.7811,0.2112,0.1166,0.2,0.14,1.4285
2000-03-31,40008071,60012106,1.5,727214000,66262000,593050000,39881000,134164000,0,0,0,441679000,38969000,4281000,4875000,0.12,0.12,0,2734000,-1393000,-10156000,-8815000,4122000,5038000,1.77,2.29,1.25,0.0418,0.0069,2.24,0.83,None,0.21,0.1373,3.2921,0.1845,0.0364,0.19,-0.04,1.6615
1999-12-31,39847179,59770768,1.5,752368000,72939000,625197000,53648000,127171000,0,0,0,453880000,36881000,-9447000,-9447000,-0.27,-0.27,0,26702000,-14166000,-10888000,1648000,12937000,-103148000,2.38,3.13,1.63,-0.065,-0.0094,2.13,0.98,None,0.21,None,3.5691,0.169,None,0.17,2.17,1.3596
1999-09-30,37635727,56453590,1.5,775785000,80904000,638695000,51261000,137090000,0,0,0,469765000,37530000,12722000,12722000,0.33,0.33,0.01,7390000,118841000,-130699000,-4468000,11289000,99815000,3.63,4.63,2.63,-0.841,-0.124,2.43,1.62,None,0.21,None,3.4267,0.1767,None,0.17,-1.64,1.5783
1999-06-30,37567786,56351679,1.5,895677000,110456000,769707000,104393000,125970000,0,0,0,547645000,37282000,-2087000,-2671000,-0.07,-0.07,0.01,18092000,-5387000,-9561000,3144000,15757000,5630000,3.17,4.75,1.59,None,-0.2001,2.24,1.4,None,0.21,None,4.3474,0.1406,None,0.15,0.22,1.0581
1999-03-31,36788537,55182805,1.5,905522000,104593000,780636000,103085000,124886000,0,0,0,557551000,33799000,-8981000,-8981000,-0.26,-0.26,0.01,433000,-3478000,4704000,1659000,12613000,5976000,1.79,2.54,1.04,None,-0.2028,2.26,0.73,None,0.2,None,4.4645,0.1379,None,0.15,-0.1,1.0146
1998-12-31,36273196,54409794,1.5,921612000,106931000,788390000,116415000,133222000,0,0,0,551975000,39846000,-110068000,-110650000,-3.09,-3.09,0.03,9226000,-11814000,3849000,1261000,10954000,10629000,9.38,14.21,4.54,-0.9309,-0.1956,2.45,2.12,None,0.19,None,4.1433,0.1446,None,0.15,-0.03,0.9185
1998-09-30,35350142,53025213,1.5,1036111000,54584000,801536000,59703000,234575000,0,0,0,601971000,32467000,-66907000,-67491000,-2.57,-2.57,0.03,2988000,-68527000,61706000,-3833000,9693000,19449000,5.5,6.96,4.04,-0.4933,-0.117,4.42,0.9,None,0.17,None,2.5662,0.2264,None,0.16,-0.31,0.9143
1998-06-30,21283677,31925515,1.5,822984000,45419000,627237000,48347000,195747000,0,0,0,432200000,30740000,-944000,-1528000,-0.07,-0.07,0.03,21085000,-30830000,16014000,6269000,13526000,30830000,8.82,11.13,6.5,-0.1578,-0.0384,6.13,1.47,None,0.15,None,2.208,0.2379,None,0.17,-0.31,0.9394
1998-03-31,22120075,33180112,1.5,800252000,40728000,601194000,39098000,199058000,0,0,0,414905000,32540000,2769000,2185000,0.1,0.1,0.03,11723000,-61142000,46951000,-2468000,7257000,61142000,10.25,11.67,8.83,-0.1376,-0.0359,6,1.65,None,0.13,None,2.0843,0.2487,None,0.17,-1.49,1.0417
1997-12-31,21167455,31751182,1.5,764213000,49745000,567263000,54912000,196950000,0,0,0,366712000,38216000,-35071000,-35071000,-1.78,None,0.03,35023000,-29660000,-6873000,-1510000,9725000,29660000,11.89,13.46,10.33,-0.1141,-0.0323,6.2,1.63,22.29,0.11,None,1.862,0.2577,None,0.18,0.17,0.9059
1997-09-30,20500905,30751357,1.5,780620000,46902000,556659000,36217000,223961000,0,0,0,489007000,30834000,2809000,2225000,0.11,None,0.03,2781000,-106838000,101975000,-2082000,11235000,106838000,11.38,13.42,9.33,0.0744,0.027,7.28,1.59,20.57,0.09,0.1267,2.1834,0.2869,0.1318,0.18,-3.38,1.295
1997-06-30,20447727,30671590,1.5,674835000,37833000,455066000,38327000,219769000,0,0,0,386711000,26629000,2368000,1784000,0.09,None,0.02,25397000,-16216000,-4279000,4902000,13317000,16216000,11.67,12.67,10.67,0.0862,0.0339,7.17,1.63,19.67,0.07,0.1053,1.7596,0.3257,0.1505,0.2,0.3,0.9871
1997-03-31,20379049,30568573,1.5,667522000,36389000,449376000,30299000,218146000,0,0,0,390230000,34338000,6562000,6562000,0.34,None,0.02,19245000,-353800000,334345000,-210000,8415000,353800000,13.21,15.75,10.67,0.1058,0.044,7.14,3.41,28.72,0.06,0.0848,1.7888,0.3268,0.1715,0.23,-10.94,1.201
1996-12-31,20272242,30408363,1.5,282547000,35203000,165018000,22307000,117529000,0,0,0,116780000,18177000,4513000,3929000,0.26,None,0.02,14110000,-2901000,-7464000,3745000,8625000,2901000,10.17,11.59,8.75,0.0919,0.047,3.87,1.99,29.34,0.05,0.0974,0.9936,0.416,0.1493,0.25,0.37,1.5781
1996-09-30,14762886,22144329,1.5,284152000,34613000,171286000,25569000,112866000,0,0,0,121905000,16623000,2719000,2135000,0.14,None,0.02,7889000,-6747000,1837000,2979000,4880000,6747000,9.21,9.92,8.5,0.0703,0.0389,5.1,1.83,30.7,0.03,0.0964,1.0801,0.3972,0.118,0.25,0.05,1.3537
1996-06-30,14684824,22027236,1.5,274041000,26352000,163279000,21352000,110762000,0,0,0,119380000,17166000,2780000,2171000,0.15,None,0.01,10206000,-40056000,31100000,1250000,1901000,40056000,9.04,10.33,7.75,0.0659,None,5.03,1.91,35.68,0.02,0.0692,1.0778,0.4042,0.1106,0.24,-1.36,1.2342
1996-03-31,14261038,21391557,1.5,232207000,21176000,131061000,16923000,101146000,0,0,0,95090000,16088000,2603000,1926000,0.14,None,0.01,6240000,-19962000,11326000,-2396000,651000,6012000,7.23,8.09,6.37,0.0611,None,4.73,1.47,34.98,0.01,0.0567,0.9401,0.4356,0.106,0.23,0.01,1.2513
1995-12-31,13429111,20143666,1.5,214664000,19099000,115421000,14660000,99243000,0,0,0,83035000,13282000,1672000,1223000,0.09,None,0.01,6806000,-13237000,7077000,646000,3047000,13237000,4.33,5,3.67,None,None,4.93,1.29,None,0.01,0.0367,0.8367,0.4623,None,None,-0.32,1.3028
1995-09-30,12063238,18094857,1.5,203305000,14430000,142751000,12690000,60554000,0,0,0,112839000,8802000,897000,803000,0.07,None,0,4987000,-49515000,41622000,-2906000,2401000,49517000,5.5,6.17,4.83,None,None,3.35,1.68,None,0,None,1.8634,0.2978,None,None,-2.46,1.1371
1995-06-30,11958729,17938093,1.5,157222000,14940000,98338000,10194000,58884000,0,0,0,71132000,7903000,1026000,932000,0.08,None,0,3078000,-8768000,4869000,-821000,5307000,8766000,5.14,5.46,4.83,None,None,3.28,1.6,None,0,None,1.208,0.3745,None,None,-0.32,1.4656
1995-03-31,11986922,17980383,1.5,151801000,15867000,94100000,11364000,57701000,0,0,0,66245000,7430000,795000,701000,0.07,None,0,1690000,-4593000,4134000,1231000,6128000,4593000,4.29,4.92,3.67,None,None,3.21,None,None,0,None,1.1481,0.3801,None,None,-0.16,1.3963
