"Quarter end","Shares","Shares split adjusted","Split factor","Assets","Current Assets","Liabilities","Current Liabilities","Shareholders equity","Non-controlling interest","Preferred equity","Goodwill & intangibles","Long-term debt","Revenue","Earnings","Earnings available for common stockholders","EPS basic","EPS diluted","Dividend per share","Cash from operating activities","Cash from investing activities","Cash from financing activities","Cash change during period","Cash at end of period","Capital expenditures","Price","Price high","Price low","ROE","ROA","Book value of equity per share","P/B ratio","P/E ratio","Cumulative dividends per share","Dividend payout ratio","Long-term debt to equity ratio","Equity to assets ratio","Net margin","Asset turnover","Free cash flow per share","Current ratio"
2019-03-31,417241451,417241451,1,52095000000,18480000000,30316000000,12913000000,21309000000,470000000,0,0,9511000000,24263000000,141000000,140000000,0.34,0.34,0.9,877000000,-747000000,-378000000,-205000000,2777000000,682000000,80.66,88.36,72.95,0.1289,0.0546,51.07,1.55,11.05,16.97,0.498,0.4463,0.409,0.0243,2.24,0.47,1.4311
2018-12-31,417614487,417614487,1,50155000000,17675000000,27424000000,10724000000,21667000000,1064000000,0,567000000,8871000000,28730000000,952000000,952000000,2.26,2.24,0.8,1678000000,-1160000000,-987000000,-569000000,2982000000,-883000000,94.77,120.72,68.81,0.1432,0.0618,51.88,1.84,9.05,16.07,0.4357,0.4094,0.432,0.0267,2.32,6.13,1.6482
2018-09-30,424308242,424308242,1,51894000000,19891000000,28934000000,12482000000,21910000000,1050000000,0,0,8877000000,30849000000,856000000,856000000,2.01,2.01,0.8,496000000,-636000000,-779000000,-900000000,3551000000,635000000,113.09,122.42,103.75,0.2075,0.0899,51.64,2.22,10.91,15.27,0.2928,0.4052,0.4222,0.0396,2.27,-0.33,1.5936
2018-06-30,427398027,427398027,1,50678000000,18948000000,27874000000,11341000000,21769000000,1035000000,0,0,8876000000,31015000000,845000000,845000000,1.96,1.96,0.8,2059000000,-1380000000,-829000000,-207000000,4451000000,714000000,108.37,126.98,89.75,0.2105,0.0913,50.93,2.13,11.24,14.47,0.2864,0.4077,0.4296,0.0421,2.17,3.15,1.6708
2018-03-31,431023418,431023418,1,49376000000,18260000000,26451000000,10752000000,21877000000,1048000000,0,0,8086000000,26439000000,469000000,469000000,1.09,1.09,0.8,138000000,-752000000,-573000000,-1192000000,4658000000,661000000,91.43,99.95,82.9,0.201,0.0874,50.76,1.8,9.91,13.67,0.2988,0.3696,0.4431,0.0429,2.04,-1.21,1.6983
2017-12-31,433176258,433176258,1,50158000000,19312000000,27258000000,11071000000,21991000000,909000000,0,142000000,8750000000,26392000000,2371000000,2371000000,5.41,5.41,0.7,1660000000,-642000000,-329000000,674000000,5850000000,582000000,84.51,93.18,75.84,0.198,0.0855,50.77,1.82,18.21,12.87,0.303,0.3979,0.4384,0.0433,1.98,2.49,1.7444
2017-09-30,437581357,437581357,1,47988000000,17442000000,26764000000,9130000000,20370000000,854000000,0,0,8364000000,23562000000,841000000,841000000,1.91,1.91,0.7,1037000000,-566000000,-615000000,-31000000,5176000000,414000000,71,77.77,64.22,0.1029,0.0443,46.55,1.57,17.49,12.17,0.5818,0.4106,0.4245,0.0233,1.9,1.42,1.9104
2017-06-30,441663968,441663968,1,45974000000,15731000000,25209000000,7683000000,19923000000,842000000,0,0,8366000000,22254000000,548000000,548000000,1.23,1.23,0.7,1797000000,-460000000,-676000000,744000000,5207000000,356000000,64.54,68.39,60.69,0.0915,0.0397,45.11,1.46,14.15,11.47,0.6353,0.4199,0.4334,0.0217,1.83,3.26,2.0475
2017-03-31,447231409,447231409,1,46047000000,15908000000,25396000000,7899000000,19825000000,826000000,0,0,8369000000,21772000000,305000000,305000000,0.68,0.68,0.7,988000000,-714000000,-652000000,-353000000,4463000000,596000000,67.93,71.4,64.45,0.104,0.0456,44.33,1.53,13.78,10.77,0.5393,0.4221,0.4305,0.0257,1.78,0.88,2.0139
2016-12-31,451049519,451049519,1,46173000000,16800000000,25319000000,8328000000,20024000000,830000000,0,148000000,7886000000,20712000000,367000000,367000000,0.81,0.82,0.6,998000000,-622000000,-1433000000,-1133000000,4816000000,610000000,61.18,69.85,52.51,0.1122,0.0503,44.39,1.36,12.93,10.07,0.481,0.3938,0.4337,0.0303,1.66,0.86,2.0173
2016-09-30,452664759,452664759,1,46265000000,16878000000,25135000000,8224000000,20339000000,791000000,0,0,7888000000,19649000000,613000000,613000000,1.33,1.33,0.6,863000000,-453000000,658000000,1024000000,5949000000,451000000,52.48,58.08,46.88,0.1082,0.0492,44.93,1.18,8.48,9.47,0.4799,0.3878,0.4396,0.0301,1.64,0.91,2.0523
2016-06-30,461340907,461340907,1,45452000000,16180000000,24048000000,8652000000,20576000000,828000000,0,0,6646000000,19584000000,814000000,814000000,1.74,1.73,0.6,2319000000,-450000000,-693000000,1147000000,4925000000,458000000,56.98,64.06,49.91,0.1437,0.0664,44.6,1.3,8,8.88,0.3306,0.323,0.4527,0.0389,1.7,4.03,1.8701
2016-03-31,469802627,469802627,1,44259000000,14861000000,22764000000,6775000000,20656000000,839000000,0,0,7207000000,15714000000,495000000,495000000,1.05,1.05,0.6,640000000,-481000000,-544000000,-336000000,3778000000,477000000,62.52,72.49,52.55,0.1678,0.0774,43.97,1.43,7.87,8.28,0.258,0.3489,0.4667,0.0428,1.81,0.35,2.1935
2015-12-31,470392665,470392665,1,44343000000,14972000000,22989000000,7360000000,20527000000,827000000,0,156000000,7250000000,18777000000,298000000,298000000,0.62,0.62,0.5,487000000,-808000000,-818000000,-1187000000,4114000000,596000000,66.43,73.88,58.98,0.1898,0.087,43.64,1.5,6.96,7.67,0.208,0.3532,0.4629,0.0454,1.91,-0.23,2.0342
2015-09-30,481503440,481503440,1,45825000000,16827000000,23957000000,8289000000,21321000000,547000000,0,0,7252000000,22579000000,1377000000,1377000000,2.79,2.79,0.4,1362000000,-465000000,-1295000000,-463000000,5301000000,467000000,61.59,71.5,51.68,0.2302,0.105,44.28,1.43,7.03,7.17,0.1525,0.3401,0.4653,0.05,2.1,1.86,2.03
2015-06-30,497111806,497111806,1,47599000000,18492000000,25593000000,9865000000,21453000000,553000000,0,0,7199000000,25118000000,1351000000,1351000000,2.67,2.66,0.4,2329000000,-501000000,-958000000,894000000,5764000000,530000000,60.19,64.28,56.09,0.2171,0.0967,43.16,1.47,8.36,6.77,0.1523,0.3356,0.4507,0.0417,2.32,3.62,1.8745
2015-03-31,508621424,508621424,1,45741000000,16788000000,24399000000,8634000000,20774000000,568000000,0,0,7224000000,21330000000,964000000,964000000,1.87,1.87,0.4,1433000000,-713000000,526000000,1181000000,4870000000,698000000,53.97,64.49,43.45,0.1832,0.0807,40.84,1.34,7.86,6.37,0.1654,0.3477,0.4542,0.0318,2.54,1.45,1.9444
2014-12-31,514888348,514888348,1,45550000000,16614000000,24306000000,9980000000,20677000000,567000000,0,0,5780000000,27859000000,1155000000,1155000000,2.22,2.23,0.28,997000000,-858000000,-614000000,-502000000,3689000000,857000000,47.31,52.1,42.53,0.1785,0.0772,40.16,1.2,6.74,5.97,0.1523,0.2795,0.4539,0.0277,2.78,0.27,1.6647
2014-09-30,521245037,521245037,1,48455000000,19666000000,27393000000,13460000000,20554000000,508000000,0,0,5783000000,34408000000,1059000000,1059000000,2.01,2,0.275,1866000000,-620000000,-489000000,711000000,4191000000,622000000,50.17,54.61,45.73,0.1878,0.0793,39.43,1.31,8.97,5.69,0.1398,0.2814,0.4242,0.0274,2.9,2.39,1.4611
2014-06-30,527963334,527963334,1,47013000000,18450000000,26293000000,12523000000,20211000000,509000000,0,0,5784000000,34914000000,588000000,588000000,1.11,1.1,0.25,1134000000,-808000000,-515000000,-167000000,3480000000,806000000,54.86,59.69,50.03,0.155,0.0643,38.28,1.47,10.27,5.42,0.1671,0.2862,0.4299,0.0217,2.97,0.62,1.4733
2014-03-31,533624161,533624161,1,47099000000,19030000000,26691000000,12926000000,19915000000,493000000,0,0,5860000000,33663000000,828000000,828000000,1.55,1.54,0.25,244000000,-558000000,-312000000,-645000000,3647000000,517000000,50.93,55.96,45.9,0.1532,0.0626,37.32,1.39,10.23,5.17,0.166,0.2943,0.4228,0.0209,2.99,-0.51,1.4722
2013-12-31,532510263,532510263,1,47260000000,19277000000,27314000000,13123000000,19460000000,486000000,0,156000000,6261000000,34429000000,1288000000,1288000000,2.38,2.38,0.22,2529000000,-539000000,395000000,2384000000,4292000000,538000000,42.06,50.4,33.73,0.147,0.0594,36.54,1.24,9.56,4.92,0.1677,0.3217,0.4118,0.0197,3.01,3.74,1.4689
2013-09-30,539562259,539562259,1,46293000000,18593000000,27906000000,13668000000,18270000000,117000000,0,160000000,6261000000,36137000000,312000000,312000000,0.58,0.57,0.225,221000000,-590000000,-145000000,-490000000,1908000000,557000000,35.34,37.13,33.54,0.1346,0.0541,33.86,1.07,7.01,4.7,0.1795,0.3427,0.3947,0.0177,3.07,-0.62,1.3603
2013-06-30,542142749,542142749,1,44177000000,16768000000,26152000000,12035000000,17920000000,105000000,0,159000000,6261000000,34034000000,466000000,466000000,0.86,0.85,0.2,1265000000,-823000000,109000000,541000000,2398000000,796000000,39.36,44.97,33.76,0.1566,0.063,33.05,1.17,6.92,4.47,0.1476,0.3494,0.4056,0.0205,3.08,0.87,1.3933
2013-03-31,545365570,545365570,1,45501000000,17206000000,27083000000,12705000000,18343000000,75000000,0,203000000,6463000000,33474000000,654000000,654000000,1.18,1.18,0.2,1549000000,-860000000,-522000000,134000000,1857000000,864000000,41.43,48.51,34.35,0.1804,0.0725,33.63,1.27,11.11,4.27,0.1225,0.3523,0.4031,0.023,3.14,1.26,1.3543
2012-12-31,552933285,552933285,1,44477000000,16460000000,26382000000,11929000000,18032000000,63000000,0,213000000,6463000000,34695000000,1010000000,1010000000,1.83,1.8,0.18,163000000,-778000000,-188000000,-826000000,1723000000,782000000,31.29,34.38,28.2,0.1227,0.0484,32.61,1,15.49,4.07,0.1738,0.3584,0.4054,0.015,3.24,-1.12,1.3798
2012-09-30,553540069,553540069,1,43792000000,16267000000,26406000000,12251000000,17332000000,54000000,0,216000000,6463000000,34726000000,674000000,674000000,1.22,1.21,0.175,2113000000,-832000000,-54000000,1254000000,2549000000,784000000,28.7,33.75,23.64,0.0675,0.0262,31.31,0.96,9.83,3.89,0.3093,0.3729,0.3958,0.008,3.27,2.4,1.3278
2012-06-30,551605943,551605943,1,41188000000,14033000000,24565000000,10798000000,16577000000,46000000,0,218000000,6460000000,34662000000,831000000,831000000,1.5,1.5,0.15,1290000000,-867000000,-672000000,-264000000,1295000000,800000000,23.35,26.33,20.37,0.1004,0.0391,30.05,0.81,8.58,3.72,0.1681,0.3897,0.4025,0.0119,3.29,0.89,1.2996
2012-03-31,552872012,552872012,1,42634000000,15824000000,26642000000,13076000000,15959000000,33000000,0,227000000,6460000000,35167000000,-432000000,-432000000,-0.78,-0.78,0.15,1704000000,-874000000,-319000000,535000000,1559000000,884000000,24.09,28.56,19.61,0.096,0.0374,28.87,0.81,6.56,3.57,0.1428,0.4048,0.3743,0.0116,3.24,1.48,1.2102
2011-12-31,555069442,555069442,1,42783000000,15972000000,26338000000,12708000000,16423000000,22000000,0,227000000,6732000000,34673000000,45000000,45000000,0.08,0.09,0.15,-290000000,-1477000000,-64000000,-1805000000,1024000000,1409000000,21.94,26.7,17.17,0.13,0.0511,29.59,0.74,7.84,3.42,0.0806,0.4099,0.3839,0.0166,3.08,-3.06,1.2568
2011-09-30,559726988,559726988,1,41683000000,15870000000,25013000000,11683000000,16654000000,16000000,0,251000000,6781000000,33713000000,1203000000,1203000000,2.12,2.11,0.05,1374000000,-2327000000,-273000000,-1278000000,2829000000,684000000,22.34,26.89,17.78,0.1022,0.0406,29.75,0.8,18.62,3.27,0.0707,0.4072,0.3995,0.0146,2.78,1.23,1.3584
2011-06-30,572133317,572133317,1,39526000000,14687000000,23534000000,10231000000,15982000000,10000000,0,222000000,6762000000,31293000000,744000000,744000000,1.31,1.3,0.05,896000000,-711000000,-217000000,-26000000,4107000000,664000000,26.84,30.5,23.18,0.0452,0.0181,27.93,1.01,28.86,3.22,0.1636,0.4231,0.4043,0.0071,2.56,0.41,1.4355
2011-03-31,570250193,570250193,1,39592000000,15056000000,24368000000,10406000000,15224000000,0,0,225000000,7517000000,26308000000,98000000,98000000,0.17,0.17,0.05,2058000000,-783000000,-512000000,799000000,4133000000,774000000,26.96,30.73,23.19,0.0353,0.0142,26.7,1.02,48.14,3.17,0.2123,0.4938,0.3845,0.006,2.36,2.25,1.4469
2010-12-31,568971156,568971156,1,37621000000,13518000000,22596000000,8784000000,15025000000,0,0,224000000,7515000000,18605000000,-438000000,-438000000,-0.78,-0.78,0.05,423000000,256000000,269000000,982000000,3334000000,82000000,20.3,23.35,17.25,0.0215,0.0088,26.41,0.75,None,3.12,0.3498,0.5002,0.3994,0.0039,2.22,0.6,1.5389
2010-09-30,566210629,566210629,1,37276000000,11877000000,21876000000,8213000000,15400000000,0,0,224000000,7513000000,22210000000,292000000,292000000,0.52,0.51,0.05,852000000,-504000000,-28000000,351000000,2352000000,508000000,16.98,18.31,15.65,-0.0432,-0.0177,27.2,0.64,None,3.07,None,0.4879,0.4131,None,2.21,0.61,1.4461
2010-06-30,566260467,566260467,1,36477000000,11348000000,21426000000,7914000000,15051000000,0,0,223000000,7511000000,21775000000,583000000,583000000,1.04,1.03,0.05,788000000,-301000000,-341000000,114000000,2001000000,297000000,18.87,21.37,16.36,-0.1039,-0.0431,26.58,0.73,None,3.02,None,0.499,0.4126,None,2.14,0.87,1.4339
2010-03-31,565475748,565475748,1,36465000000,11320000000,21799000000,8095000000,14666000000,0,0,226000000,7718000000,19643000000,-113000000,-113000000,-0.2,-0.2,0.05,982000000,-856000000,916000000,1062000000,1887000000,871000000,19.07,20.69,17.45,-0.1559,-0.0658,25.94,0.73,None,2.97,None,0.5263,0.4022,None,2.02,0.2,1.3984
2009-12-31,564808668,564808668,1,35629000000,10923000000,20904000000,7798000000,14725000000,0,0,227000000,7163000000,16906000000,-1408000000,-1408000000,-2.51,-2.51,0.15,-117000000,-609000000,-54000000,-780000000,825000000,605000000,18.28,20.67,15.89,-0.1262,-0.0545,26.07,0.65,None,2.92,None,0.4865,0.4133,None,1.87,-1.28,1.4007
2009-09-30,564349512,564349512,1,36805000000,10865000000,20915000000,7757000000,15890000000,0,0,229000000,7162000000,19489000000,-629000000,-629000000,-1.12,-1.12,0.15,533000000,-509000000,-85000000,-18000000,1605000000,521000000,18.04,20.5,15.57,-0.2418,-0.1068,28.16,0.62,None,2.77,None,0.4507,0.4317,None,1.94,0.02,1.4007
2009-06-30,562761441,562761441,1,37221000000,11173000000,20814000000,7324000000,16407000000,0,0,221000000,7231000000,17925000000,-254000000,-254000000,-0.48,-0.48,0.15,626000000,-1265000000,514000000,-92000000,1623000000,1241000000,19.66,23.3,16.03,-0.1226,-0.0548,29.15,0.64,None,2.62,None,0.4407,0.4408,None,2.28,-1.09,1.5255
2009-03-31,516398749,516398749,1,35776000000,10468000000,19973000000,6237000000,15803000000,0,0,213000000,7264000000,13824000000,309000000,309000000,0.6,0.59,0.15,781000000,-909000000,914000000,775000000,1715000000,915000000,21.05,25.85,16.24,-0.062,-0.0275,30.6,0.7,None,2.47,None,0.4597,0.4417,None,2.66,-0.26,1.6784
2008-12-31,516308274,516308274,1,34417000000,9450000000,18797000000,6209000000,15620000000,0,0,4243000000,6264000000,18569000000,-3278000000,-3278000000,-6.36,-6.36,0.15,-485000000,-1053000000,-265000000,-1827000000,940000000,1043000000,22.15,30.36,13.94,-0.0626,-0.0278,30.25,0.58,4.28,2.32,None,0.401,0.4538,None,2.93,-2.96,1.522
2008-09-30,516016448,516016448,1,43807000000,14826000000,24093000000,11770000000,19714000000,0,0,4309000000,6264000000,35960000000,1152000000,1152000000,2.21,2.18,0.15,1675000000,-389000000,-147000000,1123000000,2767000000,286000000,34.47,40.74,28.2,0.1445,0.0635,38.2,0.97,6.77,2.17,0.1044,0.3177,0.45,0.0212,3,2.69,1.2596
2008-06-30,523159876,523159876,1,43656000000,15252000000,24976000000,12848000000,18680000000,0,0,4307000000,6263000000,36640000000,734000000,734000000,1.4,1.37,0.15,1174000000,-704000000,-254000000,213000000,1644000000,741000000,47.1,55,39.2,0.1525,0.0672,35.71,1.37,6.19,2.02,0.0959,0.3353,0.4279,0.0244,2.75,0.83,1.1871
2008-03-31,528503332,528503332,1,40669000000,12514000000,22437000000,10157000000,18232000000,0,0,4335000000,6471000000,27945000000,261000000,261000000,0.49,0.48,0.12,628000000,-716000000,-941000000,-1033000000,1431000000,640000000,58.03,71.12,44.94,0.2358,0.1051,34.5,1.68,6.45,1.87,0.0598,0.3549,0.4483,0.042,2.5,-0.02,1.2321
2007-12-31,534652367,534652367,1,42722000000,14792000000,24215000000,11914000000,18507000000,0,0,4351000000,6470000000,27728000000,567000000,567000000,1.05,1.15,0.12,1252000000,-850000000,-1045000000,-645000000,2464000000,824000000,68.28,75.75,60.8,0.2817,0.1283,34.62,1.98,7.08,1.75,0.0502,0.3496,0.4332,0.0549,2.34,0.8,1.2416
2007-09-30,550436386,550436386,1,41861000000,14654000000,22893000000,10242000000,18968000000,0,0,4359000000,6854000000,23699000000,1274000000,1274000000,2.31,2.09,0.12,-345000000,1719000000,-603000000,773000000,3109000000,-1713000000,69.34,78.68,60,0.3107,0.1462,34.46,2.12,6.87,1.63,0.0427,0.3613,0.4531,0.0662,2.21,2.49,1.4308
2007-06-30,553823222,553823222,1,40350000000,13567000000,22235000000,9465000000,18115000000,0,0,4385000000,6855000000,24202000000,2249000000,2249000000,3.99,3.89,0.12,2465000000,-728000000,-1123000000,640000000,2336000000,496000000,70.71,77.89,63.53,0.3336,0.1598,32.71,2.07,7.69,1.51,0.0375,0.3784,0.4489,0.0694,2.3,3.56,1.4334
2007-03-31,548990535,548990535,1,38187000000,10995000000,19457000000,9034000000,18730000000,0,0,4502000000,4649000000,19698000000,1144000000,1144000000,1.91,1.86,0.12,1886000000,-723000000,-1060000000,106000000,1696000000,680000000,56.84,66.02,47.66,0.3202,0.1545,34.12,1.85,6.57,1.39,0.0368,0.2482,0.4905,0.0636,2.43,2.2,1.2171
2006-12-31,604114047,604114047,1,37753000000,10760000000,19148000000,8822000000,18605000000,0,0,4514000000,4657000000,19792000000,1114000000,1114000000,1.85,1.8,0.08,1216000000,-459000000,-191000000,561000000,1590000000,897000000,52.31,57.09,47.52,0.3185,0.1515,30.8,1.78,5.88,1.27,0.0334,0.2503,0.4928,0.0595,2.55,0.53,1.2197
2006-09-30,604618162,604618162,1,36642000000,9731000000,18601000000,8037000000,17815000000,226000000,0,4572000000,4897000000,24319000000,1603000000,1603000000,2.63,2.55,0.08,1273000000,-479000000,-704000000,92000000,1029000000,820000000,57.84,68.83,46.84,0.3502,0.1637,29.46,2.11,7.41,1.19,0.0291,0.2749,0.4862,0.0581,2.81,0.75,1.2108
2006-06-30,612863378,612863378,1,36524000000,10174000000,19760000000,9107000000,16764000000,0,0,4604000000,4913000000,26781000000,1897000000,1896000000,3.1,2.98,0.08,2083000000,-1020000000,-566000000,501000000,937000000,1001000000,62.97,70.75,55.19,0.3244,0.1465,27.35,2.52,9.9,1.11,0.0299,0.2931,0.459,0.0511,2.86,1.77,1.1172
2006-03-31,615453161,615453161,1,33303000000,8181000000,17905000000,7444000000,15398000000,0,0,5213000000,5135000000,20941000000,849000000,848000000,1.37,1.32,0.06,1740000000,-1013000000,-727000000,0,436000000,974000000,55.84,63.7,47.99,0.2932,0.1297,25.02,2.31,9.31,1.03,0.0321,0.3335,0.4624,0.0442,2.93,1.24,1.099
2005-12-31,621838191,621838191,1,32728000000,8276000000,17678000000,7305000000,15050000000,0,0,5224000000,5156000000,25894000000,1347000000,1346000000,2.17,2.04,0.05,1954000000,-931000000,-1327000000,-301000000,436000000,1003000000,52,58.15,45.86,0.3129,0.1336,24.2,2.33,10.74,0.97,0.0304,0.3426,0.4599,0.0435,3.06,1.53,1.1329
2005-09-30,309255228,618510456,2,32774000000,9112000000,18980000000,7987000000,13794000000,0,0,5270000000,6109000000,23283000000,862000000,858000000,3.11,2.94,0.1,2082000000,-2950000000,650000000,-212000000,737000000,549000000,49.01,58.63,39.38,0.2824,0.1161,22.3,2.88,11.8,0.92,0.0361,0.4429,0.4209,0.0379,3.05,2.48,1.1409
2005-06-30,261393732,522787464,2,21641000000,6898000000,12742000000,5900000000,8899000000,0,0,2728000000,3641000000,18032000000,847000000,843000000,3.28,3.06,0.1,966000000,-490000000,-210000000,263000000,949000000,502000000,35.02,41.13,28.9,0.287,0.1141,17.02,2.25,9.3,0.87,0.0378,0.4091,0.4112,0.0365,3.11,0.89,1.1692
2005-03-31,256732665,513465330,2,20314000000,5856000000,12323000000,5547000000,7991000000,0,0,2704000000,3610000000,14953000000,534000000,530000000,2.07,1.92,0.08,797000000,-529000000,-444000000,-178000000,686000000,445000000,29.8,38.58,21.01,0.2792,0.1076,15.56,1.96,9.14,0.82,0.0383,0.4518,0.3934,0.0355,3.01,0.69,1.0557
2004-12-31,256645166,513290332,2,19391600000,5264400000,11593600000,4533500000,7798000000,0,0,2711900000,3901200000,15390200000,488500000,485400000,1.89,1.76,0.08,1077800000,-569000000,-339200000,182800000,863600000,544400000,21.66,23.91,19.41,0.2541,0.096,15.19,1.54,8.22,0.78,0.0415,0.5003,0.4021,0.0328,2.91,1.04,1.1612
2004-09-30,256637559,513275118,2,19437500000,5761500000,12215300000,5028000000,7222200000,0,0,2734000000,4172300000,14339300000,434500000,431300000,1.69,1.57,0.075,689500000,-324100000,-23800000,350600000,680800000,323100000,18.09,20.3,15.89,0.22,0.081,14.07,1.37,8.13,0.74,0.0483,0.5777,0.3716,0.0295,2.73,0.71,1.1459
2004-06-30,127844549,511378196,4,18557300000,5128800000,11820100000,4701900000,6737200000,0,0,2737400000,4154300000,13807600000,632700000,629600000,4.9,4.56,0.15,860300000,-287600000,-478300000,91200000,330200000,259800000,16.35,18.73,13.97,0.1955,0.0716,13.17,1.31,12.07,0.7,0.052,0.6166,0.363,0.027,2.64,1.17,1.0908
2004-03-31,128728899,514915596,4,17779200000,4667800000,11340300000,3958700000,6438900000,0,0,2712000000,4681700000,11081500000,248100000,245000000,1.95,1.82,0.12,329600000,-1504500000,1048600000,-130200000,239000000,926900000,13.41,15.38,11.43,0.1222,0.0443,12.5,1.21,10.5,0.67,0.0784,0.7271,0.3622,0.0177,2.49,-1.16,1.1791
2003-12-31,129889750,519559000,4,15664200000,3817300000,9929000000,3064300000,5735200000,0,0,2721900000,4245100000,9509400000,131600000,131600000,1.07,1.02,0.12,599800000,-408300000,-144400000,59600000,369200000,452000000,10.6,11.77,9.43,0.1176,0.0414,11.04,0.92,8.64,0.64,0.0814,0.7402,0.3661,0.0163,2.53,0.28,1.2457
2003-09-30,120267566,481070264,4,15248700000,3762400000,9683300000,2915700000,5565400000,0,0,2795100000,4341700000,9922300000,191100000,189800000,1.62,1.5,0.1,413000000,-717000000,-84000000,-387900000,309600000,306100000,9.41,10.03,8.8,0.1175,0.0394,11.57,0.86,10.23,0.61,0.079,0.7801,0.365,0.0158,2.49,0.22,1.2904
2003-06-30,114384852,457539408,4,14467900000,3564200000,9471100000,2598200000,4996800000,0,0,2797300000,4433900000,8843800000,128400000,128400000,1.12,1.08,0.1,236500000,-391300000,79700000,-43400000,697500000,349800000,9.66,10.54,8.79,0.0912,0.029,10.92,0.92,14.31,0.58,0.106,0.8873,0.3454,0.0123,2.35,-0.25,1.3718
2003-03-31,114256022,457024088,4,14641500000,4190900000,9841500000,3012000000,4800000000,0,0,2798000000,4134100000,9693100000,170400000,170400000,1.58,1.51,0.1,503200000,185600000,13200000,362000000,740900000,-194800000,9.32,10.6,8.05,0.0684,0.0211,10.5,0.93,45.46,0.56,0.1445,0.8613,0.3278,0.0095,2.21,1.53,1.3914
2002-12-31,107634756,430539024,4,14465200000,3536400000,10040900000,3006700000,4308300000,116000000,0,2921100000,4494100000,8109700000,89000000,89000000,0.83,0.82,0.1,204700000,-148500000,5200000,59300000,378900000,157900000,7.71,9.64,5.79,0.0215,0.0064,10.01,0.78,37.16,0.53,0.4655,1.0431,0.2978,0.0034,1.9,0.11,1.1762
2002-09-30,106556824,426227296,4,13957700000,3008900000,9633800000,2332400000,4208100000,115800000,0,2972700000,4716600000,7191700000,29800000,29800000,0.28,0.27,0.1,44900000,-124800000,40200000,-41300000,319600000,135300000,8.04,9.54,6.53,0.0128,0.0038,9.87,0.8,15.03,0.51,0.7823,1.1208,0.3015,0.0025,1.53,-0.21,1.29
2002-06-30,105810881,423243524,4,13991900000,3087000000,9629500000,2855600000,4246400000,116000000,0,2825800000,4147100000,6552400000,11300000,11300000,0.11,0.1,0.1,287500000,485100000,-649200000,123400000,360900000,405700000,10.67,12.37,8.97,0.034,0.0104,10.03,1.06,6.81,0.48,0.2914,0.9766,0.3035,0.0068,1.53,-0.28,1.081
2002-03-31,105916427,423665708,4,14508900000,4025800000,10143600000,4734100000,4250100000,115200000,0,2633100000,2863100000,5122400000,-38600000,-38600000,-0.37,-0.37,0.1,-264800000,36800000,191400000,-36600000,232800000,264100000,10.87,12.49,9.25,0.125,0.0395,10.03,1.09,4.96,0.46,0.0792,0.6737,0.2929,0.0238,1.66,-1.25,0.8504
2001-12-31,104915970,419663880,4,14377096000,4113144000,10058925000,4730246000,4202563000,115608000,0,2577175000,2805247000,2861209000,51595000,51595000,0.86,0.83,0.1,205692000,-2737644000,2710232000,178280000,269437000,184632000,9.32,10.11,8.53,0.2277,0.0765,10.01,1.11,3.96,0.43,0.0445,0.6675,0.2923,0.0376,2.03,0.05,0.8695
2001-09-30,60643466,242573864,4,5328715000,1669924000,3287414000,1084281000,2041301000,0,0,0,1328366000,3858734000,101013000,101013000,1.66,1.58,0.08,186350000,-128315000,-9337000,48698000,91157000,126942000,9.52,11.02,8.03,0.3352,0.1247,8.42,1.18,3.87,0.41,0.0322,0.6507,0.3831,0.0373,3.35,0.24,1.5401
2001-06-30,60677549,242710196,4,5214215000,1604023000,3263845000,1128096000,1950370000,0,0,0,1327661000,4499108000,274863000,274863000,4.5,4.23,0.08,236639000,-299804000,-20115000,-83280000,42459000,80396000,10.95,13.15,8.75,0.3812,0.1381,8.04,1.57,6.15,0.39,0.0309,0.6807,0.374,0.038,3.64,0.64,1.4219
2001-03-31,61248620,244994480,4,4559622000,1427253000,2854908000,1073742000,1704714000,0,0,0,1042124000,3769288000,136082000,136082000,2.23,2.13,0.08,276833000,-136117000,-29573000,111143000,125739000,136315000,8.94,9.99,7.88,0.2951,0.1028,6.96,1.43,6.47,0.37,0.044,0.6113,0.3739,0.0287,3.59,0.57,1.3292
2000-12-31,61038088,244152352,4,4307704000,1285067000,2780649000,1038992000,1527055000,0,0,0,1042417000,4121137000,93345000,93345000,1.53,1.47,0.08,231357000,-98387000,-131359000,1611000,14596000,98391000,8.59,9.66,7.51,0.2499,0.0856,6.25,1.45,7.92,0.35,0.0565,0.6826,0.3545,0.0231,3.7,0.54,1.2368
2000-09-30,60853263,243413052,4,4211187000,1248948000,2765900000,1038271000,1445287000,0,0,0,1092711000,4248831000,127356000,127356000,2.08,2.01,0.08,276238000,-68192000,-205440000,2606000,12985000,68205000,7.56,8.88,6.24,0.2104,0.0722,5.94,1.38,11.08,0.33,0.0714,0.7561,0.3432,0.0199,3.63,0.85,1.2029
2000-06-30,61512122,246048488,4,4212993000,1266183000,2864983000,1085244000,1348010000,0,0,0,1173005000,3372502000,87680000,87680000,1.56,1.51,0.08,82530000,-985442000,904782000,1870000,10379000,93818000,7.4,8.19,6.61,0.1364,0.0473,5.48,1.49,35.66,0.3,0.1163,0.8702,0.32,0.0142,3.34,-0.05,1.1667
2000-03-31,55987730,223950920,4,3121174000,960331000,2012470000,955274000,1108704000,0,0,0,645155000,2928617000,30739000,30739000,0.55,0.54,0.08,11177000,-41966000,-20789000,-51578000,8509000,41970000,6.37,7.99,4.74,0.0441,0.016,4.95,1.31,106.17,0.28,0.3749,0.5819,0.3552,0.005,3.19,-0.14,1.0053
1999-12-31,55753583,223014332,4,2979272000,828858000,1894503000,718982000,1084769000,0,0,0,785472000,2637677000,16476000,16476000,0.29,0.28,0.08,169933000,-37312000,-80353000,52268000,60087000,37932000,5.06,5.78,4.34,0.0133,0.0049,4.86,1.05,None,0.26,1.2537,0.7241,0.3641,0.0018,2.73,0.59,1.1528
1999-09-30,55754482,223017928,4,2999075000,862183000,1922783000,702044000,1076292000,0,0,0,845788000,2161938000,22612000,22612000,0.4,0.4,0.08,117299000,-23696000,-91588000,2015000,7819000,24310000,5.38,5.95,4.81,-0.0817,-0.0308,4.83,1.15,None,0.24,None,0.7858,0.3589,None,2.35,0.42,1.2281
1999-06-30,56241188,224964752,4,2869984000,738149000,1813860000,513161000,1056124000,0,0,0,916104000,1824450000,-22085000,-22085000,-0.39,-0.39,0.08,-540000,-42086000,35087000,-7539000,5804000,42109000,5.5,6.25,4.75,-0.0966,-0.0379,4.69,1.14,None,0.22,None,0.8674,0.368,None,2.1,-0.19,1.4384
1999-03-31,56145483,224581932,4,2814398000,693134000,1733819000,513671000,1080579000,0,0,0,846421000,1337103000,-2716000,-2716000,-0.05,-0.05,0.08,148419000,-69074000,-77201000,2144000,13343000,68924000,5.21,6.22,4.19,-0.039,-0.0163,4.81,1.08,None,0.2,None,0.7833,0.3839,None,2.04,0.35,1.3494
1998-12-31,56070215,224280860,4,2725664000,639710000,1640377000,497744000,1085287000,0,0,0,822335000,1390234000,-85657000,-85657000,-1.53,-1.53,0.08,-102267000,-71213000,176483000,3003000,11199000,71861000,5.47,6.51,4.44,-0.0412,-0.0181,4.84,1.04,24.58,0.18,None,0.7577,0.3982,None,2.12,-0.78,1.2852
1998-09-30,55834386,223337544,4,2803809000,749785000,1632096000,582469000,1171713000,0,0,0,697673000,1338649000,4311000,4311000,0.08,0.08,0.08,125399000,-376759000,252978000,1618000,8196000,376759000,6.43,8.45,4.41,0.0435,0.0199,5.25,1.22,14.87,0.16,0.3535,0.5954,0.4179,0.0088,2.25,-1.13,1.2873
1998-06-30,56248723,224994892,4,2469735000,703721000,1285524000,542900000,1184211000,0,0,0,410010000,1448104000,39939000,39939000,0.71,0.7,0.08,95351000,-53482000,-45099000,-3230000,6578000,43194000,8.41,9,7.83,0.0844,None,5.26,1.65,25.48,0.14,0.1833,0.3462,0.4795,0.0154,2.6,0.23,1.2962
1998-03-31,56195070,224780280,4,2431162000,687209000,1282814000,564509000,1148348000,0,0,0,398347000,1362359000,-5884000,-5884000,-0.11,-0.11,0.08,47342000,-64814000,17345000,-127000,9808000,65288000,8.01,9.13,6.89,0.0621,None,5.11,1.55,18.63,0.13,0.2844,0.3469,0.4723,0.0116,2.45,-0.08,1.2174
1997-12-31,55882057,223528228,4,2493043000,789025000,1334202000,597284000,1158841000,0,10,0,430183000,1596129000,12366000,12366000,0.22,None,0.08,-33520000,-26957000,48482000,-11995000,9935000,35092000,7.62,8.5,6.74,None,None,5.18,1.49,None,0.11,0.2562,0.3712,0.4648,None,None,-0.31,1.321
1997-09-30,56120558,224482232,4,2418701000,746895000,1268001000,661179000,1150700000,0,10,0,323500000,1975665000,51561000,51561000,0.92,None,0.08,296544000,-20577000,-257273000,18694000,21930000,20178000,8.97,10.75,7.19,None,None,5.13,1.62,None,0.09,None,0.2811,0.4758,None,None,1.23,1.1296
1997-06-30,56093615,224374460,4,2940373000,905641000,1696303000,638460000,1244070000,0,0,0,786825000,1362624000,16729000,14903000,0.29,None,0.13,-73578000,-398221000,475024000,3225000,3236000,36245000,9.1,9.63,8.56,None,None,5.54,1.83,None,0.07,None,0.6325,0.4231,None,None,-0.49,1.4185
1997-03-31,55308596,221234384,4,1993932000,346049000,894988000,301469000,1098944000,0,0,0,334993000,821802000,15440000,12674000,0.29,None,0.13,31651000,-40965000,9315000,1000,11000,41275000,8.13,9.1,7.16,None,None,4.97,None,None,0.0325,None,0.3048,0.5511,None,None,-0.04,1.1479
