"Quarter end","Shares","Shares split adjusted","Split factor","Assets","Current Assets","Liabilities","Current Liabilities","Shareholders equity","Non-controlling interest","Preferred equity","Goodwill & intangibles","Long-term debt","Revenue","Earnings","Earnings available for common stockholders","EPS basic","EPS diluted","Dividend per share","Cash from operating activities","Cash from investing activities","Cash from financing activities","Cash change during period","Cash at end of period","Capital expenditures","Price","Price high","Price low","ROE","ROA","Book value of equity per share","P/B ratio","P/E ratio","Cumulative dividends per share","Dividend payout ratio","Long-term debt to equity ratio","Equity to assets ratio","Net margin","Asset turnover","Free cash flow per share","Current ratio"
2019-06-30,154526089,154526089,1,5216500000,1576600000,5557700000,1587400000,-341200000,0,0,2057700000,3588600000,1161000000,33200000,33200000,0.22,0.21,0.16,104200000,-67200000,-64200000,-13800000,222200000,46900000,43.88,47.13,40.62,None,0.0725,-2.21,None,15.4,6.97,0.2695,None,None,0.0632,1.15,0.37,0.9932
2019-03-31,155703682,155703682,1,5155000000,1555200000,5447400000,1481100000,-292400000,0,0,2053300000,3284600000,1112700000,57500000,57400000,0.37,0.37,0.16,65100000,-57200000,-34000000,-35700000,236000000,49900000,40.54,46.74,34.34,None,0.09,-1.88,None,31.92,6.81,0.2228,None,None,0.0771,1.17,0.1,1.05
2018-12-31,155632640,155632640,1,5050200000,1554800000,5398800000,1488600000,-348600000,0,0,2049300000,3236500000,2391200000,200300000,200600000,1.29,1.27,0.16,278000000,-55500000,-144100000,80400000,271700000,54200000,35.36,40.49,30.22,None,0.0387,-2.24,None,None,6.65,0.5266,None,None,0.0406,0.95,1.44,1.0445
2018-09-30,156925124,156925124,1,4997000000,1595400000,5442700000,1566600000,-445700000,0,0,2054200000,3242500000,1186200000,79000000,78600000,0.5,0.5,0.16,113400000,-130400000,28500000,11200000,191300000,41200000,41.42,44.36,38.49,None,-0.0048,-2.84,None,11.67,6.49,None,None,None,None,0.71,0.46,1.0184
2018-06-30,158812370,158812370,1,4859200000,1531000000,5231600000,1374100000,-372400000,0,0,2017600000,3217100000,1155200000,114400000,113800000,0.71,0.71,0.16,70300000,-44800000,-146500000,-146800000,180100000,30600000,43.76,46.2,41.31,None,0.1296,-2.34,None,13.3,6.33,0.1691,None,None,0.1932,0.67,0.25,1.1142
2018-03-31,161158938,161158938,1,5041100000,1665200000,5405900000,1422800000,-364800000,0,0,2030500000,3247900000,100000,-200600000,-200800000,-1.21,-1.21,0.16,-33700000,-36000000,-216200000,-267100000,326900000,43600000,45.31,49.86,40.76,None,0.1101,-2.26,49.79,10.59,6.17,0.1836,None,None,0.1902,0.57,-0.48,1.1704
2017-12-31,167374980,167374980,1,5280300000,1866400000,5128000000,1378200000,152300000,0,0,2023400000,3230500000,1227800000,-17100000,-16500000,-0.1,-0.1,0.16,91900000,-90800000,-617300000,-710700000,594000000,59600000,46.33,49.66,43.01,None,0.1241,0.91,14,8.74,6.01,0.1547,21.2114,0.0288,0.1815,0.68,0.19,1.3542
2017-09-30,229996518,229996518,1,5939400000,2575700000,5178800000,1516900000,760600000,0,0,1943100000,3219400000,1131300000,787400000,782400000,4.19,4.15,0.16,191200000,1986200000,-1108900000,1061700000,1304700000,36700000,None,None,None,None,0.1429,3.31,None,None,5.85,0.1286,4.2327,0.1281,0.2023,0.7,0.67,1.698
2017-06-30,190031346,190031346,1,7626900000,4446900000,7287400000,3070000000,339500000,0,0,1930100000,3790100000,1070300000,87800000,87200000,0.45,0.45,0.16,124100000,-26500000,-92400000,-15400000,243000000,46900000,44.35,46.41,42.3,0.7375,0.0519,1.79,14.59,24.92,5.69,0.3198,11.1638,0.0445,0.0695,0.74,0.41,1.4485
2017-03-31,195812519,195812519,1,7421200000,4287500000,6826400000,2661600000,594800000,0,0,1924000000,3762700000,1032200000,-43200000,-43100000,-0.22,-0.22,0.16,17200000,-55300000,-45700000,-75300000,258400000,60200000,46.76,50.22,43.3,0.5948,0.0469,3.04,14.84,19.01,5.53,0.3577,6.326,0.0801,0.056,0.83,-0.22,1.6109
2016-12-31,193477077,193477077,1,7389100000,2215300000,6779400000,2118900000,609700000,0,0,3565700000,3938300000,1744100000,181600000,180400000,0.94,0.92,0.16,436400000,-84100000,-291400000,37600000,363700000,112300000,45.65,48.84,42.45,0.8361,0.0647,3.15,15.96,21.13,5.37,0.2463,6.4594,0.0825,0.0713,0.9,1.68,1.0455
2016-09-30,193307520,193307520,1,7605800000,2376100000,7053000000,2283800000,552800000,0,0,3655300000,4000700000,1716600000,163300000,162100000,0.84,0.83,0.16,289300000,-94100000,-160300000,35300000,332800000,111900000,47.26,49.41,45.11,0.7637,0.0569,2.86,15.86,27.01,5.21,0.2668,7.2372,0.0727,0.0627,0.9,0.92,1.0404
2016-06-30,196702964,196702964,1,7526700000,2360000000,6939700000,1893400000,587000000,0,0,3671200000,4259100000,1727000000,49600000,49200000,0.25,0.25,0.16,177200000,-67900000,-122100000,-18200000,297500000,100500000,48.11,52.68,43.55,0.6599,0.0468,2.98,16.88,29.52,5.05,0.3099,7.2557,0.078,0.0512,0.91,0.39,1.2464
2016-03-31,197142884,197142884,1,7539300000,2319100000,6978200000,1899900000,561100000,0,0,3713000000,4280000000,1590600000,91900000,91300000,0.47,0.46,0.13,4000000,-68700000,32900000,-42700000,315700000,69600000,43.45,48.53,38.36,0.5035,0.0433,2.85,16.15,26.66,4.89,0.3157,7.6279,0.0744,0.0477,0.9,-0.33,1.2206
2015-12-31,195993330,195993330,1,7426000000,2215600000,6898900000,1807100000,527100000,0,0,3693800000,4302700000,1753900000,123500000,122800000,0.62,0.62,0.13,289100000,-66900000,-149200000,60300000,358400000,71200000,47.27,52.73,41.81,0.4173,0.0435,2.69,21.1,35.81,4.76,0.3158,8.163,0.071,0.0474,0.91,1.11,1.2261
2015-09-30,197423854,197423854,1,7586300000,2485600000,7144300000,1983200000,442000000,0,0,3729800000,4334900000,1746200000,86600000,86000000,0.43,0.42,0.13,215200000,-65900000,-374400000,-234900000,334300000,48700000,50.62,55.84,45.39,0.2889,0.0354,2.24,9.7,42.9,4.63,0.3871,9.8075,0.0583,0.0381,0.92,0.84,1.2533
2015-06-30,205842170,205842170,1,7955400000,2745000000,6880700000,1654000000,1074700000,0,0,3792100000,4369000000,1785000000,28100000,27800000,0.13,0.13,0.13,144400000,76700000,-109500000,32900000,569200000,35800000,48.05,52.68,43.43,0.2117,0.0312,5.22,8.78,36.13,4.5,0.4363,4.0653,0.1351,0.0334,0.93,0.53,1.6596
2015-03-31,210165657,210165657,1,7853500000,2676600000,6703800000,1594200000,1149700000,0,0,3792100000,4261800000,1746400000,97200000,96600000,0.46,0.46,0.13,319000000,-3900000,-142200000,213700000,536300000,-4600000,43.43,48.44,38.42,0.2229,0.0346,5.47,7.85,36.19,4.37,0.3893,3.7069,0.1464,0.0367,0.94,1.54,1.679
2014-12-31,210151221,210151221,1,8041700000,2691600000,6878900000,1730900000,1162800000,0,0,3877700000,4282500000,1973700000,66700000,66200000,0.31,0.31,0.13,279800000,-52800000,-304800000,-98100000,322600000,52700000,37.23,43.47,30.99,0.1906,0.0308,5.53,5.92,36.5,4.24,0.4304,3.6829,0.1446,0.0331,0.93,1.08,1.555
2014-09-30,211157615,211157615,1,8354500000,2912700000,7027200000,2020300000,1327300000,0,0,3966600000,4197700000,1975500000,59300000,58900000,0.28,0.28,0.13,280600000,-34700000,-172700000,64200000,420700000,31200000,34.44,37.21,31.67,0.1552,0.0253,6.29,5.16,37.43,4.11,0.4988,3.1626,0.1589,0.0282,0.89,1.18,1.4417
2014-06-30,212022616,212022616,1,8532300000,2887400000,7116700000,2217500000,1414300000,1300000,0,4084300000,4054900000,1973600000,60300000,60000000,0.28,0.28,0.13,170200000,-27000000,-198600000,-56600000,356500000,26900000,32.65,34.94,30.36,0.1378,0.0222,6.67,4.77,36.28,3.98,0.5433,2.8671,0.1658,0.0256,0.86,0.68,1.3021
2014-03-31,215926450,215926450,1,8570300000,2670500000,7089900000,2125400000,1479000000,1400000,0,4105900000,4110500000,1827700000,71800000,71400000,0.35,0.33,0.13,-932500000,-27000000,372000000,-579300000,413100000,27000000,32.25,34.65,29.86,0.1361,0.0213,6.85,4.56,55.6,3.85,0.5434,2.7792,0.1726,0.0251,0.85,-4.44,1.2565
2013-12-31,196199006,196199006,1,9134200000,3417700000,7743700000,2700800000,1389100000,1400000,0,4131500000,4116400000,1940600000,27500000,27400000,0.15,0.13,0.13,353000000,90500000,-218000000,215700000,992400000,30200000,30.34,34.13,26.56,0.0882,0.0134,7.08,4.21,None,3.72,0.8247,2.9634,0.1521,0.0161,0.83,1.65,1.2654
2013-09-30,196171435,196171435,1,9343800000,3434500000,7927800000,2631700000,1414300000,1700000,0,4203800000,4335200000,1935900000,37700000,37500000,0.19,0.18,0.13,215800000,-31700000,-24200000,136600000,776700000,30200000,27.51,30.57,24.45,-0.044,-0.0066,7.21,3.92,None,3.59,None,3.0653,0.1514,None,0.81,0.95,1.305
2013-06-30,195892851,195892851,1,9219400000,3332200000,7846100000,2564700000,1373400000,-100000,0,4193400000,4351700000,1961500000,56300000,56100000,0.29,0.26,0.13,101700000,-19200000,-48600000,14300000,640100000,19500000,22.89,24.64,21.15,-0.8967,-0.1398,7.01,3.14,None,3.46,None,3.1686,0.149,None,0.79,0.42,1.2993
2013-03-31,195838857,195838857,1,9273300000,3276700000,7847300000,2513800000,1425800000,200000,0,4252400000,4376500000,1852800000,2700000,2600000,0.01,0.01,0.13,-39300000,-24500000,-29000000,-53800000,625800000,24500000,21.11,24.28,17.94,-0.754,-0.1402,7.28,2.85,None,3.33,None,3.0695,0.1538,None,0.76,-0.33,1.3035
2012-12-31,194595896,194595896,1,9437200000,3222400000,7992900000,2333600000,1443800000,500000,0,4331100000,4540800000,1825800000,-158300000,-158500000,-0.82,-0.82,0.13,316300000,295100000,-470000000,138800000,679600000,20200000,16.39,17.55,15.24,-0.6228,-0.1342,7.42,1.88,None,3.2,None,3.145,0.153,None,0.73,1.52,1.3809
2012-09-30,194513709,194513709,1,10177700000,3481900000,8477200000,2915800000,1699900000,600000,0,4889800000,4486300000,1900300000,-1232400000,-1232500000,-6.38,-6.38,0.13,141500000,-29000000,-55700000,56100000,540800000,29200000,14.89,16.67,13.11,-0.4923,-0.118,8.74,1.01,297.8,3.07,None,2.6392,0.167,None,0.71,0.58,1.1941
2012-06-30,194160105,194160105,1,11108800000,3039100000,8246700000,2322800000,2868800000,-6700000,0,6203800000,4935600000,2004500000,-13600000,-13700000,-0.07,-0.07,0.13,36500000,-41900000,-38400000,-34300000,503900000,38400000,17.43,19.95,14.9,0.0016,0.0005,14.78,1.11,36.31,2.94,22.3119,1.7204,0.2582,0.0006,0.73,-0.01,1.3084
2012-03-31,194097465,194097465,1,11321000000,3010600000,8278900000,2234300000,3047900000,-5800000,0,6376300000,4988000000,1917500000,-6000000,-6100000,-0.03,-0.03,0.13,-97300000,-27000000,-65200000,-184600000,538200000,28800000,19.21,21.04,17.38,0.0299,0.0098,15.7,1.25,22.6,2.81,1.1537,1.6365,0.2692,0.0129,0.76,-0.65,1.3474
2011-12-31,192055662,192055662,1,11496700000,3262600000,8544300000,2383500000,2957500000,-5100000,0,6323700000,5010900000,2052700000,-49300000,-49000000,-0.26,-0.26,0.13,115100000,-2299000000,2108000000,-77500000,722800000,41000000,17.16,18.72,15.61,0.0564,0.0212,15.4,1.3,12.35,2.68,0.6146,1.6943,0.2572,0.0264,0.8,0.39,1.3688
2011-09-30,192020254,192020254,1,5618300000,2290600000,3085200000,1535800000,2538200000,-5100000,0,2056200000,1403600000,1247100000,73700000,73300000,0.46,0.41,0.13,156900000,-26600000,-13400000,95300000,800300000,27200000,20.29,23.87,16.7,0.0995,0.0452,13.22,1.26,14.39,2.55,0.3504,0.553,0.4518,0.0519,0.87,0.68,1.4915
2011-06-30,160210558,160210558,1,5587300000,2207800000,3014600000,1459300000,2576900000,-4200000,0,2062900000,1401900000,1212600000,65000000,65000000,0.41,0.36,0.13,52900000,-26200000,-23700000,9000000,705000000,26700000,24.39,26.9,21.89,0.1022,0.0458,16.08,1.56,17.06,2.42,0.3293,0.544,0.4612,0.0539,0.85,0.16,1.5129
2011-03-31,160154342,160154342,1,5490300000,2122100000,2994700000,1441000000,2499200000,-3600000,0,1952100000,1398800000,1128500000,59700000,59700000,0.37,0.34,0.13,67200000,-18600000,-47300000,20400000,696000000,19200000,26.84,28.52,25.15,0.1068,0.0467,15.6,1.78,18.64,2.29,0.3201,0.5597,0.4552,0.0558,0.84,0.3,1.4727
2010-12-31,159305507,159305507,1,5399400000,2040000000,2997800000,1447700000,2404600000,-3000000,0,1945900000,1399200000,1209200000,51200000,51200000,0.33,0.28,0.13,193900000,-40000000,-224500000,-86200000,675600000,25800000,23.92,25.59,22.25,0.1105,0.0473,15.09,1.59,15.74,2.16,0.3117,0.5819,0.4453,0.057,0.83,1.06,1.4091
2010-09-30,159680387,159680387,1,5571600000,2219600000,3173000000,1445100000,2399500000,-900000,0,1947800000,1559600000,1130000000,76500000,76500000,0.48,0.43,0.13,102400000,-13900000,-22900000,99600000,761800000,19500000,21.23,22.96,19.49,0.1192,0.0498,15.03,1.52,14.85,2.03,0.2895,0.65,0.4307,0.0609,0.82,0.52,1.5359
2010-06-30,159604770,159604770,1,5338800000,2056600000,3114600000,1401300000,2224600000,-400000,0,1938800000,1559300000,1089700000,67000000,67000000,0.42,0.38,0.12,103500000,-31200000,-21400000,34700000,662200000,25100000,21.49,23.26,19.72,0.1151,0.0474,13.94,1.54,15.57,1.9,0.3011,0.7009,0.4167,0.058,0.82,0.49,1.4676
2010-03-31,159472219,159472219,1,5335900000,2036000000,3104900000,1386900000,2230900000,100000,0,1941400000,1560600000,1061200000,61200000,61200000,0.38,0.35,0.12,83300000,-11800000,-104200000,-67000000,627500000,13000000,20.43,22.02,18.84,0.1141,0.0456,13.99,1.48,15.13,1.78,0.3086,0.6995,0.4181,0.0573,0.79,0.44,1.468
2009-12-31,158938174,158938174,1,5420100000,2073400000,3219800000,1433800000,2199600000,700000,0,1948700000,1626300000,1146400000,65100000,65100000,0.41,0.36,0.12,193300000,-13000000,42100000,207400000,694500000,15000000,20.71,22.65,18.78,0.1169,0.0453,13.84,1.52,16.7,1.66,0.3121,0.7394,0.4058,0.0576,0.79,1.12,1.4461
2009-09-30,158960030,158960030,1,5332800000,1943700000,3160300000,1453500000,2171300000,1200000,0,1949700000,1565400000,1079900000,60600000,60600000,0.38,0.34,0.12,164800000,-13500000,-471300000,-302100000,487100000,15900000,19.77,21.62,17.93,0.1121,0.0429,13.66,1.52,20.81,1.54,0.336,0.721,0.4072,0.0531,0.81,0.94,1.3373
2009-06-30,158776831,158776831,1,5636200000,2302000000,3565100000,1863800000,2069400000,1700000,0,1949200000,1565200000,1028000000,60500000,60500000,0.38,0.33,0.12,137700000,-19900000,239700000,363000000,789200000,19500000,17.68,21.24,14.12,0.0883,0.0332,13.03,1.46,18.42,1.42,0.4339,0.7564,0.3672,0.0398,0.84,0.74,1.2351
2009-03-31,158608442,158608442,1,5180900000,1908500000,3260700000,1536800000,1918100000,2100000,0,1932600000,1589600000,988500000,58100000,58100000,0.37,0.32,0.12,56200000,-23900000,279800000,297300000,426200000,22700000,13.06,15.7,10.43,0.0887,0.034,12.09,1.07,13.46,1.3,0.4283,0.8287,0.3702,0.0381,0.89,0.21,1.2419
2008-12-31,157876096,157876096,1,4986000000,1672700000,3061400000,1622200000,1924600000,0,0,1938100000,1289900000,1168300000,47300000,47300000,0.3,0.25,0.12,78300000,-37700000,-196700000,-145500000,128900000,38500000,17.55,22.5,12.61,0.0876,0.0339,12.19,1.37,15.26,1.18,0.4229,0.6702,0.386,0.0371,0.91,0.25,1.0311
2008-09-30,157874358,157874358,1,5283300000,1694800000,3265600000,1739800000,2017700000,0,0,1963100000,1374100000,1219000000,9200000,9200000,0.06,0.05,0.12,91300000,-40300000,-29200000,7400000,274400000,42600000,21.64,25.01,18.27,0.1022,0.0392,12.78,1.6,14.52,1.06,0.3452,0.681,0.3819,0.0431,0.91,0.31,0.9741
2008-06-30,158089291,158089291,1,5381600000,1778000000,3247100000,1713200000,2134500000,0,0,1975000000,1365500000,1278800000,62600000,62600000,0.4,0.34,0.12,203100000,-57700000,-298100000,-163900000,267000000,55300000,23.59,28.18,19.01,0.1335,0.0507,13.5,1.77,15.22,0.94,0.2559,0.6397,0.3966,0.0566,0.9,0.93,1.0378
2008-03-31,160141847,160141847,1,5558600000,2015000000,3425100000,1729600000,2133500000,0,0,1975600000,1530700000,1177400000,60800000,60800000,0.38,0.33,0.12,31700000,-41000000,-38900000,600000,430900000,40400000,23.37,26.41,20.33,0.1437,0.0532,13.32,1.87,12.37,0.82,0.236,0.7175,0.3838,0.0606,0.88,-0.05,1.165
2007-12-31,161607030,161607030,1,5438300000,1936100000,3418700000,1741600000,2019600000,0,0,1969700000,1531600000,1250200000,79700000,79700000,0.51,0.43,0.1,154600000,-91800000,-15400000,55800000,430300000,52500000,24.98,27.55,22.41,0.1847,0.0669,12.5,2.05,13.11,0.7,0.1831,0.7584,0.3714,0.0759,0.88,0.63,1.1117
2007-09-30,161523314,161523314,1,5350300000,1939300000,3382900000,1694400000,1967400000,0,0,1987300000,1532800000,1160900000,72400000,72400000,0.45,0.39,0.1,92600000,-90700000,-18100000,-4700000,374500000,46200000,27.95,31.47,24.44,0.196,0.069,12.18,2.42,14.52,0.6,0.1698,0.7791,0.3677,0.0784,0.88,0.29,1.1445
2007-06-30,161510809,161510809,1,5198000000,1860500000,3334700000,1649200000,1863300000,0,0,1970600000,1533400000,1145400000,73900000,73900000,0.46,0.4,0.1,49900000,-67100000,-5700000,-36700000,379200000,59400000,32.14,33.56,30.71,0.2107,0.0716,11.54,2.9,17.51,0.5,0.1563,0.8229,0.3585,0.0809,0.89,-0.06,1.1281
2007-03-31,161551847,161551847,1,5116900000,1825100000,3324000000,1342500000,1792900000,0,0,1967100000,1827100000,1094700000,127000000,127000000,0.79,0.67,0.1,81000000,-24500000,-20300000,42800000,415900000,50800000,32.33,33.72,30.93,0.2123,0.069,11.1,3.15,22.07,0.4,0.1521,1.0191,0.3504,0.0784,0.88,0.19,1.3595
2006-12-31,80672810,161345620,2,5020900000,1756700000,3366100000,1406100000,1654800000,0,0,1957100000,1826600000,1145500000,83300000,83300000,1.04,0.89,0.15,145700000,-14100000,-7400000,145900000,373100000,56600000,29.84,32.78,26.89,0.1783,0.0554,10.26,3.1,21.24,0.3,0.1773,1.1038,0.3296,0.0633,0.88,0.55,1.2493
2006-09-30,80619705,161239410,2,4844600000,1601100000,3293700000,1339400000,1550900000,0,0,1959000000,1824500000,1081400000,77200000,77200000,0.95,0.82,0.15,102300000,-83400000,-318600000,-303800000,227200000,35600000,25.13,27.34,22.91,0.1794,0.0538,9.62,2.71,18.82,0.22,0.1383,1.1764,0.3201,0.062,0.87,0.41,1.1954
2006-06-30,81072516,162145032,2,5031000000,1814000000,3524900000,1557800000,1506100000,0,0,1946800000,1832400000,1081900000,57800000,57800000,0.71,0.62,0.15,120100000,-41600000,1200000,92800000,531000000,36400000,27.38,29.52,25.25,0.1758,0.0512,9.29,3.11,20.21,0.15,0.0972,1.2167,0.2994,0.0598,0.86,0.52,1.1645
2006-03-31,81580631,163161262,2,4882000000,1683600000,3445700000,1505700000,1436300000,0,0,1940300000,1811700000,1019100000,55800000,55800000,0.68,0.6,0.15,64800000,-63400000,-25200000,-17600000,438200000,23700000,28.27,29.49,27.05,0.184,0.0527,8.8,3.31,21.02,0.07,0.0478,1.2614,0.2942,0.0619,0.85,0.25,1.1182
2005-12-31,81476998,162953996,2,4864200000,1695400000,3472100000,1533500000,1392100000,0,0,1908800000,1813000000,1075600000,73100000,73100000,0.89,0.77,0,122500000,-36500000,-39900000,38800000,455800000,29400000,25.61,28.21,23.01,0.1866,0.0529,8.54,3.03,22.87,0,0,1.3023,0.2862,0.0626,0.84,0.57,1.1056
2005-09-30,81394062,162788124,2,4825600000,1672500000,3450100000,1515700000,1375500000,0,0,1945300000,1814000000,1019700000,64200000,64200000,0.78,0.68,0,76000000,-61900000,-45500000,-38100000,417000000,24900000,25,26.98,23.02,0.157,0.0441,8.45,3.06,22.22,0,0,1.3188,0.285,0.0529,0.83,0.31,1.1035
2005-06-30,82874223,165748446,2,4828700000,1669500000,3472300000,1296400000,1356400000,0,0,1947400000,2059600000,1020000000,62700000,62700000,0.75,0.66,0,124300000,17000000,-35500000,77400000,455100000,20000000,25.56,27.25,23.88,0.161,0.0439,8.18,3.15,22.72,0,0,1.5184,0.2809,0.0538,0.82,0.63,1.2878
2005-03-31,83706180,167412360,2,4820100000,1619800000,3460900000,1255500000,1359200000,0,0,1949100000,2072700000,969800000,55800000,55800000,0.67,0.58,0,35400000,-2400000,2500000,19700000,377700000,19300000,25.21,26.85,23.57,0.1654,0.0438,8.12,3.16,21.83,0,0,1.5249,0.282,0.0548,0.8,0.1,1.2902
2004-12-31,83706288,167412576,2,4855000000,1611200000,3521500000,1303800000,1333500000,0,0,1953400000,2088000000,1017100000,30200000,30200000,0.36,0.32,0,120300000,-11900000,-226300000,-92100000,358000000,25100000,24.65,26.75,22.55,0.1756,0.045,7.97,3.34,21.07,0,0,1.5658,0.2747,0.0568,0.79,0.57,1.2358
2004-09-30,83564472,167128944,2,4846100000,1611200000,3614400000,1215800000,1231700000,0,0,1944400000,2271900000,944200000,63800000,63800000,0.76,0.69,0,106800000,-31500000,-28500000,41500000,517300000,25500000,24.2,26.25,22.14,0.1976,0.0488,7.37,3.43,23.5,0,0,1.8445,0.2542,0.0625,0.78,0.49,1.3252
2004-06-30,83975297,167950594,2,4763000000,1532200000,3578400000,1185200000,1184600000,0,0,1942000000,2262000000,923700000,61400000,61400000,0.73,0.66,0,108800000,-20800000,-26900000,63000000,475800000,20800000,25.26,26.7,23.82,0.1837,0.0494,7.05,3.67,25.78,0,0,1.9095,0.2487,0.0561,0.78,0.52,1.2928
2004-03-31,84325742,168651484,2,4713500000,1454900000,3552100000,1167300000,1161400000,0,0,1942200000,2264100000,913100000,60200000,60200000,0.71,0.64,0,100300000,-26800000,-18600000,47800000,412800000,26300000,25.41,27.27,23.54,0.1858,0.0505,6.89,3.87,27.62,0,0,1.9495,0.2464,0.0549,0.77,0.44,1.2464
2003-12-31,85576482,171152964,2,4704100000,1427800000,3580500000,1190400000,1123600000,0,0,1939500000,2259800000,934700000,46800000,46800000,0.56,0.35,0,155200000,-46300000,-263800000,-146200000,365000000,45300000,25.67,27.23,24.11,0.1872,0.0519,6.56,4.24,None,0,0,2.0112,0.2389,0.053,0.76,0.64,1.1994
2003-09-30,84976620,169953240,2,4790000000,1547300000,3760700000,1171100000,1029300000,0,0,1931900000,2460700000,908700000,66100000,38200000,0.45,0.41,0,146400000,-25800000,-60700000,60900000,511200000,24300000,23.88,25.02,22.75,-0.4059,-0.0682,6.06,4.18,None,0,None,2.3907,0.2149,None,0.76,0.72,1.3212
2003-06-30,84883445,169766890,2,4701000000,1464200000,2442800000,1138300000,968700000,1289500000,0,1932000000,1179400000,865600000,65800000,53700000,0.63,0.56,0,87100000,-29900000,249000000,299800000,450300000,29900000,21.84,23.83,19.84,-0.3876,-0.0709,5.71,4.21,None,0,None,1.2175,0.2061,None,0.77,0.34,1.2863
2003-03-31,84402280,168804560,2,4315600000,1114600000,2112900000,1133500000,875700000,1327000000,0,1925500000,869100000,822900000,61700000,48400000,0.57,0.52,0,81000000,-21400000,-33400000,23700000,150500000,21400000,19.35,20.99,17.71,-0.3889,-0.0736,5.19,4.01,None,0,None,0.9925,0.2029,None,0.78,0.35,0.9833
2002-12-31,84360280,168720560,2,4260766000,1056258000,2120801000,1152754000,812960000,1327005000,0,1926244000,868030000,846071000,-501817000,-514397000,-6.11,-6.11,0,115999000,-30475000,-36341000,49517000,126751000,30475000,12.93,19.5,6.35,-0.3896,-0.0753,4.82,2.2,12.37,0,None,1.0677,0.1908,None,0.78,0.51,0.9163
2002-09-30,83938443,167876886,2,4094285000,986291000,1776169000,631394000,987481000,1330635000,0,1922163000,861473000,825816000,66198000,59086000,0.7,0.62,0,125160000,-13521000,-47211000,62034000,77234000,13237000,13.49,20.34,6.64,0.2045,0.0576,5.88,2.42,14.66,0,0,0.8724,0.2412,0.0595,0.78,0.67,1.5621
2002-06-30,83938823,167877646,2,4073761000,933392000,1793687000,639592000,936915000,1343159000,0,1921342000,868713000,786282000,66005000,55654000,0.66,0.61,0,81245000,-35791000,-42869000,-13783000,15200000,25610000,21.87,24.19,19.55,0.1849,0.0524,5.58,4.16,28.59,0,0,0.9272,0.23,0.0524,0.77,0.33,1.4594
2002-03-31,83929096,167858192,2,3982394000,876901000,1734974000,600778000,883016000,1364404000,0,1911733000,856199000,746087000,60545000,47034000,0.56,0.56,0,1535000,-17101000,24920000,15178000,28983000,17101000,21.15,24.2,18.1,0.1566,0.0459,5.26,4.16,34.67,0,0,0.9696,0.2217,0.043,0.77,-0.09,1.4596
2001-12-31,83711406,167422812,2,3907909000,776352000,1691603000,626980000,850152000,1366154000,0,1913000000,788111000,781390000,38463000,25181000,0.3,0.3,0,209153000,-59038000,-186265000,-37729000,13805000,35119000,20.6,23.55,17.65,0.1347,0.0391,5.08,4.18,25.91,0,0,0.927,0.2175,0.0356,0.77,1.04,1.2382
2001-09-30,83724792,167449584,2,4018714000,896829000,1825853000,651288000,824944000,1367917000,0,1914806000,894522000,766221000,44410000,33647000,0.4,0.37,0,125211000,-27586000,-111945000,-13141000,51534000,27586000,18.39,20.82,15.96,0.2101,0.0446,4.93,3.86,21.89,0,0,1.0843,0.2053,0.0523,0.78,0.58,1.377
2001-06-30,83734577,167469154,2,4013235000,890834000,1836331000,623776000,796476000,1380428000,0,1927239000,933719000,761599000,39264000,25460000,0.3,0.3,0,106838000,-52634000,-89420000,-37683000,64675000,40546000,18.8,22.4,15.21,0.2391,0.0472,4.76,4.09,20.66,0,0,1.1723,0.1985,0.0571,0.78,0.4,1.4281
2001-03-31,83657527,167315054,2,4076317000,945791000,1926412000,640568000,769477000,1380428000,0,1942936000,1002288000,758272000,34560000,24841000,0.3,0.25,0,137491000,-38674000,-14953000,91129000,102358000,38674000,17.65,20.9,14.4,0.2687,0.0513,4.6,3.92,17.48,0,0,1.3026,0.1888,0.0613,0.78,0.59,1.4765
2000-12-31,83625503,167251006,2,4048098000,877080000,1902596000,674568000,753129000,1392373000,0,1959909000,944453000,872724000,61791000,81173000,0.97,0.67,0,68685000,-92182000,28184000,4978000,11229000,31143000,19.72,26.25,13.19,0.3093,0.0571,4.5,4.87,21.2,0,0,1.254,0.186,0.0673,0.78,0.22,1.3002
2000-09-30,83659240,167318480,2,3989601000,871714000,1776669000,608381000,677123000,1535809000,0,1919375000,884695000,746860000,54714000,47637000,0.57,0.46,0,106108000,-173313000,51512000,-12515000,6251000,25153000,24.64,27.38,21.91,0.2739,0.0574,4.05,6.48,26.93,0,0,1.3065,0.1697,0.0573,0.76,0.48,1.4328
2000-06-30,83760124,167520248,2,3865078000,848830000,1529881000,550858000,636780000,1698417000,0,1843946000,690275000,731542000,53831000,36861000,0.44,0.44,0,46234000,-32381000,-17712000,1045000,18766000,31581000,27.54,29.75,25.32,0.2747,0.0572,3.8,7.65,30.77,0,0,1.084,0.1648,0.0539,0.75,0.09,1.5409
2000-03-31,83639976,167279952,2,3871994000,830985000,1568827000,571385000,601760000,1701407000,0,1857843000,706902000,716588000,54983000,40665000,0.49,0.45,0,108386000,-51113000,-54313000,4049000,17721000,23571000,26.32,30.94,21.69,0.2896,0.0562,3.6,8,31.33,0,0,1.1747,0.1554,0.0534,0.74,0.51,1.4543
1999-12-31,83821232,167642464,2,3855233000,803224000,1542541000,582094000,551030000,1761662000,0,1859958000,665116000,750823000,59943000,43718000,0.52,0.51,0,119635000,-38081000,-146273000,-60731000,13672000,22700000,25.68,29.07,22.28,0.2894,0.0536,3.29,8.62,29.86,0,0,1.207,0.1429,0.0499,0.72,0.58,1.3799
1999-09-30,83516970,167033940,2,3956246000,873480000,1670489000,678465000,497819000,1787938000,0,1873088000,701214000,714755000,53712000,35833000,0.43,0.43,0,130252000,-20611000,-94440000,14376000,74403000,19086000,29.25,32.94,25.57,0.3156,0.0541,2.98,10.41,132.95,0,0,1.4086,0.1258,0.0518,0.7,0.67,1.2874
1999-06-30,83619100,167238200,2,3956646000,851436000,1698305000,564682000,470381000,1787960000,0,1883948000,845332000,695121000,51192000,33342000,0.4,0.4,0,107476000,-22511000,-111736000,-25253000,60027000,13606000,29.14,34.22,24.07,0.0878,None,2.81,11.12,233.12,0,0,1.7971,0.1189,0.0138,0.69,0.56,1.5078
1999-03-31,83500810,167001620,2,4018620000,875614000,1790898000,703275000,438015000,1789707000,0,1894863000,805827000,678937000,46614000,28714000,0.34,0.34,0,72991000,-16082000,-14734000,40294000,85280000,16082000,25.88,28.38,23.38,0.0517,None,2.62,9.88,398.15,0,0,1.8397,0.109,0.0082,0.68,0.34,1.2451
1998-12-31,83486552,166973104,2,4039930000,844614000,1811792000,534990000,437045000,1791093000,0,1907736000,996526000,721414000,64493000,47564000,0.57,0.55,0,135180000,-33865000,-92623000,5072000,44986000,27822000,19.8,25.91,13.69,None,None,2.62,8.25,None,0,0,2.2801,0.1082,None,None,0.64,1.5787
1998-09-30,83424661,166849322,2,4015541000,829877000,1817429000,542679000,401019000,1797093000,0,1870445000,1038653000,684302000,-54103000,-71286000,-0.85,-0.85,0,120596000,-25174000,-89019000,5850000,39914000,25174000,18.98,22.19,15.78,None,None,2.4,6.75,None,0,None,2.59,0.0999,None,None,0.57,1.5292
1998-06-30,83272061,166544122,2,4055594000,800991000,1786605000,533106000,467896000,1801093000,0,1894398000,1039488000,670005000,35565000,17554000,0.21,0.21,0,91995000,34985000,-102851000,25811000,34064000,14009000,25.64,33.25,18.03,None,None,2.81,8.93,None,0,None,2.2216,0.1154,None,None,0.47,1.5025
1998-03-31,83272061,166544122,2,4146887000,846386000,1867137000,618601000,478657000,1801093000,0,1906278000,1043141000,431035000,27052000,9041000,0.22,0.22,0,63875000,-14262000,-40600000,59512000,59512000,14262000,31.3,35,27.59,None,None,2.87,None,None,0,None,2.1793,0.1154,None,None,0.3,1.3682
