"Quarter end","Shares","Shares split adjusted","Split factor","Assets","Current Assets","Liabilities","Current Liabilities","Shareholders equity","Non-controlling interest","Preferred equity","Goodwill & intangibles","Long-term debt","Revenue","Earnings","Earnings available for common stockholders","EPS basic","EPS diluted","Dividend per share","Cash from operating activities","Cash from investing activities","Cash from financing activities","Cash change during period","Cash at end of period","Capital expenditures","Price","Price high","Price low","ROE","ROA","Book value of equity per share","P/B ratio","P/E ratio","Cumulative dividends per share","Dividend payout ratio","Long-term debt to equity ratio","Equity to assets ratio","Net margin","Asset turnover","Free cash flow per share","Current ratio"
2019-05-04,162025878,162025878,1,14466000000,4635000000,9024000000,2792000000,5442000000,0,0,0,1855000000,4087000000,62000000,62000000,0.38,0.38,0.67,136000000,-238000000,-289000000,-391000000,543000000,238000000,69.45,75.91,63,0.1439,0.0584,33.59,2.05,14.32,14.35,0.521,0.3409,0.3762,0.0392,1.49,-0.63,1.6601
2019-02-02,163166004,163166004,1,12469000000,4835000000,6942000000,2730000000,5527000000,0,0,0,1523000000,6823000000,273000000,273000000,1.68,1.66,0.61,684000000,-120000000,-677000000,-113000000,934000000,120000000,70.97,83.28,58.66,0.1468,0.0611,33.87,2.15,11.83,13.68,0.5042,0.2756,0.4433,0.0396,1.54,3.46,1.7711
2018-11-03,165129371,165129371,1,14118000000,6337000000,8665000000,4007000000,5453000000,0,0,0,1528000000,4628000000,161000000,161000000,0.98,0.98,0.61,376000000,-146000000,-249000000,-19000000,1047000000,146000000,76.27,82.42,70.12,0.1834,0.0748,33.02,2.32,13.33,13.07,0.4914,0.2802,0.3862,0.0494,1.51,1.39,1.5815
2018-08-04,166712843,166712843,1,12915000000,5042000000,7428000000,2770000000,5487000000,0,0,0,1537000000,4570000000,292000000,292000000,1.77,1.76,0.61,660000000,-173000000,-243000000,244000000,1066000000,179000000,68.91,79.92,57.89,0.1788,0.0718,32.91,2.15,13.25,12.46,0.4083,0.2801,0.4249,0.0479,1.5,2.89,1.8202
2018-05-05,167096325,167096325,1,12916000000,4983000000,7560000000,2830000000,5356000000,0,0,0,1563000000,4208000000,75000000,75000000,0.46,0.45,0.61,387000000,-133000000,-740000000,-486000000,822000000,133000000,63.77,69.48,58.06,0.1666,0.0653,32.05,1.98,12.41,11.85,0.4375,0.2918,0.4147,0.0446,1.46,1.52,1.7608
2018-02-03,168236899,168236899,1,13340000000,5331000000,7914000000,2651000000,5426000000,0,0,0,1591000000,6776000000,468000000,468000000,2.85,2.81,1.1,822000000,-120000000,-130000000,572000000,1308000000,125000000,53.55,69.14,37.97,0.1678,0.0642,32.25,1.79,14.13,11.24,0.4325,0.2932,0.4067,0.045,1.43,4.14,2.0109
2017-10-28,168004787,168004787,1,13900000000,5700000000,8871000000,3505000000,5029000000,0,0,0,1622000000,4332000000,117000000,117000000,0.7,0.7,0,493000000,-146000000,-163000000,184000000,736000000,148000000,41.97,47.44,36.5,0.1273,0.0479,29.93,1.41,10.71,10.14,0.4234,0.3225,0.3618,0.0348,1.38,2.05,1.6262
2017-07-29,168579864,168579864,1,13038000000,4740000000,8010000000,2615000000,5028000000,0,0,0,1637000000,4144000000,208000000,208000000,1.24,1.24,0.55,330000000,-180000000,-223000000,-73000000,552000000,183000000,38.64,42.13,35.16,0.1326,0.0499,29.83,1.32,11.2,10.14,0.5363,0.3256,0.3856,0.0363,1.37,0.87,1.8126
2017-04-29,170481383,170481383,1,13244000000,4944000000,8250000000,2839000000,4994000000,0,0,0,1657000000,3843000000,66000000,66000000,0.39,0.39,0.55,46000000,-203000000,-292000000,-449000000,625000000,216000000,40.58,44.5,36.66,0.1181,0.0446,29.29,1.35,12.88,9.59,0.5917,0.3318,0.3771,0.0326,1.37,-1,1.7415
2017-01-28,172356294,172356294,1,13574000000,5247000000,8397000000,2974000000,5177000000,0,0,0,1685000000,6205000000,253000000,253000000,1.47,1.46,0.5,868000000,-172000000,-219000000,477000000,1074000000,177000000,49.22,59.43,39,0.1069,0.0409,30.04,1.7,15.1,9.04,0.6404,0.3255,0.3814,0.0298,1.38,4.01,1.7643
2016-10-29,176472956,176472956,1,14076000000,5654000000,8969000000,3526000000,5107000000,0,0,0,1702000000,4327000000,146000000,146000000,0.83,0.83,0.5,434000000,-247000000,-290000000,-103000000,597000000,251000000,41.92,46.15,37.7,0.1135,0.0441,28.94,1.44,13.7,8.54,0.5897,0.3333,0.3628,0.0317,1.39,1.04,1.6035
2016-07-30,179593056,179593056,1,13360000000,4955000000,8145000000,2803000000,5215000000,0,0,0,1709000000,4182000000,140000000,140000000,0.77,0.77,0.5,706000000,-163000000,-266000000,277000000,700000000,163000000,39.78,45.07,34.49,0.1067,0.0415,29.04,1.38,13.48,8.04,0.6115,0.3277,0.3903,0.0302,1.38,3.02,1.7677
2016-04-30,183709242,183709242,1,13304000000,4855000000,8007000000,2647000000,5297000000,0,0,0,1770000000,3972000000,17000000,17000000,0.09,0.09,0.5,140000000,-174000000,-250000000,-284000000,423000000,177000000,45.41,51.13,39.69,0.1026,0.0401,28.83,1.53,13.01,7.54,0.6183,0.3342,0.3982,0.0295,1.36,-0.2,1.8342
2016-01-30,185168909,185168909,1,13606000000,5076000000,8115000000,2714000000,5491000000,0,0,0,1789000000,6387000000,296000000,296000000,1.59,1.57,0.45,1067000000,-133000000,-728000000,206000000,707000000,139000000,46.86,50.86,42.85,0.1188,0.0469,29.65,1.62,12.5,7.04,0.5131,0.3258,0.4036,0.035,1.34,5.01,1.8703
2015-10-31,189820241,189820241,1,14898000000,6203000000,9424000000,3939000000,5474000000,0,0,0,1817000000,4427000000,120000000,120000000,0.63,0.63,0.45,54000000,-174000000,-313000000,-433000000,501000000,174000000,53.82,64.18,43.45,0.1287,0.0512,28.84,1.84,14.09,6.59,0.4578,0.3319,0.3674,0.0389,1.32,-0.63,1.5748
2015-08-01,194497789,194497789,1,14355000000,5626000000,8678000000,3178000000,5677000000,0,0,0,1821000000,4267000000,130000000,130000000,0.66,0.66,0.45,251000000,-199000000,-313000000,-261000000,934000000,201000000,67.9,75.24,60.56,0.1306,0.0525,29.19,2.23,15.83,6.14,0.436,0.3208,0.3955,0.0402,1.31,0.26,1.7703
2015-05-02,197876457,197876457,1,14563000000,5829000000,8546000000,2985000000,6017000000,0,0,0,1840000000,4123000000,127000000,127000000,0.64,0.63,0.45,102000000,-175000000,-139000000,-212000000,1195000000,176000000,69.6,79.6,59.61,0.1472,0.0598,30.41,2.36,16.34,5.69,0.376,0.3058,0.4132,0.0456,1.31,-0.37,1.9528
2015-01-31,202802328,202802328,1,14431000000,5698000000,8440000000,2859000000,5991000000,0,0,0,1858000000,6337000000,368000000,368000000,1.86,1.83,0.39,1094000000,-97000000,-221000000,776000000,1407000000,121000000,58.25,61.54,54.95,0.1478,0.0601,29.54,2.03,14.64,5.24,0.3674,0.3101,0.4151,0.0456,1.32,4.8,1.993
2014-11-01,202009115,202009115,1,15047000000,6078000000,9242000000,3655000000,5805000000,0,0,0,1886000000,4374000000,142000000,142000000,0.7,0.7,0.39,200000000,-128000000,-187000000,-115000000,631000000,187000000,58.12,62.5,53.74,0.1421,0.0578,28.74,2.05,14.21,4.85,0.3751,0.3249,0.3858,0.0443,1.3,0.06,1.6629
2014-08-02,204668449,204668449,1,14101000000,5077000000,8292000000,2684000000,5809000000,0,0,0,1896000000,4242000000,232000000,232000000,1.14,1.13,0.39,551000000,-196000000,-326000000,29000000,746000000,198000000,53.45,55.89,51,0.1473,0.06,28.38,1.89,13.36,4.46,0.3555,0.3264,0.412,0.046,1.3,1.72,1.8916
2014-05-03,207309047,207309047,1,14133000000,5115000000,8276000000,2621000000,5857000000,0,0,0,1919000000,4070000000,125000000,125000000,0.6,0.6,0.39,179000000,-172000000,-261000000,-254000000,717000000,176000000,53.49,57.89,49.09,0.1456,0.0599,28.25,1.87,13.17,4.07,0.3516,0.3276,0.4144,0.0459,1.31,0.01,1.9515
2014-02-01,208557520,208557520,1,14378000000,5292000000,8400000000,2736000000,5978000000,0,0,0,1930000000,6099000000,334000000,334000000,1.56,1.55,0.35,870000000,-172000000,-325000000,373000000,971000000,178000000,54.22,58.47,49.97,0.1483,0.0616,28.66,1.96,13,3.68,0.3391,0.3229,0.4158,0.0467,1.32,3.32,1.9342
2013-11-02,214139923,214139923,1,15245000000,5987000000,9321000000,3641000000,5924000000,0,0,0,1950000000,4444000000,177000000,177000000,0.82,0.81,0.35,252000000,-181000000,-65000000,6000000,598000000,181000000,53.44,57.04,49.84,0.155,0.0651,27.66,1.92,12.52,3.33,0.3214,0.3292,0.3886,0.0484,1.35,0.33,1.6443
2013-08-03,217185846,217185846,1,14097000000,4882000000,8044000000,2683000000,6053000000,0,0,0,1948000000,4289000000,231000000,231000000,1.05,1.04,0.35,457000000,-147000000,-236000000,74000000,592000000,149000000,50.58,54.16,47,0.1601,0.0679,27.87,1.86,11.96,2.98,0.3074,0.3218,0.4294,0.0502,1.35,1.42,1.8196
2013-05-04,221470296,221470296,1,14050000000,4911000000,8029000000,2699000000,6021000000,0,0,0,1938000000,4199000000,147000000,147000000,0.66,0.66,0.35,305000000,-123000000,-201000000,-19000000,518000000,135000000,47.27,49.32,45.21,0.1607,0.0688,27.19,1.74,11.25,2.63,0.3036,0.3219,0.4285,0.0509,1.35,0.77,1.8196
2013-02-02,222010520,222010520,1,13905000000,4719000000,7857000000,2535000000,6048000000,0,0,0,1956000000,6341000000,377000000,377000000,1.67,1.66,0.32,562000000,-92000000,-483000000,-13000000,537000000,144000000,48.46,55.11,41.81,0.1601,0.0691,27.24,1.83,11.17,2.28,0.3006,0.3234,0.435,0.0511,1.35,1.88,1.8615
2012-10-27,230010006,230010006,1,15128000000,5773000000,9022000000,3671000000,6106000000,0,0,0,1986000000,4490000000,215000000,215000000,0.92,0.91,0.32,121000000,-192000000,21000000,-50000000,550000000,212000000,51.75,53.77,49.72,0.1697,0.0744,26.55,1.96,12.23,1.96,0.2687,0.3253,0.4036,0.0562,1.32,-0.4,1.5726
2012-07-28,234507513,234507513,1,13829000000,4463000000,7641000000,2623000000,6188000000,0,0,0,1997000000,4205000000,240000000,240000000,1.01,1,0.32,165000000,-200000000,-394000000,-429000000,600000000,252000000,47.19,51.25,43.13,0.1666,0.0747,26.39,1.8,10.95,1.64,0.2601,0.3227,0.4475,0.0563,1.33,-0.37,1.7015
2012-04-28,239787419,239787419,1,14232000000,4849000000,7932000000,2889000000,6300000000,0,0,0,2008000000,4243000000,154000000,154000000,0.63,0.63,0.32,417000000,-176000000,-417000000,-176000000,1029000000,177000000,48.88,52.19,45.56,0.17,0.0788,26.27,1.83,11.19,1.32,0.2395,0.3187,0.4427,0.0593,1.33,1,1.6784
2012-01-28,243251944,243251944,1,14094000000,4775000000,7586000000,2590000000,6508000000,0,0,0,2009000000,6018000000,456000000,456000000,1.82,1.8,0.25,1043000000,-170000000,-428000000,445000000,1205000000,172000000,51.05,56.65,45.46,0.169,0.0819,26.75,2,12.07,1,0.2243,0.3087,0.4618,0.0621,1.32,3.58,1.8436
2011-10-29,253430813,253430813,1,14682000000,5343000000,8211000000,3200000000,6471000000,0,0,0,2003000000,4376000000,211000000,211000000,0.8,0.8,0.25,218000000,-249000000,-378000000,-409000000,760000000,276000000,48.79,55.44,42.14,0.1664,0.0835,25.53,1.86,12.32,0.75,0.1668,0.3095,0.4407,0.064,1.31,-0.23,1.6697
2011-07-30,269438813,269438813,1,13878000000,4608000000,6800000000,2617000000,7078000000,0,0,0,1987000000,4248000000,299000000,299000000,1.08,1.08,0.25,513000000,-203000000,-809000000,-499000000,1169000000,258000000,53.24,57.39,49.09,0.149,0.0801,26.27,1.98,14.31,0.5,0.119,0.2807,0.51,0.062,1.29,0.95,1.7608
2011-04-30,281089311,281089311,1,14358000000,5201000000,6796000000,2636000000,7562000000,0,0,0,1996000000,4162000000,201000000,201000000,0.7,0.69,0.25,369000000,-180000000,-798000000,-609000000,1668000000,221000000,53.2,55.92,50.48,0.1382,0.0777,26.9,1.97,14.5,0.25,0.0629,0.264,0.5267,0.0604,1.29,0.53,1.9731
2011-01-29,290417880,290417880,1,14779000000,5642000000,6929000000,2781000000,7850000000,0,0,0,2018000000,6038000000,494000000,494000000,1.68,1.66,0,1023000000,-165000000,-1022000000,-164000000,2277000000,165000000,53.5,58,49,0.1357,0.0788,27.03,1.83,15.74,0,0,0.2571,0.5312,0.0607,1.3,2.95,2.0288
2010-10-30,292388137,292388137,1,14734000000,6806000000,6167000000,3469000000,8567000000,0,0,0,1681000000,4218000000,163000000,163000000,0.53,0.53,0,105000000,-193000000,11000000,-77000000,2441000000,215000000,49.14,54.22,44.07,0.1282,0.0766,29.3,1.81,14.04,0,0,0.1962,0.5814,0.0584,1.31,-0.38,1.9619
2010-07-31,307991404,307991404,1,13706000000,5770000000,5329000000,2693000000,8377000000,0,0,0,1766000000,4100000000,260000000,260000000,0.84,0.84,0,341000000,-211000000,0,130000000,2518000000,230000000,51.32,57.35,45.29,0.1367,0.0808,27.2,1.95,15.05,0,0,0.2108,0.6112,0.0607,1.33,0.36,2.1426
2010-05-01,307919332,307919332,1,13466000000,5705000000,5369000000,2738000000,8097000000,0,0,0,1754000000,4035000000,199000000,199000000,0.65,0.64,0,287000000,-188000000,22000000,121000000,2388000000,191000000,53.7,58.99,48.4,0.1382,0.081,26.3,2.1,16.68,0,0,0.2166,0.6013,0.0599,1.35,0.31,2.0836
2010-01-30,306974796,306974796,1,13160000000,5485000000,5307000000,2390000000,7853000000,0,0,0,2052000000,5683000000,432000000,432000000,1.41,1.39,0,876000000,681000000,2000000,1559000000,2267000000,116000000,53.97,58.07,49.87,0.1354,0.0792,25.58,2.24,18.36,0,0,0.2613,0.5967,0.0577,1.37,2.48,2.295
2009-10-31,306601805,306601805,1,13310000000,5575000000,5915000000,3007000000,7395000000,0,0,9000000,2054000000,4051000000,193000000,193000000,0.63,0.63,0,346000000,-368000000,33000000,11000000,232000000,214000000,54.66,60.89,48.43,0.1271,0.0742,24.12,2.34,19.31,0,0,0.2778,0.5556,0.0535,1.39,0.43,1.854
2009-08-01,305582208,305582208,1,12059000000,4281000000,4923000000,2101000000,7136000000,0,0,9000000,2053000000,3806000000,229000000,229000000,0.76,0.75,0,613000000,-630000000,-1000000,-18000000,221000000,150000000,45.52,50.39,40.64,0.127,0.0737,23.35,2.02,15.97,0,0,0.2877,0.5918,0.0523,1.41,1.52,2.0376
2009-05-02,305387321,305387321,1,11538000000,3899000000,4653000000,1854000000,6885000000,0,0,9000000,2056000000,3638000000,137000000,137000000,0.45,0.45,0,399000000,-323000000,-4000000,72000000,239000000,186000000,39.5,46.5,32.5,0.1324,0.0762,22.55,1.79,13.67,0,0,0.2986,0.5967,0.053,1.44,0.7,2.103
2009-01-31,304716297,304716297,1,11334000000,3700000000,4595000000,1815000000,6739000000,0,0,9000000,2053000000,5235602000,335873000,335873000,1.09,1.11,0,872996000,-639205000,-310218000,-76427000,167000000,171347000,32.01,39.74,24.28,0.139,0.0792,22.12,1.53,10.39,0,0,0.3046,0.5946,0.054,1.47,2.3,2.0386
2008-11-01,304718030,304718030,1,11872410000,4217822000,5477863000,2719183000,6394547000,0,0,9338000,2056773000,3803649000,160157000,160157000,0.53,0.52,0,-45655000,-231481000,303155000,26019000,242970000,284505000,40.59,56,25.18,0.1548,0.0875,20.99,1.98,12.8,0,0,0.3216,0.5386,0.0577,1.51,-1.08,1.5511
2008-08-02,304557267,304557267,1,10875514000,3211598000,4642315000,1934732000,6233199000,0,0,9338000,2049661000,3725490000,236015000,236015000,0.77,0.77,0,519669000,-319345000,-222178000,-21854000,216951000,283674000,43.81,50.81,36.81,0.1642,0.0922,20.47,2.2,13.56,0,0,0.3288,0.5731,0.0597,1.54,0.77,1.66
2008-05-03,306723144,306723144,1,10629829000,3295269000,4536298000,1847027000,6093531000,0,0,9338000,2048080000,3624259000,152955000,152955000,0.5,0.49,0,353990000,-251969000,-43759000,58262000,238805000,273474000,44.66,50.93,38.4,0.1725,0.0977,19.87,2.26,13.21,0,0,0.3361,0.5732,0.0622,1.57,0.26,1.7841
2008-02-02,308921329,308921329,1,10560082000,3723889000,4458479000,1771448000,6101603000,0,0,9338000,2051875000,5487322000,411669000,411669000,1.31,1.3,0,860087000,-666556000,-307974000,-114443000,180543000,209529000,45.37,52.85,37.89,0.1833,0.1065,19.75,2.45,12.78,0,0,0.3363,0.5778,0.0658,1.62,2.11,2.1022
2007-11-03,313670691,313670691,1,11109365000,4430610000,5300460000,2727716000,5808905000,0,0,9338000,2045535000,3825162000,194005000,194005000,0.61,0.61,0,-273092000,-288677000,626834000,65065000,294986000,295650000,57.9,63.96,51.84,0.1998,0.1181,18.52,3.16,15.99,0,0,0.3521,0.5229,0.0705,1.68,-1.81,1.6243
2007-08-04,317788104,317788104,1,9763202000,3289213000,3930739000,2385020000,5832463000,0,0,9338000,1040847000,3589210000,269224000,269224000,0.84,0.83,0,543749000,-493721000,-70996000,-20968000,229921000,709412000,66.95,76.59,57.32,0.2076,0.1264,18.35,3.65,19.24,0,0,0.1785,0.5974,0.0732,1.73,-0.52,1.3791
2007-05-05,322625936,322625936,1,9261418000,3398421000,3351004000,1806114000,5910414000,0,0,9338000,1040915000,3572040000,208953000,208953000,0.65,0.64,0,103619000,-118817000,76917000,61719000,250889000,296895000,72.56,79.55,65.56,0.2058,0.1263,18.32,4.16,21.86,0,0,0.1761,0.6382,0.0722,1.75,-0.6,1.8816
2007-02-03,321126309,321126309,1,9041177000,3401040000,3437782000,1918658000,5603395000,0,0,9338000,1040057000,5430756000,484582000,484582000,1.5,1.47,0,708755000,-292054000,-426217000,-9516000,189170000,177736000,70.68,75.52,65.84,0.1968,0.1219,17.45,4.18,24.21,0,0,0.1856,0.6198,0.0713,1.71,1.65,1.7726
2006-10-28,327021240,327021240,1,9494689000,3939355000,3965407000,2452240000,5529282000,0,0,9338000,1040450000,3637272000,224496000,224496000,0.69,0.68,0,121994000,-59072000,-27043000,35879000,198686000,258022000,64.98,74.41,55.56,0.1746,0.1095,16.91,4,24.16,0,0,0.1882,0.5824,0.0677,1.62,-0.42,1.6064
2006-07-29,327396933,327396933,1,8649241000,3257770000,3330736000,1856229000,5318505000,0,0,9338000,1041314000,3291431000,232358000,232358000,0.7,0.69,0,519044000,456060000,-1007499000,-32395000,162807000,425854000,56.37,60,52.74,0.1623,0.1022,16.24,3.16,22.19,0,0,0.1958,0.6149,0.0652,1.57,0.28,1.755
2006-04-29,340443487,340443487,1,9182868000,4120358000,3103485000,1637453000,6079383000,0,0,9338000,1043952000,3184725000,167245000,167245000,0.48,0.48,0,1749585000,-1524270000,-156952000,68363000,195202000,280635000,50.21,56.45,43.97,0.1539,0.0977,17.86,2.91,20.75,0,0,0.1717,0.662,0.0639,1.53,4.31,2.5163
2006-01-28,345475525,345475525,1,9153038000,4266052000,3195700000,1746455000,5957338000,0,0,9338000,1046104000,4651941000,374913000,374913000,1.1,1.07,0,618243000,-298981000,-325136000,-5874000,126839000,164040000,46.87,50.96,42.78,0.1524,0.0959,17.24,2.9,20.74,0,0,0.1756,0.6509,0.0628,1.53,1.31,2.4427
2005-10-29,344752686,344752686,1,9404227000,4573249000,3840961000,2397639000,5563266000,0,0,9338000,1040232000,3119360000,155127000,155127000,0.45,0.45,0,-176526000,-133008000,331928000,22394000,132713000,264202000,50.53,57.44,43.63,0.1486,0.0924,16.14,3.23,22.66,0,0,0.187,0.5916,0.0611,1.51,-1.28,1.9074
2005-07-30,344665544,344665544,1,8464036000,3833402000,3069234000,1641313000,5394802000,0,0,9338000,1036172000,2888078000,187186000,187186000,0.54,0.54,0,549029000,-383996000,-174443000,-9410000,110319000,234321000,52.7,58.9,46.5,0.1528,0.094,15.65,3.5,24.63,0,0,0.1921,0.6374,0.062,1.51,0.91,2.3356
2005-04-30,343781179,343781179,1,8100578000,3651167000,2921413000,1515462000,5179165000,0,0,9338000,1018033000,2742838000,124734000,124734000,0.36,0.36,0,-109055000,-87798000,199865000,3012000,119729000,169910000,49.56,53.86,45.26,0.1535,0.0936,15.07,3.43,23.49,0,0,0.1966,0.6394,0.0615,1.52,-0.81,2.4093
2005-01-29,343398331,343398331,1,7979299000,3643437000,3012571000,1456058000,4966728000,0,0,9338000,1103441000,4078706000,317035000,317035000,0.93,0.91,0,673723000,-318977000,-349749000,4997000,116717000,253743000,49.32,53.24,45.4,0.1582,0.0955,14.46,3.61,25.82,0,0,0.2222,0.6225,0.0624,1.53,1.22,2.5023
2004-10-30,343090820,343090820,1,8344674000,4155674000,3661253000,2160795000,4683421000,0,0,9338000,1104283000,2743882000,143776000,143776000,0.42,0.42,0,-303253000,-69080000,378880000,6547000,111720000,225949000,48.28,52.86,43.7,0.1493,0.0901,13.65,3.67,26.24,0,0,0.2358,0.5612,0.059,1.53,-1.54,1.9232
2004-07-31,341682572,341682572,1,7272590000,3259188000,2784435000,1341873000,4488155000,0,0,9338000,1091421000,2497858000,155775000,155775000,0.46,0.45,0,559751000,-448196000,-106192000,5363000,105173000,275444000,44.47,48.83,40.1,0.1505,0.0907,13.14,3.5,25.85,0,0,0.2432,0.6171,0.0588,1.54,0.83,2.4288
2004-05-01,340991232,340991232,1,7003512000,3206873000,2676761000,1252130000,4326751000,0,0,9338000,1088663000,2380173000,113794000,113794000,0.33,0.33,0,17437000,-141238000,110863000,-12938000,99810000,167873000,46.84,54.1,39.59,0.1462,0.0879,12.69,3.8,27.39,0,0,0.2516,0.6178,0.0563,1.56,-0.44,2.5611
2004-01-31,340232641,340232641,1,6698450000,3024839000,2507111000,1122357000,4191339000,0,0,9338000,1075973000,3561941000,246824000,246824000,0.72,0.71,0,659700000,-343279000,-312205000,4216000,112748000,327026000,48.56,56.3,40.83,0.1517,0.0899,12.32,4.19,26.98,0,0,0.2567,0.6257,0.0575,1.56,0.98,2.6951
2003-11-01,340010941,340010941,1,7140219000,3706540000,3201953000,1822737000,3938266000,0,0,9338000,996412000,2393950000,121170000,121170000,0.36,0.35,0,-161973000,-164733000,327260000,554000,108532000,195551000,57.97,65.44,50.49,0.1673,0.0962,11.58,5.19,31.51,0,0,0.253,0.5516,0.0629,1.53,-1.05,2.0335
2003-08-02,339472719,339472719,1,6199123000,2921350000,2405659000,1066983000,3793464000,0,0,9338000,996392000,2208459000,112145000,112145000,0.33,0.33,0,447861000,-98995000,-335562000,13304000,107978000,211842000,54.15,60.26,48.04,0.1791,0.1022,11.17,5.01,28.96,0,0,0.2627,0.6119,0.0658,1.55,0.7,2.738
2003-05-03,338828505,338828505,1,6264093000,3143527000,2601419000,1282484000,3662674000,0,0,9338000,996373000,2117744000,111013000,111013000,0.33,0.32,0,-191127000,191490000,4226000,4589000,94674000,122804000,53.36,60.55,46.18,0.1922,0.1082,10.81,5.13,28.69,0,0,0.272,0.5847,0.0692,1.56,-0.93,2.4511
2003-02-01,337355777,337355777,1,6315503000,3284094000,2803586000,1507992000,3511917000,0,0,9338000,1058784000,3184479000,278951000,278951000,0.82,0.8,0,766904000,-707640000,-61680000,-2416000,90085000,221158000,61.4,71.7,51.1,0.2016,0.1131,10.41,6.42,35.49,0,0,0.3015,0.5561,0.0705,1.6,1.62,2.1778
2002-11-02,337183942,337183942,1,6093009000,3241765000,2866033000,1415896000,3226976000,0,0,9338000,1236940000,2143390000,133421000,133421000,0.4,0.39,0,-276914000,-80910000,365286000,7462000,92501000,184714000,58.88,73.75,44,0.1987,0.112,9.57,6.44,36.12,0,0,0.3833,0.5296,0.0691,1.62,-1.37,2.2896
2002-08-03,336920548,336920548,1,5273791000,2578112000,2194277000,917484000,3079514000,0,0,9338000,1089695000,1921830000,124388000,124388000,0.37,0.36,0,221916000,-235778000,-1640000,-15502000,85039000,144339000,67.5,78.74,56.25,0.199,0.112,9.14,7.71,44.41,0,0,0.3539,0.5839,0.0683,1.64,0.23,2.81
2002-05-04,336660604,336660604,1,5079165000,2482649000,2134346000,869838000,2944819000,0,0,9338000,1087882000,1870588000,106621000,106621000,0.32,0.31,0,-42322000,29273000,6868000,-6181000,100541000,165757000,70.05,76.1,64,0.1968,0.1099,8.75,8.43,48.99,0,0,0.3694,0.5798,0.067,1.64,-0.62,2.8542
2002-02-02,336103418,336103418,1,4929586000,2464044000,2138180000,879971000,2791406000,0,0,9338000,1095420000,2724225000,233822000,233822000,0.69,0.67,0,705752000,-448158000,-159178000,98416000,106722000,210905000,64.97,71.85,58.1,0.1965,0.1085,8.31,8.56,51.56,0,0,0.3924,0.5663,0.0662,1.64,1.47,2.8001
2001-11-03,334955061,334955061,1,4892587000,2603427000,2349986000,1108348000,2542601000,0,0,10638000,1093507000,1760346000,100230000,100230000,0.3,0.29,0,-166228000,7758000,162213000,3743000,8306000,151966000,51.06,60.12,42,0.1854,0.1024,7.59,7,42.55,0,0,0.4301,0.5197,0.063,1.62,-0.95,2.3489
2001-08-04,334599944,334599944,1,4291383000,2118715000,1853712000,622649000,2437671000,0,0,11938000,1091150000,1515750000,86513000,86513000,0.26,0.25,0,132900000,-152397000,10567000,-8930000,4563000,123030000,61.48,67.95,55,0.186,0.1033,7.29,8.87,53.93,0,0,0.4476,0.568,0.0625,1.65,0.03,3.4027
2001-05-05,334385719,334385719,1,4165925000,2086477000,1848280000,628144000,2317645000,0,0,13238000,1089434000,1488333000,75111000,75111000,0.23,0.22,0,-130607000,-278511000,298990000,-110128000,13493000,176110000,60.47,72.24,48.7,0.1875,0.1039,6.93,9.15,55.99,0,0,0.4701,0.5563,0.0616,1.69,-0.92,3.3217
2001-02-03,333112720,333112720,1,3855154000,1921897000,1652515000,723297000,2202639000,0,0,14538000,803081000,2223041000,178494000,178494000,0.55,0.5,0,542656000,-184148000,-239036000,119472000,123621000,127055000,60.32,72.2,48.44,0.1882,0.1041,6.61,9.95,65.21,0,0,0.3646,0.5713,0.0605,1.72,1.25,2.6571
2000-10-28,331702194,331702194,1,3836947000,2004916000,1828132000,883993000,2008815000,0,0,15838000,825112000,1444929000,76746000,76746000,0.23,0.23,0,-97639000,-119914000,217777000,224000,4149000,114819000,56.91,64.75,49.06,0.17,0.0941,6.06,9.95,66.56,0,0,0.4107,0.5235,0.0568,1.66,-0.64,2.268
2000-07-29,330841800,330841800,1,3332532000,1586477000,1441711000,526025000,1890821000,0,0,17138000,804594000,1255360000,64290000,64290000,0.19,0.19,0,47136000,-93817000,46967000,286000,3925000,88045000,55.25,66.5,44,0.1673,0.0944,5.72,10.08,69.06,0,0,0.4255,0.5674,0.056,1.69,-0.12,3.016
2000-04-29,329669427,329669427,1,3269600000,1593307000,1461749000,835838000,1807851000,0,0,18438000,520654000,1228666000,52618000,52618000,0.16,0.16,0,-120078000,-129238000,240347000,-8969000,3639000,151062000,44.42,54.78,34.06,0.1656,0.0944,5.48,8.68,58.45,0,0,0.288,0.5529,0.0557,1.7,-0.82,1.9062
2000-01-29,164500996,329001992,2,2914662000,1366523000,1229159000,634412000,1685503000,0,0,19738000,494993000,1607501000,120576000,120576000,0.74,0.69,0,63196000,-154980000,88326000,-3458000,12608000,137199000,17.67,19.61,15.73,0.1664,0.099,5.12,3.69,25.61,0,0,0.2937,0.5783,0.0566,1.75,-0.22,2.154
1999-10-30,163025086,326050172,2,2793242000,1367669000,1232392000,643762000,1560850000,0,0,21038000,495416000,1099852000,53014000,53014000,0.33,0.32,0,138918000,-126312000,500000,13106000,16066000,159883000,17.68,19.98,15.38,0.163,0.0981,4.79,3.83,26.99,0,0,0.3174,0.5588,0.0546,1.79,-0.06,2.1245
1999-07-31,162947401,325894802,2,2521792000,1237872000,1017745000,430404000,1504047000,0,0,22338000,498667000,939503000,45233000,45233000,0.28,0.27,0,-33531000,-168504000,202035000,0,2960000,120616000,18.1,20.32,15.88,0.1689,0.1019,4.62,4.05,29.43,0,0,0.3316,0.5964,0.0543,1.88,-0.47,2.8761
1999-05-01,162803837,325607674,2,2195489000,1017037000,740761000,346693000,1454728000,0,0,23638000,308878000,910256000,39319000,39319000,0.25,0.24,0,-58378000,-192161000,250641000,102000,2960000,203344000,17.59,19.5,15.69,0.1746,0.1049,4.47,4.93,30.33,0,0,0.2123,0.6626,0.0532,1.97,-0.8,2.9335
1999-01-30,162712408,325424816,2,1936095000,939438000,773316000,380231000,1162779000,0,0,24938000,310912000,1289548000,94062000,94062000,0.6,0.55,0,138367000,-96855000,-56411000,-14899000,2858000,63802000,14.11,16.94,11.28,0.1823,0.1054,3.57,4.22,26.13,0,0,0.2674,0.6006,0.0522,2.02,0.23,2.4707
1998-10-31,158274022,316548044,2,1930086000,985310000,873148000,418753000,1056938000,0,0,26238000,379076000,888897000,40008000,40008000,0.25,0.25,0,6659000,-74840000,68554000,373000,17757000,73394000,11.63,14.73,8.52,0.1704,0.0979,3.34,3.62,22.37,0,0,0.3587,0.5476,0.0492,1.99,-0.21,2.353
1998-08-01,158189018,316378036,2,1748949000,856800000,733524000,346322000,1015425000,0,0,27538000,312659000,758747000,31348000,31348000,0.2,0.19,0,64699000,-67426000,2560000,-167000,17384000,64544000,12.27,14.4,10.13,0.1707,0.0982,3.21,3.95,24.79,0,0,0.3079,0.5806,0.0489,2.01,0,2.474
1998-05-02,157987427,315974854,2,1679409000,837677000,696343000,313085000,983066000,0,0,28838000,311142000,744571000,26848000,26848000,0.17,0.17,0,20966000,-49788000,2212000,-26610000,17551000,45846000,9.77,10.87,8.67,0.1814,0.0984,3.11,3.24,21.12,0,0,0.3165,0.5854,0.0477,2.06,-0.08,2.6756
1998-01-31,78963875,315855500,4,1619721000,811442000,664939000,286191000,954782000,0,0,30138000,310366000,1077808000,72598000,72598000,0.94,None,0,70260000,-41598000,7133000,35795000,44161000,38519000,8.63,9.42,7.83,0.1934,0.0974,3.02,3.12,21.44,0,0,0.3251,0.5895,0.0462,2.11,0.1,2.8353
1997-11-01,78845697,315382788,4,1607068000,824770000,732507000,356761000,874561000,0,0,31438000,310932000,757773000,32526000,32526000,0.42,None,0,-123369000,-61978000,191508000,6161000,8366000,59621000,8.3,9.35,7.25,0.1943,0.091,2.77,4.69,22.28,0,0,0.3555,0.5442,0.0426,2.13,-0.58,2.3118
1997-08-02,78781768,315127072,4,1306910000,571853000,749613000,284950000,557297000,0,0,32738000,404262000,623937000,20841000,20841000,0.28,None,0,26416000,-41968000,15566000,14000,2205000,41229000,7.05,7.89,6.22,0.2123,None,1.77,3.9,20,0,0,0.7254,0.4264,0.0412,2.18,-0.05,2.0069
1997-05-03,74068166,296272664,4,1267318000,559689000,732428000,282651000,534890000,0,0,34038000,390173000,600547000,15308000,15308000,0.21,None,0,-23532000,-63430000,80247000,-6715000,2191000,63071000,5.63,6.39,4.86,0.2125,None,1.81,3.22,16.2,0,0,0.7294,0.4221,0.0413,2.19,-0.29,1.9801
1997-02-01,74015913,296063652,4,1122414000,465158000,604943000,235819000,517471000,0,0,35338000,312031000,846933000,51972000,51972000,0.7,None,0,146736000,-56508000,-83272000,6956000,8906000,54435000,4.88,5.25,4.51,None,None,1.75,3.11,None,0,0,0.603,0.461,None,None,0.31,1.9725
1996-11-02,73914752,295659008,4,1210316000,597304000,746261000,293079000,464055000,0,0,36638000,395686000,598052000,21917000,21917000,0.3,None,0,-45021000,-83510000,125831000,-2700000,1950000,84146000,4.59,5.13,4.05,None,None,1.57,3.08,None,0,None,0.8527,0.3834,None,None,-0.44,2.038
1996-08-03,73887746,295550984,4,997507000,457551000,556111000,231229000,441396000,0,0,37938000,269532000,474598000,14828000,14828000,0.2,None,0,1324000,-43981000,45475000,2818000,4650000,43650000,4,4.64,3.35,None,None,1.49,2.78,None,0,None,0.6106,0.4425,None,None,-0.14,1.9788
1996-05-04,73797223,295188892,4,916637000,410259000,491386000,212448000,425251000,0,0,39238000,225369000,468638000,13761000,13761000,0.19,None,0,2118000,-40735000,37630000,-987000,1832000,40440000,4,4.44,3.55,None,None,1.44,None,None,0,None,0.53,0.4639,None,None,-0.13,1.9311
