"Quarter end","Shares","Shares split adjusted","Split factor","Assets","Current Assets","Liabilities","Current Liabilities","Shareholders equity","Non-controlling interest","Preferred equity","Goodwill & intangibles","Long-term debt","Revenue","Earnings","Earnings available for common stockholders","EPS basic","EPS diluted","Dividend per share","Cash from operating activities","Cash from investing activities","Cash from financing activities","Cash change during period","Cash at end of period","Capital expenditures","Price","Price high","Price low","ROE","ROA","Book value of equity per share","P/B ratio","P/E ratio","Cumulative dividends per share","Dividend payout ratio","Long-term debt to equity ratio","Equity to assets ratio","Net margin","Asset turnover","Free cash flow per share","Current ratio"
2019-06-30,206514592,206514592,1,10231000000,3849000000,5729000000,2313000000,4394000000,108000000,0,2266000000,2069000000,2551000000,182000000,182000000,0.84,0.83,0.17,427000000,-173000000,-65000000,193000000,710000000,127000000,39.59,44.78,34.39,0.183,0.0773,21.28,1.92,9.56,4.92,0.1818,0.4709,0.4295,0.0763,1.01,1.45,1.6641
2019-03-31,207266453,207266453,1,10104000000,3719000000,5719000000,2299000000,4274000000,111000000,0,2281000000,1923000000,2566000000,160000000,160000000,0.77,0.77,0.17,40000000,-104000000,-153000000,-222000000,517000000,116000000,38.26,42.68,33.84,0.2095,0.0872,20.62,1.88,8.62,4.75,0.1634,0.4499,0.423,0.0839,1.04,-0.37,1.6177
2018-12-31,207700721,207700721,1,10095300000,3804600000,5750500000,2398900000,4225500000,119300000,0,2292900000,1940700000,2572800000,230000000,230000000,1.12,1.09,0.17,570200000,-121500000,-60000000,377600000,739400000,121800000,38.22,43.98,32.46,0.2303,0.094,20.34,1.96,14.42,4.58,0.1525,0.4593,0.4186,0.0884,1.06,2.16,1.586
2018-09-30,208272716,208272716,1,9716400000,3490600000,5546200000,2099600000,4066400000,103800000,0,2306600000,2085600000,2478500000,203800000,203800000,0.98,0.98,0.17,251100000,-126400000,-107700000,-100000,361800000,125200000,44.46,46.97,41.95,0.1417,0.0564,19.52,2.34,17.44,4.41,0.2569,0.5129,0.4185,0.0526,1.07,0.6,1.6625
2018-06-30,208867302,208867302,1,9777200000,3543700000,5723200000,2236300000,3960300000,93700000,0,2320000000,2102500000,2694000000,271800000,271800000,1.3,1.3,0.17,270500000,-105700000,-212200000,-47800000,361900000,103300000,48.7,54.35,43.06,0.139,0.0544,18.96,2.62,21.64,4.24,0.2549,0.5309,0.4051,0.0511,1.06,0.8,1.5846
2018-03-31,210101808,210101808,1,10034800000,3697800000,6019000000,2436600000,3910700000,105100000,0,2375800000,2131500000,2784300000,225100000,225100000,1.07,1.07,0.17,34700000,-160900000,-3500000,-135600000,409700000,160300000,52.72,58.22,47.23,0.1263,0.0489,18.61,2.99,25.47,4.07,0.2744,0.545,0.3897,0.0468,1.05,-0.6,1.5176
2017-12-31,210550106,210550106,1,9787600000,3543200000,5961700000,2425200000,3716800000,109100000,0,2374500000,2103700000,2586400000,-146200000,-146200000,-0.7,-0.7,0.17,556400000,-181600000,-256300000,131000000,545300000,167400000,53.3,55.68,50.92,0.1209,0.0463,17.65,2.94,38.35,3.9,0.2832,0.566,0.3797,0.0449,1.03,1.85,1.461
2017-09-30,210838499,210838499,1,9816200000,3401100000,5899900000,2381200000,3825700000,90600000,0,2391500000,2091900000,2416200000,184900000,184900000,0.88,0.88,0.14,224700000,-315500000,108100000,27200000,414300000,134900000,47.11,51.23,43,0.0833,0.0316,18.15,2.75,52.34,3.73,0.4049,0.5468,0.3897,0.0309,1.02,0.43,1.4283
2017-06-30,211062474,211062474,1,9288500000,3193200000,5596600000,2106100000,3612000000,79900000,0,2188500000,2077900000,2389700000,212000000,212000000,1.01,1,0.14,338900000,-122500000,-198500000,28700000,387100000,122000000,41.17,44.36,37.99,0.0548,0.0211,17.11,2.57,62.38,3.59,0.6105,0.5753,0.3889,0.0206,1.02,1.03,1.5162
2017-03-31,212219590,212219590,1,9083700000,3107300000,5604000000,2151200000,3403400000,76300000,0,2163800000,2040300000,2407000000,189200000,189200000,0.89,0.89,0.14,60300000,-132700000,-15800000,-85300000,358400000,131200000,41.73,43.95,39.5,0.041,0.016,16.04,2.76,80.25,3.45,0.801,0.5995,0.3747,0.0156,1.03,-0.33,1.4444
2016-12-31,212690967,212690967,1,8834700000,2911600000,5532800000,2091800000,3218300000,83600000,0,2165700000,2043600000,2259000000,-293300000,-293300000,-1.38,-1.38,0.14,442600000,-61800000,-423700000,-75000000,443700000,145800000,37.75,41.86,33.64,0.0331,0.0133,15.13,2.17,15.35,3.31,0.9587,0.635,0.3643,0.0131,1.01,1.4,1.3919
2016-09-30,212985658,212985658,1,9007300000,3289200000,5216600000,2445100000,3709900000,80800000,0,2224900000,2089900000,2214200000,83300000,83300000,0.39,0.39,0.13,230900000,-113500000,-99200000,23700000,518700000,120100000,32.32,36.12,28.52,0.1468,0.06,17.42,1.88,11.67,3.17,0.209,0.5633,0.4119,0.0601,1,0.52,1.3452
2016-06-30,214265791,214265791,1,8988600000,3206900000,5232500000,2399800000,3681700000,74400000,0,2292300000,2119500000,2329200000,164400000,164400000,0.76,0.76,0.13,327800000,-125700000,-86100000,102700000,495000000,130400000,33.81,39.93,27.69,0.1669,0.071,17.18,1.99,12.71,3.04,0.186,0.5757,0.4096,0.071,1,0.92,1.3363
2016-03-31,217619230,217619230,1,8940700000,3182400000,5179600000,2310400000,3693200000,67900000,0,2313200000,2131900000,2268600000,164100000,164100000,0.75,0.75,0.13,34400000,-103200000,-124800000,-185400000,392300000,104300000,35.24,42.25,28.23,0.1624,0.0716,16.97,2.17,13.05,2.91,0.1938,0.5773,0.4131,0.0716,1,-0.32,1.3774
2015-12-31,218638591,218638591,1,8841500000,3135300000,5210000000,2357300000,3553700000,77800000,0,2301500000,2124600000,2123100000,125300000,125300000,0.57,0.56,0.13,397700000,-1331100000,497100000,-455600000,577700000,158500000,42.67,45.53,39.82,0.1686,0.0766,16.25,2.57,15.52,2.78,0.1909,0.5979,0.4019,0.076,1.01,1.09,1.33
2015-09-30,224145181,224145181,1,7687100000,3301000000,3899200000,1539800000,3717000000,70900000,0,1183700000,1734500000,1884000000,157400000,157400000,0.7,0.7,0.13,150900000,-132900000,-82600000,-74600000,1033300000,133800000,48.27,57.65,38.89,0.1719,0.0827,16.58,2.96,17.36,2.65,0.1881,0.4666,0.4835,0.0791,1.05,0.08,2.1438
2015-06-30,226314731,226314731,1,7766300000,3401400000,4014800000,1635600000,3686700000,64800000,0,1184900000,1731700000,2031900000,148100000,148100000,0.66,0.65,0.13,286600000,-143300000,-94700000,72400000,1107900000,145000000,59.46,62.08,56.84,0.1743,0.085,16.29,3.84,20.09,2.52,0.186,0.4697,0.4747,0.0788,1.08,0.63,2.0796
2015-03-31,226265323,226265323,1,7522600000,3325400000,3960100000,1601500000,3504000000,58500000,0,1168600000,1730600000,1984200000,178900000,178900000,0.79,0.79,0.13,32700000,-151800000,416800000,237700000,1035500000,140000000,56.73,63.01,50.46,0.1841,0.0916,15.49,3.55,19.84,2.39,0.1731,0.4939,0.4658,0.0823,1.11,-0.47,2.0764
2014-12-31,226436079,226436079,1,7228000000,2970800000,3537100000,2168200000,3616200000,74700000,0,1356800000,716300000,1991900000,139900000,139900000,0.62,0.61,0.13,255600000,-164000000,-52200000,15000000,797800000,165100000,54.5,58.75,50.24,0.1765,0.0895,15.97,3.32,19.06,2.26,0.1771,0.1981,0.5003,0.079,1.13,0.4,1.3702
2014-09-30,227373617,227373617,1,7282300000,2951800000,3482100000,2122800000,3730600000,69600000,0,1210800000,705800000,2032100000,166600000,166600000,0.73,0.73,0.13,220000000,-139400000,-20400000,11400000,782800000,140600000,59.99,67.38,52.61,0.1776,0.0906,16.41,3.58,21.01,2.13,0.177,0.1892,0.5123,0.0802,1.13,0.35,1.3905
2014-06-30,228413395,228413395,1,7457000000,3037300000,3563300000,2170700000,3828800000,64900000,0,1243900000,704200000,2197000000,190200000,190200000,0.84,0.83,0.125,279800000,-130600000,-185100000,-36700000,771400000,131100000,62.61,66.16,59.06,0.1821,0.0917,16.76,3.89,22.56,2,0.1752,0.1839,0.5135,0.0825,1.11,0.65,1.3992
2014-03-31,228622421,228622421,1,7357800000,3021300000,3620500000,1910900000,3683500000,53800000,0,1244800000,1027600000,2084100000,159100000,159100000,0.7,0.69,0.125,46400000,-231100000,56000000,-131400000,808100000,126200000,56.87,62.42,51.32,0.1858,0.0918,16.11,3.64,21.1,1.87,0.1351,0.279,0.5006,0.0836,1.1,-0.35,1.5811
2013-12-31,227944747,227944747,1,6917000000,2798500000,3284600000,1623900000,3560600000,71800000,0,1366500000,1021000000,1885400000,141400000,141400000,0.62,0.61,0.13,204000000,-109700000,-76200000,19100000,939500000,119900000,52.29,56.45,48.13,0.1888,0.0921,15.62,3.53,20.15,1.75,0.093,0.2867,0.5148,0.0839,1.1,0.37,1.7233
2013-09-30,113778270,227556540,2,6964300000,2906200000,3529600000,1674700000,3367300000,67400000,0,1190300000,1018600000,1806200000,166800000,166800000,1.47,1.45,0.25,214800000,-96000000,-57000000,103400000,920400000,103100000,46.85,51.63,42.07,0.1895,0.0908,14.8,3.36,20.41,1.62,0.0471,0.3025,0.4835,0.0831,1.09,0.49,1.7354
2013-06-30,114476769,228953538,2,6705400000,2736900000,3449400000,1716600000,3195100000,60900000,0,1172200000,913300000,1893900000,174100000,174100000,1.52,1.5,0,283700000,-105500000,-61900000,121600000,817000000,107400000,39.52,43.83,35.22,0.1733,0.0829,13.96,2.94,19.33,1.49,0,0.2858,0.4765,0.0752,1.1,0.77,1.5944
2013-03-31,115557680,231115360,2,6528900000,2601500000,3367300000,1583200000,3106100000,55500000,0,1170000000,971400000,1851100000,142000000,142000000,1.23,1.22,0,16300000,-73600000,59700000,-20300000,695400000,87400000,37.78,40.05,35.51,0.1602,0.0761,13.44,2.83,18.21,1.49,0,0.3127,0.4757,0.0681,1.12,-0.31,1.6432
2012-12-31,115639856,231279712,2,6400800000,2472800000,3254700000,1603100000,3082600000,63500000,0,1387700000,823800000,1719100000,121200000,121200000,1.05,1.02,0,336100000,-122900000,-137500000,94200000,715700000,124400000,33.85,37.44,30.27,0.1718,0.0794,13.33,2.6,16.43,1.49,0,0.2672,0.4816,0.0697,1.14,0.92,1.5425
2012-09-30,117037142,234074284,2,6346500000,2493600000,3241000000,1568400000,3044800000,60700000,0,1172300000,866300000,1695200000,101100000,101100000,0.88,0.85,0,232500000,-38000000,-61400000,139600000,621500000,94600000,34.59,39.09,30.09,0.183,0.0809,13.01,2.75,15.65,1.49,0,0.2845,0.4798,0.0693,1.17,0.59,1.5899
2012-06-30,114441115,228882230,2,6220700000,2420500000,3286200000,1513300000,2873700000,60800000,0,1161800000,956200000,1856400000,120600000,120600000,1.08,1,0,279300000,-91900000,-87000000,85000000,481900000,93400000,37.41,43.5,31.31,0.2101,0.0883,12.56,3.22,15.82,1.49,0,0.3327,0.462,0.0739,1.19,0.81,1.5995
2012-03-31,114613535,229227070,2,6281300000,2410000000,3560500000,1881200000,2658000000,62800000,0,1200500000,848700000,1912500000,158000000,158000000,1.46,1.28,0,30800000,-92400000,97300000,37300000,396900000,95000000,37.94,43.73,32.14,0.2362,0.095,11.6,3.47,17.05,1.49,0,0.3193,0.4232,0.08,1.19,-0.28,1.2811
2011-12-31,109144544,218289088,2,5958600000,2137800000,3505600000,1905400000,2387900000,65100000,0,1429500000,751300000,1773700000,122000000,122000000,1.12,0.99,0,235100000,-95700000,-151200000,-17400000,359600000,119600000,33.08,38.85,27.3,0.2309,0.0906,10.94,3.02,15.21,1.49,0,0.3146,0.4007,0.0773,1.17,0.53,1.122
2011-09-30,109720448,219440896,2,6094300000,2267700000,3628600000,1924100000,2405500000,60200000,0,1203500000,867200000,1791800000,141600000,141600000,1.3,1.15,0,223500000,-112800000,-85000000,4600000,377000000,114200000,34.84,40.99,28.7,0.2297,0.0904,10.96,3.14,17.12,1.49,0,0.3605,0.3947,0.0785,1.15,0.5,1.1786
2011-06-30,109609781,219219562,2,6226000000,2305700000,3727500000,1936600000,2430900000,67600000,0,1240700000,919500000,1818800000,162000000,162000000,1.49,1.31,0,291000000,-88200000,-62100000,149500000,372400000,89700000,37.02,41.14,32.89,0.2183,0.0864,11.09,3.52,21.52,1.49,0,0.3783,0.3904,0.0778,1.11,0.92,1.1906
2011-03-31,109505315,219010630,2,6007000000,2153700000,3653200000,1532500000,2306400000,47400000,0,1231700000,1259500000,1730400000,124500000,124500000,1.13,1,0,-41400000,-267800000,78600000,-227000000,222900000,70200000,36.32,40.53,32.11,0.1927,0.077,10.53,3.59,23.66,1.49,0,0.5461,0.384,0.0698,1.1,-0.51,1.4054
2010-12-31,111738557,223477114,2,5555000000,2059900000,3245200000,1392300000,2258600000,51200000,0,1282300000,1051900000,1533400000,111700000,111700000,1,0.89,0,226200000,-87400000,-119700000,17700000,449900000,88800000,31.13,36.72,25.53,0.1728,0.0717,10.11,3.14,23.67,1.49,0,0.4657,0.4066,0.0668,1.07,0.61,1.4795
2010-09-30,113756203,227512406,2,5577700000,2103700000,3272700000,1421600000,2255900000,49100000,0,1120000000,1045100000,1410900000,106700000,106700000,0.95,0.87,0,104400000,-78900000,188800000,244700000,432200000,80400000,22.27,26.71,17.84,0.1467,0.0625,9.92,2.52,23.32,1.49,0,0.4633,0.4044,0.0597,1.05,0.11,1.4798
2010-06-30,114016951,228033902,2,4969200000,1702300000,2911100000,1382300000,2016100000,42000000,0,1080700000,780600000,1421700000,82800000,82800000,0.72,0.68,0,144200000,-214900000,-103800000,-186600000,187500000,52100000,19.62,22.27,16.96,0.1069,0.0467,8.84,2.1,42.65,1.49,0,0.3872,0.4057,0.0462,1.01,0.4,1.2315
2010-03-31,117722437,235444874,2,4966200000,1759000000,2723400000,1185100000,2204200000,38600000,0,1041200000,774000000,1286800000,76200000,76200000,0.65,0.63,0,64100000,-48300000,21500000,16700000,374100000,55300000,18.16,19.61,16.71,0.051,0.0228,9.36,1.94,157.91,1.49,0,0.3511,0.4438,0.0247,0.92,0.04,1.4843
2009-12-31,116915339,233830678,2,4811400000,1551800000,2588700000,1046200000,2185300000,37400000,0,1061400000,773200000,1198300000,52000000,52000000,0.45,0.45,0,124700000,-25100000,-2900000,98600000,357400000,44800000,15.59,17.36,13.81,0.0129,0.0058,9.35,1.7,None,1.49,0.5179,0.3538,0.4542,0.0068,0.85,0.34,1.4833
2009-09-30,116735103,233470206,2,4791200000,1504900000,2620500000,1054600000,2137200000,33500000,0,1068600000,770900000,1027800000,17200000,17200000,0.15,0.15,0,52500000,-32800000,-24100000,1900000,258800000,38900000,16.13,18.04,14.21,-0.052,-0.0231,9.15,1.83,None,1.49,None,0.3607,0.4461,None,0.8,0.06,1.427
2009-06-30,116653717,233307434,2,4611000000,1394800000,2528200000,985100000,2057600000,25200000,0,1057300000,766200000,916200000,-35900000,-35900000,-0.31,-0.31,0,105800000,-51300000,106200000,166100000,256900000,49700000,14.04,18.39,9.7,-0.1227,-0.0549,8.82,1.65,None,1.49,None,0.3724,0.4462,None,0.86,0.24,1.4159
2009-03-31,116527045,233054090,2,4353700000,1188400000,2340900000,1111000000,1986900000,25900000,0,1038100000,466500000,819500000,-6300000,-6300000,-0.06,-0.06,0.12,68000000,-45600000,-34400000,-12600000,90800000,38600000,10.06,12.82,7.31,-0.0595,-0.027,8.53,1.16,None,1.49,None,0.2348,0.4564,None,0.95,0.13,1.0697
2008-12-31,115532736,231065472,2,4644000000,1308200000,2606500000,1250000000,2006000000,31500000,0,1052400000,459600000,931500000,-81400000,-81400000,-0.71,-0.71,0.11,135700000,-185000000,15100000,-32400000,103400000,104100000,11.92,16.34,7.5,-0.0154,-0.007,8.68,1.24,24.58,1.43,None,0.2291,0.432,None,1.04,0.14,1.0466
2008-09-30,115795865,231591730,2,4886000000,1625000000,2628500000,1367600000,2227000000,30500000,0,1067700000,431300000,1316900000,-130400000,-130400000,-1.12,-1.12,0.11,-2000000,-154500000,62800000,-90100000,135800000,103400000,19.09,22.77,15.41,0.0488,0.0227,9.62,1.74,13.66,1.38,0.4168,0.1937,0.4558,0.0205,1.11,-0.46,1.1882
2008-06-30,116230266,232460532,2,5441400000,1812100000,2852400000,1348400000,2554900000,34100000,0,1270700000,431100000,1516600000,87500000,87500000,0.75,0.74,0.11,192600000,-74200000,-114900000,22500000,225900000,86800000,24.57,28,21.15,0.1385,0.0644,10.99,2.3,18.2,1.32,0.1388,0.1687,0.4695,0.058,1.11,0.46,1.3439
2008-03-31,116104528,232209056,2,5287200000,1767100000,2685800000,1336400000,2479400000,122000000,0,1199800000,446700000,1498900000,88700000,88700000,0.76,0.75,0.11,74500000,-71400000,42100000,14900000,203400000,75400000,22.89,25.7,20.08,0.1414,0.0642,10.68,2.3,18.69,1.27,0.1347,0.1802,0.4689,0.0574,1.12,-0,1.3223
2007-12-31,116396879,232793758,2,4958500000,1580300000,2519500000,1083900000,2321100000,117900000,0,1168200000,572600000,1372900000,71200000,71200000,0.62,0.6,0.09,237400000,-204100000,10400000,51100000,188500000,99300000,24.77,26.5,23.05,0.1359,0.0598,9.97,2.62,22.52,1.21,0.1388,0.2467,0.4681,0.0541,1.1,0.59,1.458
2007-09-30,57984237,231936948,4,4854200000,1635600000,2490200000,1034200000,2194800000,169200000,0,1113100000,564400000,1313600000,83200000,83200000,1.43,1.41,0.17,142700000,-45800000,-70500000,18900000,137400000,72100000,21.45,24.04,18.86,0.1283,0.0546,9.46,2.45,23.38,1.17,0.1505,0.2572,0.4521,0.0501,1.09,0.3,1.5815
2007-06-30,57934275,231737100,4,4775600000,1582100000,2589300000,1048300000,2024900000,161400000,0,1095400000,557600000,1364300000,75700000,75700000,1.3,1.29,0.17,140800000,-63800000,-64400000,400000,118500000,64200000,20.02,21.71,18.32,0.1108,0.0465,8.74,2.38,22.31,1.13,0.1783,0.2754,0.424,0.0437,1.06,0.33,1.5092
2007-03-31,58027699,232110796,4,4705300000,1534500000,2601000000,1052400000,1951900000,152400000,0,1090500000,581600000,1277800000,58400000,58400000,1.01,1,0.17,82600000,-54300000,-34800000,-5200000,118100000,58300000,17.09,19.66,14.51,0.1106,0.0465,8.41,2.11,18.73,1.08,0.1798,0.298,0.4148,0.0443,1.05,0.1,1.4581
2006-12-31,57972874,231891496,4,4584000000,1437500000,2546500000,1034800000,1875400000,162100000,0,1086500000,569400000,1201700000,40900000,40900000,0.72,0.7,0.16,171400000,-63100000,-43300000,56300000,123300000,76400000,14.68,15.39,13.96,0.1155,0.0485,8.09,1.8,14.46,1.04,0.174,0.3036,0.4091,0.0461,1.05,0.41,1.3892
2006-09-30,57551060,230204240,4,4377100000,1344800000,2355800000,1075900000,1877300000,144000000,0,1102500000,512500000,1059800000,39200000,39200000,0.68,0.68,0.16,37500000,-117700000,66600000,-200000,67000000,78700000,14.48,16.34,12.62,0.1326,0.0555,8.15,1.8,13.02,1,0.151,0.273,0.4289,0.0531,1.04,-0.18,1.2499
2006-06-30,57379364,229517456,4,4297300000,1291100000,2313600000,1082600000,1844200000,139500000,0,1052900000,451500000,1168700000,70200000,70200000,1.22,1.21,0.16,185100000,-67000000,-101900000,10400000,67200000,60100000,15.75,16.87,14.62,0.1505,0.0615,8.04,2.08,16.28,0.96,0.1333,0.2448,0.4292,0.0582,1.06,0.54,1.1926
2006-03-31,57240894,228963576,4,4206200000,1252800000,2339300000,1077100000,1734000000,132900000,0,1036800000,510900000,1155200000,61300000,61300000,1.07,1.06,0.16,48100000,-93300000,18700000,-32900000,56800000,53100000,14.38,15.45,13.3,0.136,0.0538,7.57,2,13.79,0.92,0.1481,0.2946,0.4122,0.0512,1.05,-0.02,1.1631
2005-12-31,57195503,228782012,4,4089400000,1168700000,2309100000,1122100000,1644200000,136100000,0,1029800000,440600000,1048000000,64700000,64700000,1.13,1.11,0.14,143900000,-143200000,-108400000,-49800000,89700000,96500000,14.4,15.43,13.37,0.1495,0.0578,7.19,2.02,13.55,0.88,0.1328,0.268,0.4021,0.0558,1.04,0.21,1.0415
2005-09-30,57009178,228036712,4,4159800000,1238300000,2404900000,953600000,1625500000,129400000,0,1016600000,626600000,1050900000,61400000,61400000,1.08,1.07,0.14,69500000,-64300000,-13200000,-7100000,139500000,51000000,14.31,15.27,13.35,0.154,0.0605,7.13,2.07,14.42,0.85,0.1284,0.3855,0.3908,0.0587,1.03,0.08,1.2986
2005-06-30,56538676,226154704,4,4136900000,1221800000,2442000000,977200000,1564400000,130500000,0,1018000000,643600000,1111400000,35900000,35900000,0.64,0.63,0.14,140700000,-57500000,-90800000,-16600000,146600000,49900000,12.62,14.02,11.21,0.1476,0.0596,6.92,1.81,11.71,0.81,0.1336,0.4114,0.3782,0.0576,1.04,0.4,1.2503
2005-03-31,56489020,225956080,4,4206400000,1227500000,2506200000,968700000,1577200000,123000000,0,1037300000,684700000,1083500000,77600000,77600000,1.38,1.36,0.14,42400000,-435100000,334700000,-66500000,163200000,49300000,12.83,13.63,12.03,0.1648,0.0689,6.98,1.89,13.3,0.78,0.1195,0.4341,0.375,0.0661,1.04,-0.03,1.2672
2004-12-31,56474025,225896100,4,3529100000,1074300000,1972700000,663800000,1534200000,22200000,0,860800000,568000000,889200000,67700000,67700000,1.21,1.19,0.13,105900000,-83900000,2700000,40700000,229700000,78200000,11.78,13.67,9.88,0.1531,0.0662,6.79,1.83,13.2,0.74,0.1297,0.3702,0.4347,0.0619,1.07,0.12,1.6184
2004-09-30,56170603,224682412,4,3286700000,1019400000,1818500000,562900000,1448800000,19400000,0,851900000,583000000,839800000,44800000,44800000,0.8,0.79,0.125,99200000,-52500000,-2600000,45000000,189000000,42500000,11.18,12.19,10.18,0.1478,0.0632,6.45,1.81,13.04,0.71,0.1295,0.4024,0.4408,0.0584,1.08,0.25,1.811
2004-06-30,55813678,223254712,4,3194800000,962900000,1813200000,575800000,1381600000,0,0,850600000,573900000,893200000,54700000,54700000,0.98,0.97,0.125,154800000,-58800000,-30000000,65300000,144000000,43700000,10.43,11.27,9.59,0.1486,0.0621,6.19,1.74,12.7,0.68,0.1246,0.4154,0.4325,0.0577,1.08,0.5,1.6723
2004-03-31,27853652,222829216,8,3169800000,928600000,1815300000,595100000,1339400000,15100000,0,851700000,603100000,903100000,51100000,51100000,1.84,1.82,0.25,66700000,-62000000,-39500000,-34400000,78700000,40500000,11.14,12.33,9.96,0.1485,0.0606,6.01,1.97,13.93,0.65,0.1198,0.4503,0.4226,0.0569,1.07,0.12,1.5604
2003-12-31,27840028,222720224,8,3038900000,824600000,1761300000,470300000,1260400000,17200000,0,852000000,634000000,798800000,50000000,50000000,1.82,1.8,0.18,86500000,-75300000,-5000000,6300000,113100000,67900000,9.61,10.69,8.53,0.1526,0.0604,5.66,1.79,12.56,0.61,0.1122,0.503,0.4148,0.057,1.06,0.08,1.7533
2003-09-30,27426555,219412440,8,2939500000,753200000,1745100000,486900000,1179400000,15000000,0,844000000,635000000,725200000,35900000,35900000,1.32,1.3,0.18,65100000,-55900000,22700000,33400000,106800000,39300000,8.55,9.17,7.93,0.154,0.059,5.38,1.65,11.4,0.59,0.1123,0.5384,0.4012,0.0558,1.06,0.12,1.5469
2003-06-30,27017149,216137192,8,2856300000,696800000,1724700000,480900000,1118700000,12900000,0,842900000,627600000,769500000,44800000,44800000,1.66,1.65,0.18,126100000,-62700000,-17100000,47500000,73400000,39500000,7.1,8.28,5.92,0.1574,0.059,5.18,1.48,9.39,0.57,0.1095,0.561,0.3917,0.0552,1.07,0.4,1.4489
2003-03-31,26720400,213763200,8,2748300000,628700000,1712700000,471400000,1025400000,10200000,0,828500000,633600000,775700000,44200000,44200000,1.66,1.65,0.18,29200000,-34300000,-4500000,-10700000,25900000,25300000,6.17,6.92,5.41,0.1656,0.0607,4.8,1.34,None,0.55,0.1036,0.6179,0.3731,0.0566,1.07,0.02,1.3337
2002-12-31,26707063,213656504,8,2682900000,566500000,1687000000,451200000,981400000,14500000,0,827000000,632300000,700800000,40800000,40800000,1.54,1.52,0.15,94300000,-63400000,-41000000,-9700000,36600000,57000000,5.75,6.71,4.8,-0.1269,-0.0455,4.59,1.26,None,0.52,None,0.6443,0.3658,None,1.04,0.17,1.2555
2002-09-30,26888043,215104344,8,2672500000,587400000,1675100000,511200000,984900000,12500000,0,822900000,648300000,684000000,31900000,31900000,1.19,1.18,0.15,45800000,-24500000,-6300000,16100000,46300000,26100000,6.92,7.84,5.99,-0.1627,-0.0597,4.58,1.58,None,0.51,None,0.6582,0.3685,None,0.99,0.09,1.1491
2002-06-30,26680164,213441312,8,2615800000,544100000,1668800000,501500000,936200000,10800000,0,822400000,651100000,712400000,45700000,45700000,1.72,1.7,0.15,96800000,-43500000,-44800000,8500000,30200000,29200000,7.77,8.62,6.93,-0.17,-0.0642,4.39,1.94,None,0.49,None,0.6955,0.3579,None,0.93,0.32,1.0849
2002-03-31,26539868,212318944,8,2504700000,475900000,1645600000,501500000,850600000,8500000,0,813900000,643200000,633900000,-237500000,-237500000,-8.97,-8.9,0.15,24500000,1400000,-38000000,-11200000,21700000,26100000,7.25,8.26,6.24,-0.1829,-0.0714,4.01,1.39,23.11,0.47,None,0.7562,0.3396,None,0.88,-0.01,0.949
2001-12-31,26453131,211625048,8,2770900000,441300000,1655300000,455000000,1104200000,11400000,0,1160600000,701400000,582900000,2200000,2200000,0.08,0.08,0.15,36300000,-45400000,2700000,-5700000,32900000,47700000,5.76,6.53,4.99,0.0596,0.0241,5.22,1.07,17,0.45,0.2382,0.6352,0.3985,0.0282,0.85,-0.05,0.9699
2001-09-30,26359569,210876552,8,2770300000,436000000,1623500000,525400000,1136800000,10000000,0,1172800000,695600000,559900000,18400000,18400000,0.7,0.7,0.15,60900000,-41100000,-5800000,15000000,38600000,42600000,5.68,6.81,4.56,0.0647,0.026,5.39,1.08,20.56,0.43,0.2199,0.6119,0.4104,0.0304,0.86,0.09,0.8298
2001-06-30,26313919,210511352,8,2720900000,411800000,1599800000,492100000,1112100000,9000000,0,1179200000,707100000,602000000,24700000,24700000,0.94,0.93,0.15,96700000,-23600000,-62700000,8100000,23600000,33400000,5.58,6.2,4.95,0.0535,0.0212,5.28,1.06,16,0.41,0.2685,0.6358,0.4087,0.0242,0.87,0.3,0.8368
2001-03-31,26307219,210457752,8,2768200000,434500000,1663600000,515700000,1104600000,0,0,1191400000,739200000,606800000,21100000,21100000,0.8,0.8,0.15,1900000,-13200000,5300000,-5900000,15500000,17200000,5.29,5.72,4.86,0.0678,0.0263,5.25,1.02,12.02,0.39,0.2124,0.6692,0.399,0.0294,0.9,-0.07,0.8425
2000-12-31,26259219,210073752,8,2765900000,410600000,1678800000,529900000,1087100000,0,0,1203100000,740400000,596300000,7600000,7600000,0.28,0.28,0.15,144500000,-34400000,-102600000,-6700000,21400000,55600000,4.56,5,4.13,0.0866,0.033,5.17,0.88,7.88,0.37,0.1678,0.6811,0.393,0.0355,0.93,0.42,0.7749
2000-09-30,26198333,209586664,8,2844000000,480700000,1761900000,530700000,1082100000,0,0,1222500000,825800000,618500000,5300000,5300000,0.2,0.2,0.15,43200000,-30100000,-8100000,6800000,28100000,32900000,4.29,4.63,3.94,0.1139,0.0423,5.16,0.82,6.3,0.36,0.1288,0.7631,0.3805,0.0451,0.94,0.05,0.9058
2000-06-30,26177033,209416264,8,2891800000,491900000,1796200000,570100000,1095600000,0,0,1256900000,821100000,700900000,40100000,40100000,1.52,1.51,0.15,91300000,-51100000,-20900000,7900000,21300000,50300000,4.96,5.52,4.39,0.1364,0.0504,5.23,0.97,7.5,0.34,0.1101,0.7495,0.3789,0.0538,0.94,0.2,0.8628
2000-03-31,26490733,211925864,8,2904000000,506300000,1824900000,654200000,1079100000,0,0,1272500000,767300000,730200000,41000000,41000000,1.54,1.53,0.15,23300000,53600000,-85200000,-8300000,13400000,28300000,4.34,4.93,3.76,0.1364,0.0497,5.09,0.88,6.83,0.32,0.1136,0.7111,0.3716,0.0535,0.93,-0.02,0.7739
1999-12-31,26685733,213485864,8,2970700000,558300000,1913200000,659800000,1057500000,0,0,1284700000,846300000,676800000,36500000,36500000,1.39,1.39,0.15,112100000,-200100000,84500000,-3500000,21700000,50600000,None,None,None,0.1318,0.0472,4.95,None,None,0.3,0.1215,0.8003,0.356,0.0538,0.88,0.29,0.8462
1999-09-30,27040492,216323936,8,2746000000,668400000,1725300000,563500000,1020700000,0,0,1037500000,777400000,589700000,27400000,27400000,1.03,1.02,0.15,49400000,-29300000,-32200000,-12000000,25200000,34900000,6.18,7.24,5.11,0.1367,0.0506,4.72,1.34,10.41,0.28,0.125,0.7616,0.3717,0.0562,0.9,0.07,1.1862
1999-06-30,26701692,213613536,8,2734100000,681600000,1751000000,556800000,983100000,0,0,1039700000,809000000,640800000,36300000,36300000,1.36,1.35,0.15,83300000,-14100000,-79300000,-10100000,37200000,30500000,6.65,7.5,5.8,0.1365,0.0517,4.6,1.49,12.58,0.26,0.131,0.8229,0.3596,0.0556,0.93,0.25,1.2241
1999-03-31,26700661,213605288,8,2755600000,694600000,1801800000,571400000,953800000,0,0,1048200000,851100000,551300000,32100000,32100000,1.33,1.32,0.15,99700000,-567200000,473700000,3300000,47300000,27400000,6.15,7,5.3,0.127,0.0496,4.47,1.64,12.3,0.24,0.1478,0.8923,0.3461,0.0524,0.95,0.34,1.2156
1998-12-31,25861968,206895744,8,1846100000,376100000,1068800000,454100000,777300000,0,0,560400000,248500000,489200000,31800000,31800000,1.35,1.35,0.15,98500000,-100200000,32000000,32300000,44000000,43400000,5.57,6.98,4.16,0.1289,0.0532,3.76,1.43,11.88,0.22,0.1524,0.3197,0.421,0.0516,1.03,0.27,0.8282
1998-09-30,23375873,187006984,8,1759500000,368500000,1030200000,346200000,729300000,0,0,527700000,305500000,431600000,17300000,17300000,0.74,0.73,0.15,6900000,19900000,-29300000,-2200000,11700000,23100000,5.54,6.45,4.63,0.1262,0.0514,3.9,1.45,11.28,0.21,0.1565,0.4189,0.4145,0.0497,1.03,-0.09,1.0644
1998-06-30,23372873,186982984,8,1762200000,326400000,1046600000,339400000,715600000,0,0,534800000,330000000,451300000,19600000,19600000,0.84,0.83,0.15,17000000,-14300000,3600000,6400000,13900000,26200000,6.99,8.52,5.46,0.1342,0.0543,3.83,1.84,12.86,0.19,0.1499,0.4612,0.4061,0.0527,1.03,-0.05,0.9617
1998-03-31,23620353,188962824,8,1757500000,322800000,1040600000,357200000,716900000,0,0,541200000,313300000,464700000,26000000,26000000,1.1,1.09,0.15,10200000,-33000000,16900000,-5900000,7500000,29500000,7.13,8.06,6.2,0.1504,0.0607,3.79,1.94,13.23,0.17,0.1361,0.437,0.4079,0.0584,1.04,-0.1,0.9037
1997-12-31,23611909,188895272,8,1736300000,306900000,1042600000,395200000,693700000,0,0,545600000,270400000,467000000,27200000,27200000,1.14,1.1,0.15,53200000,-89600000,30800000,-6000000,13400000,46600000,None,None,None,0.1529,0.0609,3.67,None,None,0.15,0.1377,0.3898,0.3995,0.0584,1.04,0.03,0.7766
1997-09-30,23753365,190026920,8,1696400000,304200000,1008800000,388300000,687600000,0,0,543100000,244800000,406800000,21600000,21600000,0.91,0.91,0.15,30200000,-27500000,-11700000,-10000000,19400000,29000000,6.76,7.22,6.3,0.0985,0.039,3.62,1.89,20.56,0.13,0.219,0.356,0.4053,0.0377,1.03,0.01,0.7834
1997-06-30,23716215,189729720,8,1692900000,303600000,1014800000,381400000,678100000,0,0,547800000,256700000,449700000,29600000,29600000,1.25,1.25,0.15,43500000,-29000000,800000,16200000,29400000,36100000,5.96,6.66,5.25,0.0961,0.0375,3.57,1.76,20.64,0.11,0.2285,0.3786,0.4006,0.0365,1.03,0.04,0.796
1997-03-31,23674744,189397952,8,1648700000,285500000,1008300000,367900000,640400000,0,0,551000000,264000000,443500000,24800000,24800000,1.05,1.05,0.15,40500000,-23000000,-15400000,1700000,13200000,23400000,5.06,5.33,4.8,0.086,None,3.38,1.52,22.74,0.09,0.261,0.4122,0.3884,0.0332,0.99,0.09,0.776
1996-12-31,23611972,188895776,8,1623600000,253100000,994800000,337900000,628800000,0,0,555700000,279300000,421700000,-11100000,-11100000,-0.47,-0.47,0.15,104300000,-16000000,-98900000,-10600000,11500000,34100000,4.63,5.11,4.16,0.0672,None,3.33,1.37,None,0.07,0.3385,0.4442,0.3873,0.0271,0.98,0.37,0.749
1996-09-30,23613834,188910672,8,1666100000,271500000,1029800000,290300000,636300000,0,0,546200000,352000000,387700000,18800000,18800000,0.8,0.8,0.15,-24100000,-22600000,51800000,5300000,22100000,25800000,4.65,5.05,4.25,None,None,3.37,1.41,None,0.06,None,0.5532,0.3819,None,None,-0.26,0.9352
1996-06-30,23579218,188633744,8,1649900000,267800000,1030000000,330500000,619900000,0,0,547600000,313000000,381800000,21800000,21800000,0.93,0.93,0.15,80600000,-302200000,222300000,400000,16800000,20400000,4.79,5.38,4.2,None,None,3.29,1.49,None,0.04,None,0.5049,0.3757,None,None,0.32,0.8103
1996-03-31,23536570,188292560,8,1361400000,242200000,757100000,280100000,604300000,0,0,312000000,89800000,348900000,12300000,12300000,0.52,0.52,0.15,17100000,-11000000,-1700000,4300000,16400000,11600000,3.88,4.2,3.55,None,None,3.21,1.22,None,0.02,None,0.1486,0.4439,None,None,0.03,0.8647
1995-12-31,23525631,188205048,8,1335200000,207500000,735200000,252500000,600000000,0,0,313000000,103100000,None,None,None,None,None,0,None,None,None,None,12100000,0,None,None,None,None,None,3.19,None,None,0,None,0.1718,0.4494,None,None,None,0.8218
