"Quarter end","Shares","Shares split adjusted","Split factor","Assets","Current Assets","Liabilities","Current Liabilities","Shareholders equity","Non-controlling interest","Preferred equity","Goodwill & intangibles","Long-term debt","Revenue","Earnings","Earnings available for common stockholders","EPS basic","EPS diluted","Dividend per share","Cash from operating activities","Cash from investing activities","Cash from financing activities","Cash change during period","Cash at end of period","Capital expenditures","Price","Price high","Price low","ROE","ROA","Book value of equity per share","P/B ratio","P/E ratio","Cumulative dividends per share","Dividend payout ratio","Long-term debt to equity ratio","Equity to assets ratio","Net margin","Asset turnover","Free cash flow per share","Current ratio"
2012-03-31,774039108,774039108,1,24378000000,1615000000,17096000000,1936000000,4496000000,2786000000,0,0,12620000000,1260000000,86000000,86000000,0.11,0.11,0.01,516000000,-457000000,52000000,111000000,305000000,509000000,28.05,30.3,25.8,0.0369,0.0066,5.81,4.98,155.83,4.77,0.1872,2.8069,0.1844,0.0322,0.21,0.01,0.8342
2011-12-31,772860126,772860126,1,24314000000,1577000000,17179000000,2148000000,4354000000,2781000000,0,0,12605000000,1232000000,185000000,185000000,0.24,0.24,0.01,484000000,-715000000,35000000,-196000000,194000000,1350000000,21.46,26.62,16.3,0.032,0.0056,5.63,3.78,715.33,4.76,0.2187,2.895,0.1791,0.029,0.19,-1.12,0.7342
2011-09-30,771195525,771195525,1,24078000000,1627000000,16923000000,2242000000,4376000000,2779000000,0,0,12531000000,1403000000,-368000000,-368000000,-0.48,-0.48,0.01,621000000,-484000000,-7000000,130000000,390000000,403000000,18.91,21.18,16.64,0.0042,0.0011,5.67,3.12,27.01,4.75,1.6751,2.8636,0.1817,0.0039,0.18,0.28,0.7257
2011-06-30,770247634,770247634,1,26958000000,1552000000,19511000000,2567000000,4670000000,2777000000,0,0,13594000000,1236000000,262000000,262000000,0.34,0.34,0.01,465000000,-1010000000,563000000,18000000,260000000,927000000,19.13,21.54,16.72,0.1247,0.0209,6.06,3.5,33.56,4.74,0.0568,2.9109,0.1732,0.1174,0.17,-0.6,0.6046
2011-03-31,768967144,768967144,1,25857000000,1391000000,19200000000,2410000000,4210000000,2447000000,0,0,13566000000,989000000,62000000,62000000,0.09,0.08,0.01,531000000,-1089000000,453000000,-105000000,242000000,1089000000,16.09,18.77,13.42,0.1029,0.0175,5.47,2.89,16.09,4.73,0.0713,3.2223,0.1628,0.0961,0.17,-0.73,0.5772
2010-12-31,704754155,704754155,1,25270000000,1552000000,19206000000,2565000000,3917000000,2147000000,0,0,13517000000,984000000,71000000,62000000,0.09,0.09,0.01,341000000,-1241000000,438000000,-462000000,347000000,899000000,13.04,14.08,12,0.1911,0.0315,5.56,2.38,10.03,4.72,0.0391,3.4509,0.155,0.1562,0.19,-0.79,0.6051
2010-09-30,704142559,704142559,1,24507000000,1969000000,18906000000,2714000000,3849000000,1752000000,0,0,13134000000,1213000000,142000000,133000000,0.19,0.19,0.01,518000000,-1122000000,706000000,102000000,809000000,1117000000,11.77,12.93,10.6,0.257,0.0411,5.47,2.22,9.89,4.71,0.0304,3.4123,0.1571,0.1915,0.21,-0.85,0.7255
2010-06-30,704007309,704007309,1,23375000000,1880000000,18302000000,2693000000,3728000000,1345000000,0,0,13083000000,1018000000,157000000,147000000,0.21,0.21,0.01,416000000,-451000000,27000000,-8000000,707000000,761000000,11.59,13,10.17,0.2519,0.0388,5.3,2.26,10.63,4.7,0.0661,3.5094,0.1595,0.1848,0.2,-0.49,0.6981
2010-03-31,703741156,703741156,1,23191000000,2095000000,18567000000,2699000000,3601000000,1023000000,0,0,13416000000,1401000000,388000000,379000000,0.54,0.51,0.01,570000000,-839000000,349000000,80000000,715000000,833000000,10.57,11.59,9.55,0.2455,0.0366,5.12,2.31,None,4.69,0.1078,3.7256,0.1553,0.1717,0.2,-0.37,0.7762
2009-12-31,701318796,701318796,1,22505000000,2008000000,18514000000,2686000000,3206000000,785000000,0,0,13391000000,1193000000,274000000,265000000,0.39,0.39,0.01,334000000,-779000000,-41000000,-486000000,635000000,729000000,10.15,11.37,8.94,-0.1906,-0.0243,4.57,2.42,None,4.68,None,4.1769,0.1425,None,0.21,-0.56,0.7476
2009-09-30,701270947,701270947,1,22157000000,2425000000,18433000000,2455000000,2946000000,778000000,0,0,13633000000,981000000,67000000,58000000,0.08,0.08,0.05,608000000,-736000000,279000000,151000000,1121000000,718000000,9.43,10.85,8,-0.783,-0.1108,4.2,2.22,None,4.67,None,4.6276,0.133,None,0.21,-0.16,0.9878
2009-06-30,701196377,701196377,1,21643000000,2471000000,17924000000,2062000000,2970000000,749000000,0,0,13477000000,973000000,89000000,79000000,0.11,0.11,0.05,364000000,-530000000,-705000000,-871000000,970000000,604000000,8.5,10.91,6.1,-0.5347,-0.0898,4.24,2.01,None,4.62,None,4.5377,0.1372,None,0.23,-0.34,1.1984
2009-03-31,701004510,701004510,1,22424000000,3550000000,18898000000,2842000000,2963000000,563000000,0,0,13541000000,1484000000,-969000000,-978000000,-1.41,-1.41,0.05,809000000,-536000000,544000000,817000000,1841000000,759000000,7.37,9.52,5.22,-0.4422,-0.0823,4.23,1.28,None,4.57,None,4.57,0.1321,None,0.23,0.07,1.2491
2008-12-31,698613542,698613542,1,23668000000,3051000000,19072000000,3243000000,4035000000,561000000,0,0,12818000000,1343000000,-1678000000,-1687000000,-2.44,-2.44,0.05,319000000,-831000000,376000000,-136000000,1024000000,852000000,8.95,12.57,5.32,-0.1654,-0.0329,5.78,1.02,6.68,4.52,None,3.1767,0.1705,None,0.21,-0.76,0.9408
2008-09-30,698562656,698562656,1,26426000000,2999000000,19752000000,3380000000,6115000000,559000000,0,0,12258000000,1598000000,445000000,436000000,0.63,0.58,0.05,733000000,-708000000,861000000,886000000,1160000000,730000000,16.86,22.47,11.25,0.1774,0.0402,8.75,2.22,17.56,4.47,0.1218,2.0046,0.2314,0.1852,0.21,0,0.8873
2008-06-30,701202029,701202029,1,25226000000,2374000000,19357000000,4067000000,5324000000,545000000,0,0,11223000000,1153000000,191000000,191000000,0.27,0.25,0.04,684000000,-618000000,-290000000,-224000000,274000000,644000000,18.95,22.1,15.8,0.1314,0.0294,7.59,2.5,20.38,4.42,0.1631,2.108,0.2111,0.1419,0.2,0.06,0.5837
2008-03-31,702325215,702325215,1,24666000000,2128000000,18790000000,2670000000,5329000000,547000000,0,0,12322000000,1269000000,219000000,200000000,0.29,0.29,0.04,634000000,-191000000,-230000000,213000000,498000000,531000000,16.55,18.27,14.83,0.1275,0.0291,7.59,2.2,10.82,4.38,0.1718,2.3123,0.216,0.1334,0.2,0.15,0.797
2007-12-31,700784034,700784034,1,24579000000,1712000000,18734000000,2413000000,5280000000,565000000,0,0,12483000000,1262000000,160000000,151000000,0.21,0.22,0.04,343000000,-704000000,257000000,-104000000,285000000,699000000,16.83,18.37,15.29,0.2162,0.0472,7.53,2.35,15.73,4.34,0.1045,2.3642,0.2148,0.2309,0.2,-0.51,0.7095
2007-09-30,700486166,700486166,1,24081000000,2029000000,19075000000,2777000000,5006000000,0,0,0,12445000000,1166000000,155000000,146000000,0.21,0.2,0.04,597000000,-1546000000,1029000000,80000000,389000000,396000000,16.78,18.56,15,0.1593,0.0324,7.15,2.41,15.98,4.3,0.1499,2.486,0.2079,0.1935,0.16,0.29,0.7306
2007-06-30,700561894,700561894,1,22818000000,1992000000,17952000000,2717000000,4866000000,0,0,0,11457000000,1198000000,166000000,156000000,0.23,0.22,0.04,552000000,-575000000,100000000,77000000,309000000,617000000,15.92,17.43,14.41,0.1573,0.0305,6.95,2.37,15.31,4.26,0.1543,2.3545,0.2133,0.1936,0.15,-0.09,0.7332
2007-03-31,700240771,700240771,1,22663000000,2241000000,17966000000,2969000000,4697000000,0,0,0,11263000000,1022000000,629000000,620000000,0.89,0.89,0.04,313000000,2935000000,-3553000000,-305000000,232000000,783000000,14.69,15.66,13.71,0.1568,0.0282,6.71,2.45,22.95,4.22,0.1573,2.3979,0.2073,0.1888,0.14,-0.67,0.7548
2006-12-31,698334034,698334034,1,27261000000,7167000000,23075000000,6151000000,4186000000,0,0,0,13329000000,475000000,-166000000,-175000000,-0.24,-0.24,0.04,91000000,-499000000,186000000,-222000000,537000000,525000000,14.38,15.84,12.92,0.101,0.0167,5.99,2.14,23.57,4.18,0.252,3.1842,0.1536,0.1023,0.15,-0.62,1.1652
2006-09-30,705389577,705389577,1,27399000000,2819000000,22657000000,3912000000,4742000000,0,0,0,14294000000,1061000000,135000000,126000000,0.18,0.18,0.04,590000000,-483000000,-1110000000,-1003000000,759000000,615000000,14.61,16.39,12.82,0.109,0.0162,6.72,2.24,None,4.14,0.2413,3.0143,0.1731,0.0985,0.15,-0.04,0.7206
2006-06-30,695949316,695949316,1,28777000000,4229000000,24239000000,4087000000,4538000000,0,0,0,15374000000,1214000000,150000000,141000000,0.21,0.21,0.04,471000000,148000000,-636000000,-17000000,1762000000,623000000,13.93,16,11.85,0.001,0.001,6.52,2.37,None,4.1,26.7451,3.3878,0.1577,0.0009,0.14,-0.22,1.0347
2006-03-31,660021504,660021504,1,30601000000,5234000000,26719000000,4981000000,3882000000,0,0,413000000,16232000000,1531000000,356000000,346000000,0.53,0.49,0.04,951000000,-320000000,-984000000,-353000000,1779000000,401000000,12.88,13.95,11.8,-0.1056,-0.0115,5.88,2.51,None,4.06,None,4.1813,0.1269,None,0.14,0.83,1.0508
2005-12-31,659210298,659210298,1,31838000000,6185000000,28449000000,5712000000,3389000000,0,0,413000000,17023000000,775000000,-162000000,-162000000,-0.27,-0.27,0.04,666000000,268000000,311000000,1245000000,2132000000,452000000,12.43,14.07,10.78,-0.1786,-0.0196,5.14,2.38,None,4.02,None,5.023,0.1064,None,0.13,0.32,1.0828
2005-09-30,659331810,659331810,1,31702000000,5619000000,28260000000,6120000000,3442000000,0,0,413000000,16657000000,810000000,-312000000,-321000000,-0.5,-0.5,0.04,-408000000,-919000000,674000000,-653000000,887000000,460000000,12.64,14.16,11.13,-0.2837,-0.0317,5.22,2.15,None,3.98,None,4.8393,0.1086,None,0.15,-1.32,0.9181
2005-06-30,645719039,645719039,1,29676000000,4806000000,25876000000,4659000000,3800000000,0,0,422000000,16379000000,1224000000,-238000000,-246000000,-0.38,-0.38,0.04,-41000000,-205000000,135000000,-111000000,1540000000,415000000,10.59,11.87,9.3,-0.245,-0.0285,5.88,2.06,None,3.94,None,4.3103,0.128,None,0.17,-0.71,1.0316
2005-03-31,644556445,644556445,1,30535000000,5282000000,27213000000,4956000000,3322000000,0,0,429000000,16927000000,1208000000,106000000,106000000,0.17,0.17,0.04,51000000,355000000,-872000000,-466000000,1651000000,391000000,11.58,13.15,10.01,-0.171,-0.0201,5.15,2.16,None,3.9,None,5.0954,0.1088,None,0.17,-0.53,1.0658
2004-12-31,642934481,642934481,1,31383000000,5632000000,27945000000,4572000000,3438000000,0,0,428000000,18241000000,1336000000,-532000000,-532000000,-0.84,-0.84,0.04,517000000,-254000000,-475000000,-212000000,2117000000,536000000,10.13,11.85,8.42,-0.2389,-0.029,5.35,1.67,None,3.86,None,5.3057,0.1095,None,0.18,-0.03,1.2318
2004-09-30,643194441,643194441,1,31653000000,5977000000,27745000000,4828000000,3908000000,0,0,424000000,17673000000,1429000000,-214000000,-214000000,-0.33,-0.33,0.04,503000000,1135000000,-720000000,918000000,2329000000,464000000,8.29,9.2,7.37,-0.1456,-0.018,6.08,1.28,None,3.82,None,4.5223,0.1235,None,None,0.06,1.238
2004-06-30,643226654,643226654,1,32585000000,6117000000,28403000000,5145000000,4182000000,0,0,1077000000,18259000000,1524000000,5000000,5000000,0.01,0.01,0.04,-333000000,405000000,-479000000,-407000000,1411000000,381000000,7.27,7.95,6.58,-0.1108,-0.0148,6.5,1.08,None,3.78,None,4.3661,0.1283,None,None,-1.11,1.1889
2004-03-31,643232071,643232071,1,35215000000,7536000000,30885000000,5985000000,4330000000,0,0,1077000000,19681000000,1585000000,-206000000,-206000000,-0.32,-0.32,0.04,629000000,617000000,-857000000,389000000,1818000000,401000000,8.23,9.88,6.57,-0.3116,-0.0437,6.73,1.18,None,3.74,None,4.5453,0.123,None,None,0.35,1.2591
2003-12-31,643441738,643441738,1,37084000000,8922000000,32610000000,7074000000,4474000000,0,0,1088000000,20275000000,None,-200000000,-200000000,-0.34,-0.34,0.04,563000000,282000000,-1059000000,-214000000,1429000000,498000000,7.13,8.29,5.97,-0.2967,-0.0456,6.95,0.63,None,3.7,None,4.5317,0.1206,None,None,0.1,1.2612
2003-09-30,599424353,599424353,1,42676000000,8070000000,35923000000,6417000000,6753000000,0,0,1234000000,22524000000,1539000000,-146000000,-146000000,-0.24,-0.24,0.04,752000000,-475000000,-419000000,-142000000,1643000000,620000000,7.73,8.95,6.51,-0.4635,-0.0777,11.27,0.68,None,3.66,None,3.3354,0.1582,None,0.23,0.22,1.2576
2003-06-30,600513302,600513302,1,44317000000,9418000000,37535000000,6887000000,6782000000,0,0,1276000000,22491000000,1679000000,-1188000000,-1188000000,-1.99,-1.99,0.04,1103000000,-519000000,-581000000,3000000,1785000000,617000000,7.87,9.89,5.85,-0.4059,-0.0734,11.29,0.59,None,3.62,None,3.3163,0.153,None,0.24,0.81,1.3675
2003-03-31,599108034,599108034,1,45021000000,11308000000,37040000000,9170000000,7981000000,0,0,1364000000,17738000000,4018000000,-394000000,-394000000,-0.66,-0.66,0.04,-89000000,-477000000,757000000,191000000,1782000000,717000000,6.82,10.3,3.33,-0.2452,-0.0472,13.32,0.49,None,3.58,None,2.2225,0.1773,None,0.26,-1.35,1.2332
2002-12-31,599435088,599435088,1,46224000000,11924000000,37847000000,10350000000,8377000000,0,0,1370000000,16106000000,2796000000,-1736000000,-1736000000,-2.91,-2.91,0.22,-723000000,128000000,493000000,-102000000,1591000000,1108000000,8.15,11.91,4.39,-0.1545,-0.0303,13.97,0.48,6.74,3.54,None,1.9226,0.1812,None,0.25,-3.05,1.1521
2002-09-30,598964891,598964891,1,49106000000,13419000000,38747000000,10487000000,10236000000,123000000,0,1434000000,16250000000,2656000000,-69000000,-69000000,-0.12,-0.12,0.218,817000000,-757000000,-1030000000,-970000000,1693000000,1076000000,13.19,21.07,5.3,0.0661,0.0132,17.09,0.77,7.58,3.32,0.7547,1.5875,0.2084,0.0294,0.45,-0.43,1.2796
2002-06-30,584848649,584848649,1,50003000000,14689000000,36756000000,11207000000,10018000000,3229000000,0,1460000000,16375000000,2987000000,-45000000,-45000000,-0.08,-0.08,0.218,256000000,-283000000,1432000000,1405000000,2673000000,847000000,32.84,46.8,18.88,0.0998,0.0191,17.13,1.87,20.02,3.1,0.5023,1.6346,0.2003,0.0279,0.68,-1.01,1.3107
2002-03-31,532727453,532727453,1,48557000000,12844000000,35944000000,12326000000,9354000000,3259000000,0,1460000000,14372000000,3755000000,383000000,383000000,0.73,0.72,0.218,86000000,-343000000,377000000,120000000,1259000000,685000000,39.3,46.89,31.7,0.1005,0.0184,17.56,2.24,327.5,2.89,0.5082,1.5365,0.1926,0.0201,0.92,-1.12,1.042
2001-12-31,532441481,532441481,1,48171000000,12659000000,35727000000,13565000000,9356000000,3088000000,0,1442000000,12816000000,12513000000,375000000,375000000,0.73,0.69,0.21,744000000,-1567000000,1185000000,362000000,1139000000,1243000000,45.02,54.05,36,0.0115,0.002,17.57,2.76,None,2.67,4.7048,1.3698,0.1942,0.0016,1.21,-0.94,0.9332
2001-09-30,510314253,510314253,1,47118000000,12835000000,36012000000,13770000000,8324000000,2782000000,0,1400000000,12371000000,13845000000,211000000,211000000,0.42,0.41,0.213,822000000,-1801000000,703000000,-276000000,777000000,1096000000,46.24,54.48,38,-0.0233,-0.0037,16.31,3.01,355.69,2.46,None,1.4862,0.1767,None,1.25,-0.54,0.9321
2001-06-30,509760907,509760907,1,46209000000,13162000000,35596000000,13570000000,7820000000,2793000000,0,1400000000,11839000000,13363000000,-93000000,-93000000,-0.18,-0.18,0.213,1399000000,-1074000000,142000000,467000000,1053000000,1036000000,60.5,71.1,49.9,-0.0422,-0.0064,15.34,4.48,69.54,2.25,None,1.5139,0.1692,None,1.28,0.71,0.9699
2001-03-31,509175906,509175906,1,48034000000,15164000000,37425000000,16099000000,6880000000,3729000000,0,1400000000,11857000000,17754000000,-400000000,-400000000,-0.8,-0.8,0.213,1155000000,-580000000,-730000000,-155000000,586000000,704000000,66.28,75.3,57.25,-0.0005,-0.0001,13.51,9.46,24.19,2.03,None,1.7234,0.1432,None,1.26,0.89,0.9419
2000-12-31,508892767,508892767,1,27445000000,10076000000,21545000000,10467000000,3569000000,2331000000,0,1400000000,5606000000,7630000000,127000000,127000000,0.55,0.54,0.21,-735000000,-608000000,1862000000,519000000,688000000,344000000,65.69,74.25,57.13,0.1935,0.0306,7.01,4.48,42.66,1.82,0.3843,1.5707,0.13,0.0297,1.03,-2.12,0.9626
2000-09-30,233968803,233968803,1,21746000000,5857000000,16734000000,7256000000,3431000000,1581000000,0,1400000000,4566000000,6987000000,137000000,137000000,0.59,0.57,0.206,-128000000,-635000000,803000000,40000000,169000000,353000000,56.88,67.5,46.25,0.0489,0.0084,14.66,4.01,40.92,1.61,1.2087,1.3308,0.1578,0.0081,1.04,-2.06,0.8072
2000-06-30,232240986,232240986,1,19335000000,4853000000,14461000000,5207000000,3293000000,1581000000,0,1400000000,4998000000,4227000000,134000000,134000000,0.58,0.56,0.206,-212000000,-351000000,584000000,21000000,129000000,246000000,45.94,52.5,39.38,0.0243,0.0043,14.18,3.34,52.8,1.4,2.6747,1.5178,0.1703,0.0048,0.91,-1.97,0.932
2000-03-31,231263588,231263588,1,16654000000,2555000000,12102000000,3213000000,3182000000,1370000000,0,1400000000,5549000000,3106000000,254000000,254000000,1.11,1.07,0.206,35000000,41000000,-513000000,-437000000,108000000,393000000,36.31,42.31,30.31,-0.0229,-0.0042,13.76,2.84,129.68,1.2,None,1.7439,0.1911,None,0.87,-1.55,0.7952
1999-12-31,230419398,230419398,1,16657000000,2911000000,12342000000,3702000000,2947000000,1368000000,0,1943000000,5223000000,5014000000,-368000000,-368000000,-0.66,-0.66,0.2,451000000,-1138000000,1126000000,439000000,545000000,875000000,38.41,43.44,33.38,-0.1101,None,12.79,4.19,None,0.99,None,1.7723,0.1769,None,0.84,-1.84,0.7863
1999-09-30,228319547,228319547,1,11943000000,2161000000,9849000000,2123000000,2094000000,0,0,540000000,3720000000,2305000000,50000000,50000000,0.43,0.42,0.2,-38000000,-375000000,435000000,22000000,92000000,101000000,37.47,40.5,34.44,None,None,9.17,2.14,None,0.79,None,1.7765,0.1753,None,None,-0.61,1.0179
1999-06-30,117823192,117823192,1,11035000000,1629000000,8971000000,1505000000,2064000000,0,0,540000000,3526000000,1768000000,5000000,5000000,0.04,0.04,0.2,-43000000,-221000000,244000000,-20000000,70000000,71000000,35.16,38.38,31.94,None,None,17.52,1.98,None,0.59,None,1.7083,0.187,None,None,-0.97,1.0824
1999-03-31,121491576,121491576,1,10466000000,1223000000,8304000000,1935000000,2162000000,0,0,540000000,3082000000,1494000000,58000000,58000000,0.5,0.48,0.2,131000000,-567000000,436000000,0,90000000,39000000,35.04,39.38,30.69,None,None,17.8,2.01,None,0.39,None,1.4255,0.2066,None,None,0.76,0.632
1998-12-31,120989489,120989489,1,10069000000,1209000000,7961000000,2162000000,2108000000,0,0,537000000,2552000000,None,None,None,None,None,0,125000000,-61000000,-42000000,22000000,90000000,133000000,33.47,36.81,30.13,None,None,17.42,1.96,None,0.19,None,1.2106,0.2094,None,None,-0.07,0.5592
1998-09-30,120164864,120164864,1,10086000000,1283000000,8036000000,2426000000,2050000000,0,0,556000000,2465000000,1615000000,52000000,52000000,0.45,0.43,0.1912,None,None,None,None,68000000,0,31.66,38.63,24.69,None,None,17.06,None,None,0.1912,None,1.2024,0.2033,None,None,None,0.5289
