"Quarter end","Shares","Shares split adjusted","Split factor","Assets","Current Assets","Liabilities","Current Liabilities","Shareholders equity","Non-controlling interest","Preferred equity","Goodwill & intangibles","Long-term debt","Revenue","Earnings","Earnings available for common stockholders","EPS basic","EPS diluted","Dividend per share","Cash from operating activities","Cash from investing activities","Cash from financing activities","Cash change during period","Cash at end of period","Capital expenditures","Price","Price high","Price low","ROE","ROA","Book value of equity per share","P/B ratio","P/E ratio","Cumulative dividends per share","Dividend payout ratio","Long-term debt to equity ratio","Equity to assets ratio","Net margin","Asset turnover","Free cash flow per share","Current ratio"
2017-06-30,867806000,867806000,1,43206000000,20122000000,30612000000,10442000000,12388000000,206000000,237000000,7855000000,10086000000,7424000000,862000000,859000000,0.99,0.99,0.38,-2431000000,-597000000,2890000000,-93000000,3254000000,194000000,79.72,83.93,75.5,0.2095,0.0535,14,6.18,29.2,34.37,0.5906,0.8301,0.2812,0.0882,0.6,-3.02,1.927
2017-03-31,867032000,867032000,1,41850000000,19050000000,30215000000,9810000000,11431000000,204000000,237000000,7796000000,8099000000,7743000000,1113000000,1111000000,1.28,1.27,0.38,-1624000000,-1335000000,1641000000,-1258000000,3347000000,330000000,77.3,82.37,72.23,0.2356,0.0576,12.91,6.85,27.12,33.99,0.5526,0.7235,0.2675,0.0959,0.6,-2.25,1.9419
2016-12-31,864574000,864574000,1,39964000000,17117000000,29768000000,8897000000,9998000000,198000000,237000000,7844000000,8107000000,5211000000,265000000,262000000,0.31,0.3,0.38,4377000000,-439000000,-3608000000,153000000,4605000000,260000000,71.03,75.86,66.19,0.2533,0.0604,11.29,6.49,31.43,33.61,0.5286,0.8306,0.2442,0.1018,0.59,4.76,1.9239
2016-09-30,869342000,869342000,1,42481000000,18298000000,32527000000,9110000000,9751000000,203000000,237000000,8054000000,8114000000,4917000000,2000000,0,0,0,0.38,426000000,-657000000,243000000,41000000,4452000000,252000000,66.11,71.09,61.12,0.2012,0.0476,10.94,5.72,26.23,33.23,0.6669,0.8528,0.224,0.0914,0.52,0.2,2.0086
2016-06-30,874325000,874325000,1,42266000000,18091000000,31725000000,8378000000,10337000000,204000000,237000000,8212000000,8119000000,7061000000,1020000000,1017000000,1.16,1.16,0.38,341000000,-445000000,374000000,245000000,4411000000,150000000,65.51,69.4,61.62,0.2179,0.0538,11.55,5.64,27.41,32.85,0.5981,0.8039,0.239,0.1024,0.52,0.22,2.1593
2016-03-31,873512000,873512000,1,41801000000,17865000000,31203000000,8955000000,10387000000,211000000,237000000,8327000000,8126000000,7405000000,1226000000,1224000000,1.4,1.39,0.38,-1844000000,27000000,663000000,-1134000000,4166000000,357000000,58.2,65.7,50.71,0.1948,0.0501,11.62,5.2,27.32,32.47,0.6714,0.8006,0.2428,0.092,0.54,-2.52,1.995
2015-12-31,871681000,871681000,1,41166000000,17755000000,30966000000,10353000000,9993000000,207000000,237000000,8392000000,7642000000,2356000000,-253000000,-253000000,-0.29,-0.29,0.38,4161000000,-783000000,-1393000000,1976000000,5300000000,338000000,61.58,75.72,47.43,0.168,0.0444,11.19,5.01,19.43,32.09,0.7858,0.7833,0.237,0.0776,0.57,4.39,1.715
2015-09-30,876407000,876407000,1,40302000000,17046000000,29080000000,8354000000,11007000000,215000000,237000000,8463000000,8155000000,4873000000,235000000,233000000,0.26,0.26,0.38,200000000,-62000000,-1432000000,-1422000000,3324000000,353000000,54.52,61.93,47.11,0.2318,0.0626,12.29,3.69,16.13,31.71,0.5643,0.7572,0.2672,0.0964,0.65,-0.17,2.0405
2015-06-30,904838000,904838000,1,48106000000,21045000000,34453000000,8705000000,13589000000,64000000,237000000,8741000000,12088000000,8660000000,940000000,940000000,1.04,1.03,0.49,78000000,-843000000,1853000000,1124000000,4746000000,373000000,69.67,75.8,63.55,0.2254,0.0643,14.76,5.02,19.91,31.33,0.5581,0.9053,0.2776,0.0944,0.68,-0.33,2.4176
2015-03-31,905237000,905237000,1,46175000000,19319000000,33313000000,10732000000,12802000000,60000000,237000000,8672000000,8763000000,9241000000,1031000000,1031000000,1.13,1.13,0.47,-2123000000,-140000000,-851000000,-3288000000,3622000000,565000000,75.42,80.65,70.19,0.2207,0.0669,13.88,5.22,19.29,30.84,0.5262,0.6974,0.2721,0.0951,0.7,-2.97,1.8001
2014-12-31,905414000,905414000,1,49876000000,21748000000,36498000000,12640000000,13320000000,58000000,237000000,9109000000,9271000000,7151000000,683000000,680000000,0.75,0.75,0.47,5514000000,383000000,-2841000000,2928000000,6910000000,738000000,70.19,75.82,64.55,0.2342,0.0748,14.45,4.05,20.95,30.37,0.4637,0.7086,0.2623,0.1041,0.72,5.27,1.7206
2014-09-30,905947000,905947000,1,47911000000,21168000000,31929000000,12137000000,15923000000,59000000,237000000,9332000000,9279000000,7580000000,433000000,431000000,0.47,0.47,0.47,269000000,-488000000,157000000,-192000000,3982000000,511000000,68.31,72.92,63.7,0.1929,0.064,17.31,3.72,21.48,29.9,0.5351,0.5915,0.3274,0.0885,0.72,-0.27,1.7441
2014-06-30,915242000,915242000,1,48314000000,21329000000,31186000000,11039000000,17063000000,65000000,237000000,9571000000,9292000000,9783000000,1070000000,1067000000,1.16,1.15,0.45,350000000,4000000,79000000,392000000,4174000000,458000000,67.05,69.75,64.35,0.1898,0.0597,18.38,3.81,21.35,29.43,0.5589,0.5522,0.3483,0.0837,0.71,-0.12,1.9321
2014-03-31,918348000,918348000,1,47800000000,20834000000,31358000000,11085000000,16380000000,62000000,237000000,9673000000,9298000000,10209000000,1439000000,1437000000,1.56,1.54,0.45,-2421000000,-236000000,-2469000000,-5159000000,3782000000,313000000,63.65,67.95,59.35,0.1993,0.058,17.58,3.69,12.29,28.98,0.5676,0.576,0.3377,0.0825,0.7,-2.98,1.8795
2013-12-31,927717000,927717000,1,51499000000,24384000000,35213000000,13367000000,16229000000,57000000,237000000,9809000000,10741000000,7669000000,185000000,183000000,0.2,0.19,0.45,5512000000,-633000000,-2936000000,1936000000,8941000000,659000000,60.73,65,56.46,0.354,0.0944,17.24,4.13,11.88,28.53,0.3401,0.6716,0.3105,0.1354,0.7,5.23,1.8242
2013-09-30,926103000,926103000,1,51990000000,23543000000,38025000000,12396000000,13841000000,124000000,237000000,9853000000,10755000000,7813000000,285000000,282000000,0.3,0.3,0.45,298000000,-504000000,458000000,320000000,7005000000,466000000,56.45,60.86,52.04,0.3927,0.0938,14.69,3.99,11.71,28.08,0.3421,0.7906,0.2617,0.1433,0.65,-0.18,1.8992
2013-06-30,923434000,923434000,1,51349000000,23237000000,37994000000,11890000000,13295000000,60000000,237000000,9503000000,10765000000,9844000000,1030000000,1028000000,1.11,1.11,0.45,36000000,-526000000,673000000,130000000,6685000000,436000000,52.73,57.25,48.21,0.3964,0.089,14.14,4.04,10.63,27.63,0.3596,0.8244,0.2543,0.1367,0.65,-0.43,1.9543
2013-03-31,920466000,920466000,1,50564000000,22414000000,38249000000,11523000000,12253000000,62000000,237000000,9513000000,11279000000,10408000000,3348000000,3345000000,3.6,3.58,0.43,-2667000000,4608000000,331000000,2176000000,6555000000,321000000,47.66,50.2,45.11,0.4361,0.0925,13.05,4.52,16.16,27.18,0.3447,0.9387,0.2376,0.1365,0.68,-3.25,1.9452
2012-12-31,934288000,934288000,1,49736000000,21191000000,39557000000,13549000000,10088000000,91000000,237000000,9742000000,10465000000,5186000000,111000000,109000000,0.12,0.12,0.43,5275000000,-679000000,-3741000000,866000000,4284000000,654000000,46.31,50.96,41.67,0.2761,0.0556,10.54,4.16,14.38,26.75,0.5713,1.0623,0.1981,0.0798,0.69,4.95,1.564
2012-09-30,932471000,932471000,1,50607000000,22417000000,39896000000,14203000000,10606000000,105000000,237000000,9724000000,10502000000,7390000000,10000000,7000000,0.01,0.01,0.43,691000000,-584000000,-160000000,8000000,3418000000,443000000,49.24,52.33,46.15,0.3138,0.0612,11.12,4.44,13.34,26.32,0.5156,1.0128,0.2049,0.0799,0.76,0.27,1.5783
2012-06-30,930373000,930373000,1,50031000000,20126000000,39386000000,12438000000,10541000000,104000000,237000000,10576000000,11254000000,11006000000,1179000000,1177000000,1.26,1.25,0.43,760000000,73000000,-641000000,96000000,3506000000,395000000,50.21,53.98,46.44,0.3509,0.0711,11.08,4.84,13.46,25.89,0.4438,1.0922,0.206,0.0873,0.81,0.39,1.6181
2012-03-31,937039000,937039000,1,50223000000,19809000000,39796000000,12536000000,9960000000,467000000,237000000,10853000000,11232000000,11230000000,1488000000,1485000000,1.59,1.57,0.41,-1877000000,-156000000,1845000000,-176000000,3410000000,301000000,49.9,53.95,45.84,0.3421,0.0727,10.38,5.57,13.56,25.46,0.4338,1.1552,0.1936,0.0899,0.81,-2.32,1.5802
2011-12-31,932253000,932253000,1,48492000000,18058000000,39430000000,11185000000,8593000000,469000000,237000000,10826000000,11736000000,8425000000,373000000,371000000,0.4,0.39,0.41,4721000000,-662000000,-3161000000,836000000,3586000000,632000000,43.51,49.92,37.1,0.3297,0.0745,8.96,3.55,11.73,25.05,0.44,1.4045,0.1723,0.0913,0.81,4.39,1.6145
2011-09-30,923919000,923919000,1,47794000000,18795000000,35770000000,11370000000,11544000000,480000000,237000000,11043000000,12200000000,9238000000,452000000,449000000,0.48,0.48,0.41,1075000000,-540000000,34000000,482000000,2750000000,470000000,48.07,56.2,39.94,0.3249,0.0779,12.24,3.8,13.24,24.64,0.4381,1.079,0.2366,0.0939,0.83,0.65,1.653
2011-06-30,932502000,932502000,1,47736000000,18703000000,35234000000,10541000000,12023000000,479000000,237000000,11044000000,12460000000,10264000000,1218000000,1216000000,1.31,1.29,0.41,840000000,-4071000000,1601000000,-1528000000,2268000000,418000000,52.82,57,48.64,0.3354,0.0795,12.64,4.64,14.67,24.23,0.4478,1.0572,0.2469,0.0975,0.81,0.45,1.7743
2011-03-31,928707000,928707000,1,42600000000,21119000000,31321000000,10156000000,10809000000,470000000,237000000,5294000000,10114000000,10034000000,1431000000,1428000000,1.54,1.52,0.41,-1484000000,-965000000,1929000000,-467000000,3796000000,323000000,51.7,56.19,47.22,0.3579,0.083,11.38,5.27,15.57,23.82,0.4525,0.9567,0.2482,0.1006,0.82,-1.95,2.0795
2010-12-31,921634000,921634000,1,40410000000,19059000000,30667000000,9389000000,9278000000,465000000,237000000,5321000000,10137000000,7404000000,376000000,376000000,0.41,0.42,0.41,4524000000,-2145000000,-2215000000,175000000,4263000000,609000000,47.19,50.17,44.21,0.3525,0.0777,9.81,4.81,14,23.41,0.4942,1.1212,0.2237,0.096,0.81,4.25,2.0299
2010-09-30,912894000,912894000,1,39918000000,19589000000,30267000000,9321000000,9197000000,454000000,237000000,4542000000,10175000000,7001000000,367000000,364000000,0.4,0.4,0.41,459000000,-569000000,1930000000,1873000000,4088000000,399000000,39.8,45.87,33.73,0.3831,0.0805,9.81,4.2,11.64,23,0.4814,1.1356,0.2245,0.1013,0.79,0.07,2.1016
2010-06-30,906512000,906512000,1,37712000000,17365000000,28436000000,7506000000,8826000000,450000000,237000000,4569000000,9577000000,8616000000,1159000000,1157000000,1.27,1.26,0.41,641000000,-109000000,-1174000000,-696000000,2215000000,315000000,37.55,41.45,33.66,0.4083,0.0837,9.47,4.39,14.33,22.59,0.4733,1.115,0.2278,0.1064,0.79,0.36,2.3135
2010-03-31,906042000,906042000,1,37986000000,17436000000,29563000000,8596000000,7981000000,442000000,237000000,4636000000,9543000000,8484000000,1129000000,1129000000,1.24,1.24,0.41,-1065000000,384000000,-370000000,-1110000000,2911000000,185000000,35.46,39.04,31.88,0.3263,0.0649,8.55,4.59,18.47,22.18,0.619,1.2323,0.2039,0.0864,0.75,-1.38,2.0284
2009-12-31,903838000,903838000,1,38185000000,17288000000,30534000000,9390000000,7215000000,436000000,237000000,4689000000,9528000000,6419000000,441000000,441000000,0.48,0.47,0.41,3818000000,-1673000000,-372000000,1772000000,4021000000,318000000,32.84,35.62,30.06,0.2454,0.0486,7.72,4,43.79,21.77,0.8445,1.3654,0.1827,0.0672,0.72,3.87,1.8411
2009-09-30,903730000,903730000,1,36168000000,15356000000,28085000000,9562000000,7647000000,436000000,237000000,4720000000,7545000000,5961000000,409000000,409000000,0.45,0.45,0.41,878000000,-1149000000,332000000,92000000,2249000000,271000000,29.25,34.59,23.91,0.0961,0.0192,8.2,3.65,41.79,21.36,2.1628,1.0182,0.2049,0.0269,0.72,0.67,1.6059
2009-06-30,903608000,903608000,1,35258000000,14578000000,27351000000,8653000000,7474000000,433000000,237000000,4768000000,7556000000,6858000000,417000000,417000000,0.46,0.46,0.41,877000000,-1083000000,-77000000,-229000000,2157000000,361000000,25.93,30.23,21.62,0.0767,0.0178,8.01,3.36,18.26,20.95,2.3032,1.0441,0.2053,0.024,0.74,0.57,1.6847
2009-03-31,903582000,903582000,1,34888000000,14215000000,27245000000,7602000000,7214000000,429000000,237000000,4740000000,8490000000,6871000000,488000000,488000000,0.54,0.54,0.41,-832000000,-393000000,20000000,-1259000000,2386000000,358000000,22.02,27.98,16.05,0.1339,0.0355,7.72,2.89,10.05,20.54,1.1352,1.2169,0.2,0.0452,0.79,-1.32,1.8699
2008-12-31,902530000,902530000,1,36209000000,15311000000,28657000000,9710000000,7125000000,427000000,237000000,4845000000,7638000000,5820000000,-629000000,-629000000,-0.7,-0.7,0.41,2635000000,72000000,-1030000000,1652000000,3645000000,572000000,31.23,41.15,21.32,0.183,0.0542,7.63,2.27,8.95,20.13,0.737,1.1089,0.1902,0.0657,0.82,2.29,1.5768
2008-09-30,902361000,902361000,1,38128000000,16062000000,25011000000,9421000000,12674000000,443000000,237000000,4834000000,7402000000,7297000000,367000000,367000000,0.4,0.4,0.41,927000000,-348000000,168000000,690000000,1993000000,514000000,43.84,48.22,39.45,0.2657,0.0871,13.78,3.12,12.01,19.72,0.4646,0.5952,0.3262,0.1004,0.87,0.46,1.7049
2008-06-30,902163000,902163000,1,37594000000,15736000000,24250000000,10636000000,12903000000,441000000,237000000,4881000000,5361000000,8837000000,1078000000,1078000000,1.19,1.18,0.41,518000000,-814000000,478000000,209000000,1303000000,482000000,47.42,52.49,42.36,0.296,0.0942,14.04,3.59,13.51,19.31,0.4313,0.4233,0.3369,0.1075,0.88,0.04,1.4795
2008-03-31,900706000,900706000,1,36228000000,14861000000,23663000000,9794000000,12122000000,443000000,237000000,4855000000,5784000000,8575000000,1191000000,1191000000,1.32,1.31,0.41,-951000000,-520000000,1262000000,-211000000,1094000000,410000000,44.67,48.08,41.26,0.3014,0.0943,13.2,3.69,13.92,18.9,0.4364,0.4867,0.3281,0.1074,0.88,-1.51,1.5174
2007-12-31,899346000,899346000,1,34131000000,13160000000,22553000000,8541000000,11136000000,442000000,237000000,4930000000,5955000000,6983000000,545000000,545000000,0.6,0.6,0.41,2864000000,-730000000,-2026000000,96000000,1305000000,566000000,46.34,50.42,42.25,0.2917,0.0896,12.12,4.3,13.05,18.49,0.4631,0.5464,0.3193,0.1017,0.88,2.56,1.5408
2007-09-30,899047755,899047755,1,33915000000,14131000000,23552000000,9797000000,9918000000,445000000,237000000,5014000000,5367000000,6675000000,526000000,526000000,0.57,0.56,0.37,1043000000,-348000000,-508000000,222000000,1209000000,398000000,49.83,53.9,45.75,0.3377,0.1012,10.77,4.39,14.2,18.08,0.4095,0.5544,0.2854,0.1156,0.88,0.72,1.4424
2007-06-30,920528264,920528264,1,32850000000,13814000000,21718000000,8204000000,10690000000,442000000,237000000,4489000000,5664000000,7875000000,972000000,972000000,1.05,1.04,0.37,623000000,-403000000,-110000000,104000000,987000000,348000000,50.84,53.25,48.44,0.3318,0.0997,11.36,4.72,14.48,17.71,0.4169,0.5419,0.3182,0.1156,0.86,0.3,1.6838
2007-03-31,923674478,923674478,1,32473000000,13532000000,21855000000,7814000000,10176000000,442000000,237000000,4544000000,6010000000,7845000000,945000000,945000000,1.02,1.01,0.37,-240000000,-269000000,-425000000,-931000000,883000000,273000000,50.63,53.67,47.58,0.3363,0.0987,10.76,5.09,14.98,17.34,0.4167,0.6047,0.3061,0.1175,0.84,-0.56,1.7318
2006-12-31,924125197,924125197,1,31777000000,12870000000,21914000000,7940000000,9422000000,441000000,237000000,4587000000,6013000000,6276000000,871000000,871000000,0.96,0.94,0.37,2973000000,-448000000,-1443000000,1096000000,1814000000,447000000,46.08,49.68,42.48,0.3291,0.0935,9.94,4.29,17.93,16.97,0.4334,0.6547,0.289,0.1148,0.81,2.73,1.6209
2006-09-30,919803822,919803822,1,34180000000,13074000000,23586000000,8731000000,10121000000,473000000,237000000,4745000000,5509000000,6309000000,485000000,485000000,0.52,0.52,0.37,695000000,-348000000,-458000000,-102000000,718000000,370000000,41.16,43.49,38.82,0.2575,0.0714,10.75,3.81,21,16.6,0.5608,0.5574,0.2892,0.0901,0.79,0.35,1.4974
2006-06-30,921791134,921791134,1,34357000000,13202000000,23677000000,7983000000,10195000000,485000000,237000000,4790000000,6123000000,7442000000,975000000,975000000,1.05,1.04,0.37,449000000,-224000000,-854000000,-636000000,820000000,374000000,42.64,45.75,39.53,0.1879,0.0531,10.8,4.25,22.09,16.23,0.7313,0.6149,0.2898,0.0702,0.76,0.08,1.6538
2006-03-31,921270775,921270775,1,34313000000,13382000000,24351000000,7999000000,9473000000,489000000,237000000,4837000000,6689000000,7394000000,817000000,817000000,0.88,0.88,0.37,-381000000,-325000000,432000000,-280000000,1456000000,341000000,41.01,43.5,38.52,0.1816,0.053,10.03,4.35,20.4,15.86,0.7302,0.7242,0.2692,0.0715,0.74,-0.78,1.673
2005-12-31,919968923,919968923,1,33250000000,12422000000,23853000000,7463000000,8907000000,490000000,237000000,4771000000,6783000000,5827000000,153000000,153000000,0.12,0.13,0.37,2713000000,-107000000,-5807000000,-3411000000,1736000000,472000000,40.7,43.81,37.6,0.1852,0.056,9.42,3.17,18.84,15.49,0.6806,0.7824,0.2608,0.0771,0.73,2.44,1.6645
2005-09-30,919374279,919374279,1,38417000000,17635000000,25859000000,10732000000,12028000000,530000000,237000000,4853000000,5429000000,5870000000,-82000000,-82000000,-0.09,-0.09,0.37,-602000000,-51000000,905000000,316000000,5147000000,320000000,41.31,44.75,37.87,0.1861,0.0585,12.83,3.36,16.01,15.12,0.6455,0.4604,0.3069,0.0812,0.72,-1,1.6432
2005-06-30,994762443,994762443,1,37520000000,17660000000,24525000000,9496000000,12456000000,539000000,237000000,4889000000,5547000000,7511000000,1015000000,1015000000,1.02,1.01,0.37,437000000,228000000,23000000,394000000,4831000000,297000000,47.32,51.88,42.76,0.2301,0.0704,12.28,4.04,22.86,14.75,0.5572,0.454,0.3257,0.0971,0.73,0.14,1.8597
2005-03-31,996091258,996091258,1,37445000000,17242000000,24436000000,9299000000,11900000000,1109000000,237000000,4902000000,5484000000,7431000000,967000000,967000000,0.97,0.96,0.35,-6000000,-672000000,2028000000,1068000000,4437000000,251000000,50.32,54.9,45.74,0.1931,0.0571,11.71,4.5,28.43,14.38,0.6854,0.4702,0.3115,0.0779,0.73,-0.26,1.8542
2004-12-31,997000766,997000766,1,35632000000,15211000000,23145000000,7939000000,11377000000,1110000000,237000000,4930000000,5548000000,6000000000,278000000,278000000,0.28,0.28,0.35,2537000000,-715000000,-4617000000,-2470000000,3369000000,402000000,45.19,49.39,40.98,0.1721,0.0484,11.17,4.87,21.22,14.03,0.8013,0.498,0.3126,0.0651,0.74,2.14,1.916
2004-09-30,1080234750,1080234750,1,36590000000,17824000000,25224000000,10894000000,10257000000,1109000000,237000000,5020000000,5614000000,5740000000,331000000,331000000,0.33,0.33,0.35,282000000,-547000000,465000000,145000000,5839000000,292000000,42.33,44.78,39.88,0.215,0.0576,9.28,4.12,46.01,13.68,0.6673,0.5603,0.2738,0.0769,0.75,-0.01,1.6361
2004-06-30,997899004,997899004,1,36012000000,17572000000,24482000000,9844000000,10483000000,1047000000,237000000,4936000000,5654000000,7527000000,503000000,503000000,0.5,0.5,0.35,694000000,3615000000,-2451000000,1886000000,5694000000,284000000,43.02,45.2,40.84,0.0974,0.025,10.27,4.32,39.47,13.33,1.4962,0.5518,0.2845,0.0331,0.76,0.41,1.785
2004-03-31,1000252920,1000252920,1,38827000000,20247000000,28127000000,14198000000,10203000000,497000000,237000000,4911000000,4348000000,8073000000,668000000,668000000,0.67,0.66,0.35,-282000000,-417000000,1053000000,460000000,3808000000,254000000,43.35,46.25,40.45,0.1177,0.0292,9.96,4.53,45.16,12.98,1.263,0.4363,0.2567,0.0394,0.74,-0.54,1.426
2003-12-31,997838775,997838775,1,37039000000,18462000000,26761000000,13043000000,9781000000,497000000,237000000,4925000000,4301000000,6477000000,636000000,636000000,0.65,0.64,0.35,2791000000,-1099000000,-2294000000,-458000000,3348000000,456000000,42.3,46,38.6,0.106,0.0262,9.56,4.9,None,12.63,1.4342,0.4506,0.2577,0.036,0.73,2.34,1.4155
2003-09-30,996776918,996776918,1,37386000000,19493000000,28048000000,12765000000,8837000000,501000000,237000000,4838000000,5269000000,6142000000,-873000000,-873000000,-0.88,-0.88,0.35,97000000,-815000000,533000000,-120000000,3806000000,585000000,42.55,45.55,39.55,-0.2508,-0.0617,8.63,4.47,None,12.28,None,0.6127,0.23,None,0.72,-0.49,1.5271
2003-06-30,996340097,996340097,1,38197000000,15514000000,27905000000,11715000000,9716000000,576000000,237000000,5359000000,5497000000,7369000000,675000000,675000000,0.67,0.67,0.35,279000000,-1284000000,683000000,-147000000,3926000000,418000000,41.72,44.88,38.56,-0.0945,-0.0252,9.51,4.57,None,11.93,None,0.5799,0.2482,None,0.7,-0.14,1.3243
2003-03-31,995985506,995985506,1,36084000000,15038000000,24311000000,7978000000,9333000000,2440000000,237000000,4281000000,5784000000,7008000000,535000000,535000000,0.53,0.53,0.35,-578000000,-177000000,1109000000,395000000,4073000000,254000000,39.86,45,34.71,-0.1035,-0.0292,9.13,4.49,None,11.58,None,0.6359,0.2521,None,0.69,-0.84,1.8849
2002-12-31,994710182,994710182,1,34621000000,13459000000,23135000000,7096000000,9063000000,2423000000,237000000,4276000000,5647000000,5682000000,-2594000000,-2594000000,-2.61,-2.61,0.35,1631000000,-853000000,-652000000,218000000,3678000000,431000000,40.65,45.3,36,-0.0973,-0.0302,8.87,3.56,7.61,11.23,None,0.6398,0.2549,None,0.66,1.21,1.8967
2002-09-30,993479958,993479958,1,36451000000,13569000000,22468000000,7458000000,11571000000,2412000000,237000000,4017000000,4810000000,5482000000,469000000,469000000,0.47,0.47,0.35,838000000,-98000000,-389000000,331000000,3460000000,296000000,40.39,45.75,35.02,0.4263,0.1424,11.41,3.58,8.08,10.88,0.2572,0.4244,0.3109,0.2295,0.62,0.55,1.8194
2002-06-30,993298398,993298398,1,36384000000,13604000000,22525000000,7451000000,11450000000,2409000000,237000000,4042000000,4917000000,6700000000,543000000,543000000,0.54,0.54,0.35,654000000,-834000000,-83000000,-116000000,3129000000,300000000,45.08,48.4,41.75,0.3943,0.1299,11.29,3.21,10.61,10.53,0.276,0.4385,0.3082,0.2142,0.61,0.36,1.8258
2002-03-31,993193766,993193766,1,38661000000,13251000000,22074000000,6871000000,14196000000,2391000000,237000000,6814000000,5144000000,6142000000,479000000,479000000,0.48,0.48,0.35,-1070000000,-544000000,-871000000,-2518000000,3245000000,253000000,44.8,49.8,39.79,0.3276,0.1087,14.05,3.13,10.57,10.18,0.328,0.3685,0.3611,0.1801,0.6,-1.33,1.9285
2001-12-31,992953510,992953510,1,40319000000,14801000000,23443000000,8067000000,14452000000,2424000000,237000000,6897000000,5350000000,5229000000,3915000000,3915000000,3.85,3.85,0.35,None,None,-5687000000,3319000000,5763000000,486000000,41.02,45.75,36.28,0.3338,0.1079,14.32,3.46,64.09,9.83,0.3308,0.3764,0.3526,0.1755,0.61,None,1.8348
2001-09-30,1025162296,1025162296,1,40983000000,14168000000,27582000000,11153000000,12378000000,1023000000,237000000,8014000000,6270000000,5641000000,142000000,142000000,0.13,0.13,0.35,864000000,-900000000,978000000,963000000,2444000000,341000000,40.78,48.93,32.64,0.0539,0.0171,11.84,3.4,39.21,9.48,2.1206,0.5164,0.2962,0.0265,0.65,0.51,1.2703
2001-06-30,1039681849,1039681849,1,39134000000,12264000000,25425000000,9542000000,12699000000,1010000000,237000000,8118000000,6219000000,6997000000,-213000000,-213000000,-0.21,-0.21,0.35,580000000,-307000000,-25000000,136000000,1481000000,351000000,44.94,49.88,40,0.0855,0.0278,11.99,3.56,23.65,9.13,1.3188,0.499,0.3184,0.0415,0.67,0.22,1.2853
2001-03-31,1042806896,1042806896,1,40421000000,12408000000,26630000000,9926000000,13418000000,373000000,237000000,8277000000,6531000000,6859000000,495000000,495000000,0.47,0.47,0.35,-522000000,-270000000,691000000,-195000000,1345000000,316000000,44.71,49.56,39.86,0.1536,0.0501,12.64,3.57,20.42,8.78,0.727,0.4955,0.3261,0.0729,0.69,-0.8,1.2501
2000-12-31,1042698606,1042698606,1,39426000000,11656000000,25747000000,9255000000,13299000000,380000000,237000000,8365000000,6658000000,6316000000,261000000,261000000,0.25,0.25,0.35,1926000000,-403000000,-1715000000,-149000000,1540000000,574000000,44.76,49.88,39.63,0.1779,0.0571,12.53,3.58,144.39,8.43,0.6309,0.5097,0.3313,0.0819,0.7,1.3,1.2594
2000-09-30,1038537537,1038537537,1,40049000000,12471000000,26437000000,10350000000,13235000000,377000000,237000000,0,6668000000,6445000000,562000000,562000000,0.54,0.53,0.35,1170000000,-85000000,-979000000,-26000000,1689000000,442000000,44.44,50.69,38.19,0.0491,0.0155,12.52,3.56,6.41,8.08,2.3087,0.513,0.3246,0.0218,0.71,0.7,1.2049
2000-06-30,1042578365,1042578365,1,40237000000,12485000000,26620000000,10656000000,13247000000,370000000,237000000,0,6638000000,7914000000,688000000,688000000,0.66,0.65,0.35,1639000000,-335000000,-2379000000,-1129000000,1715000000,475000000,53.38,63.63,43.13,0.6247,0.1925,12.48,4.31,7.54,7.73,0.1925,0.5102,0.3233,0.2609,0.74,1.12,1.1716
2000-03-31,1047311925,1047311925,1,42484000000,14505000000,28741000000,12674000000,13210000000,533000000,237000000,0,6677000000,7593000000,803000000,803000000,0.76,0.76,0.35,335000000,-421000000,1536000000,1378000000,2844000000,434000000,59.53,74,45.06,0.6244,0.202,12.39,4.93,8.63,7.38,0.1908,0.5147,0.3054,0.2775,0.73,-0.09,1.1445
1999-12-31,1047062136,1047062136,1,40777000000,12653000000,27385000000,11228000000,12875000000,517000000,237000000,0,6625000000,7148000000,-1420000000,-1420000000,-1.63,-1.63,0.35,1855000000,-3277000000,672000000,-839000000,1466000000,633000000,63.75,69.44,58.06,0.6021,0.1991,12.07,6.63,5.62,7.03,0.198,0.5242,0.3099,0.2857,0.7,1.17,1.1269
1999-09-30,1044524808,1044524808,1,34436000000,12107000000,23646000000,10654000000,10285000000,505000000,237000000,0,4622000000,6481000000,7530000000,7530000000,7.25,7.15,0.35,1294000000,-930000000,369000000,552000000,2305000000,441000000,66.53,75.06,58,0.9455,0.3239,9.62,5.19,18.18,6.68,0.1257,0.46,0.2918,0.4766,0.68,0.82,1.1364
1999-06-30,1130311035,1130311035,1,37315000000,11137000000,22101000000,8914000000,14740000000,474000000,237000000,0,4934000000,6994000000,917000000,917000000,0.81,0.8,0.35,1544000000,-518000000,-5647000000,339000000,1501000000,508000000,66.19,75.19,57.19,0.3165,0.1046,12.83,5.37,17.94,6.33,0.3764,0.3402,0.3887,0.165,0.63,0.92,1.2494
1999-03-31,1127904634,1127904634,1,41967000000,10791000000,27370000000,14663000000,14133000000,464000000,237000000,0,4566000000,6295000000,663000000,663000000,0.59,0.58,0.35,147000000,-2086000000,2242000000,-20000000,1003000000,473000000,55.09,60.13,50.06,0.3344,0.0992,12.32,4.53,14.13,5.98,0.3727,0.3286,0.3311,0.1433,0.69,-0.29,0.7359
1998-12-31,1126944121,1126944121,1,38536000000,9236000000,24175000000,11610000000,13954000000,407000000,237000000,0,4495000000,6099000000,3220000000,3220000000,2.85,2.82,0.35,1765000000,4376000000,-6035000000,-296000000,1434000000,679000000,59.09,66.5,51.69,0.3719,0.1027,12.17,6.1,45.11,5.63,0.3438,0.3277,0.356,0.1308,0.79,0.96,0.7955
1998-09-30,1125861433,1125861433,1,42563000000,11573000000,31032000000,18256000000,11146000000,385000000,237000000,0,4524000000,6042000000,-605000000,-605000000,-0.54,-0.54,0.35,None,-1929000000,-139000000,-1641000000,1730000000,-381000000,65.88,79.5,52.25,0.1338,0.034,9.69,6.13,36,5.28,0.982,0.4147,0.2563,0.0386,0.88,None,0.6339
1998-06-30,1131661381,1131661381,1,47770000000,15407000000,34671000000,17333000000,12398000000,701000000,237000000,0,6109000000,11140000000,959000000,959000000,0.85,0.83,0.35,1735000000,-1416000000,1021000000,1347000000,3371000000,1102000000,75.78,84.44,67.13,0.1834,0.0472,10.75,7.51,37.7,4.93,0.6905,0.5023,0.2546,0.0473,1,0.56,0.8889
1998-03-31,1128502436,1128502436,1,45627000000,13796000000,33307000000,15823000000,11629000000,691000000,237000000,0,6434000000,10965000000,906000000,906000000,0.8,0.79,0.315,133000000,-1209000000,2100000000,1020000000,2024000000,840000000,61.53,70.44,52.63,0.2005,0.0532,10.09,6.28,29.02,4.58,0.6185,0.5648,0.2497,0.0511,1.04,-0.63,0.8719
1997-12-31,1125643356,1125643356,1,42942000000,11874000000,31002000000,14070000000,11270000000,670000000,237000000,0,5929000000,11330000000,262000000,262000000,0.23,None,0.31,3038000000,-1175000000,-2341000000,-481000000,1004000000,1317000000,57.56,64.94,50.19,0.2122,0.0577,9.8,5.7,21.72,4.27,0.5752,0.5374,0.2569,0.0534,1.08,1.53,0.8439
1997-09-30,1131577141,1131577141,1,42352000000,13047000000,30079000000,13498000000,11668000000,605000000,237000000,0,5786000000,11136000000,-17000000,-17000000,-0.02,None,0.315,1771000000,-2458000000,516000000,-152000000,1485000000,980000000,65.22,69.75,60.69,0.268,0.0743,10.1,6.23,18.8,3.96,0.4521,0.5062,0.2699,0.0665,1.12,0.7,0.9666
1997-06-30,1130851004,1130851004,1,41409000000,13243000000,28725000000,13173000000,12078000000,606000000,237000000,0,4767000000,11402000000,1140000000,1140000000,1.01,None,0.315,1588000000,-1724000000,319000000,159000000,1637000000,1772000000,56.31,62.88,49.75,0.3634,0.0991,10.47,5.76,16.81,3.64,0.3374,0.4026,0.286,0.088,1.13,-0.16,1.0053
1997-03-31,564476141,1128952282,2,39892000000,13008000000,27976000000,12277000000,11276000000,640000000,237000000,0,5070000000,11211000000,1020000000,1020000000,1.8,None,0.57,587000000,-1139000000,1055000000,412000000,1478000000,699000000,51.98,57.63,46.33,0.3695,0.0974,9.78,5.61,16.07,3.33,0.3402,0.4593,0.2767,0.0854,1.14,-0.1,1.0595
1996-12-31,565696946,1131393892,2,37987000000,11103000000,26658000000,10987000000,10709000000,620000000,237000000,0,5087000000,11407000000,858000000,858000000,1.52,None,0.57,2256000000,-1121000000,-2104000000,-984000000,1066000000,1091000000,46.78,49.69,43.88,0.3751,0.0945,9.26,5.4,15.57,3.04,0.345,0.4858,0.2757,0.083,1.14,1.03,1.0106
1996-09-30,562976998,1125953996,2,38761000000,12115000000,28157000000,12318000000,9993000000,611000000,237000000,0,5533000000,10486000000,898000000,898000000,1.6,None,0.57,1776000000,-939000000,-727000000,123000000,2050000000,770000000,40.69,44.94,36.44,0.3732,0.0889,8.66,4.75,14.06,2.76,0.3591,0.5671,0.2517,0.0796,1.12,0.89,0.9835
1996-06-30,561057690,1122115380,2,38486000000,12332000000,28030000000,12257000000,9855000000,601000000,237000000,0,5515000000,11148000000,1001000000,1001000000,1.78,None,0.57,1595000000,185000000,-1323000000,430000000,1927000000,741000000,40.41,42.44,38.38,0.3791,0.086,8.57,5.08,14.15,2.47,0.3635,0.5734,0.2499,0.0771,1.12,0.76,1.0061
1996-03-31,560482467,1120964934,2,38651000000,12314000000,28954000000,13088000000,9160000000,537000000,237000000,0,5586000000,10769000000,879000000,879000000,1.57,None,0.52,761000000,-785000000,136000000,89000000,1497000000,701000000,38.5,42.19,34.81,0.398,0.0845,7.96,5.25,13.9,2.19,0.3609,0.626,0.2309,0.0757,1.12,0.05,0.9409
1995-12-31,559010099,1118020198,2,37312000000,10955000000,28646000000,12731000000,8436000000,230000000,237000000,0,5678000000,10385000000,627000000,627000000,1.06,None,0.52,2291000000,-809000000,-1533000000,-16000000,1408000000,911000000,32.59,35.13,30.06,0.3594,0.0866,7.33,4.62,12,1.93,0.3388,0.6925,0.2197,0.0781,1.11,1.23,0.8605
1995-09-30,555322776,1110645552,2,37991000000,11604000000,29713000000,13476000000,8062000000,216000000,237000000,0,5971000000,10200000000,769000000,769000000,1.38,None,0.52,2142000000,-743000000,-882000000,487000000,1424000000,847000000,34.19,36.5,31.88,0.3228,0.0873,7.05,5.16,13.68,1.67,0.3457,0.7631,0.206,0.079,1.11,1.17,0.8611
1995-06-30,554964568,1109929136,2,38117000000,12147000000,30319000000,14241000000,7583000000,215000000,237000000,0,5850000000,11076000000,938000000,938000000,1.7,None,0.52,1337000000,-758000000,-1335000000,-744000000,937000000,856000000,32.41,34.69,30.13,0.2808,0.0842,6.62,2.57,14.53,1.41,0.3687,0.7964,0.1927,0.0768,1.1,0.43,0.853
1995-03-31,526594241,1053188482,2,38691000000,12834000000,24966000000,8523000000,13516000000,209000000,237000000,0,6277000000,10502000000,959000000,959000000,1.4,None,0.47,991000000,-403000000,179000000,825000000,1681000000,626000000,28.59,30.88,26.31,0.2435,None,12.61,3.09,14.29,1.15,0.39,0.4727,0.3432,0.0749,1.07,0.35,1.5058
1994-12-31,681246974,1362493948,2,36892000000,11108000000,23873000000,7565000000,12822000000,197000000,237000000,0,6376000000,10137000000,646000000,646000000,0.95,None,0.47,1272000000,-1432000000,-1227000000,-1415000000,856000000,1047000000,27.81,30.25,25.38,0.2267,None,9.24,3.09,None,0.91,0.4542,0.5066,0.3411,0.0693,1.04,0.17,1.4683
1994-09-30,680898159,1361796318,2,37914000000,12206000000,25241000000,8836000000,12473000000,200000000,237000000,0,6517000000,9845000000,647000000,647000000,0.95,None,0.47,1722000000,-524000000,-1130000000,112000000,2402000000,698000000,29.57,30.69,28.44,None,None,8.99,3.38,None,0.68,None,0.5326,0.3227,None,None,0.75,1.3814
1994-06-30,680562653,1361125306,2,38286000000,12461000000,25952000000,9512000000,12140000000,194000000,237000000,0,6543000000,10161000000,792000000,792000000,1.16,None,0.44,1579000000,-593000000,-1263000000,-222000000,2290000000,643000000,28.47,31.19,25.75,None,None,8.74,3.4,None,0.44,None,0.5497,0.3109,None,None,0.69,1.31
1994-03-31,679678463,1359356926,2,38512000000,12660000000,26689000000,10555000000,11630000000,193000000,237000000,0,6414000000,9190000000,642000000,642000000,0.94,None,0.44,1091000000,-584000000,742000000,1272000000,2512000000,662000000,27.04,29.94,24.13,None,None,8.38,3.34,None,0.22,None,0.563,0.2958,None,None,0.32,1.1994
1993-12-31,678703215,1357406430,2,37053000000,10899000000,25636000000,9439000000,11230000000,187000000,237000000,0,6531000000,None,None,None,None,None,0,None,None,None,None,1240000000,0,23.75,25.25,22.25,None,None,8.1,None,None,0,None,0.5941,0.2967,None,None,None,1.1547
