"Quarter end","Shares","Shares split adjusted","Split factor","Assets","Current Assets","Liabilities","Current Liabilities","Shareholders equity","Non-controlling interest","Preferred equity","Goodwill & intangibles","Long-term debt","Revenue","Earnings","Earnings available for common stockholders","EPS basic","EPS diluted","Dividend per share","Cash from operating activities","Cash from investing activities","Cash from financing activities","Cash change during period","Cash at end of period","Capital expenditures","Price","Price high","Price low","ROE","ROA","Book value of equity per share","P/B ratio","P/E ratio","Cumulative dividends per share","Dividend payout ratio","Long-term debt to equity ratio","Equity to assets ratio","Net margin","Asset turnover","Free cash flow per share","Current ratio"
2019-06-29,230123580,230123580,1,14796000000,6914000000,9460000000,3579000000,5336000000,0,0,2147000000,2910000000,3227000000,217000000,217000000,0.94,0.93,0.02,155000000,-62000000,27000000,115000000,857000000,76000000,51.59,58,45.17,0.2262,0.0828,23.19,2.29,10.53,10.17,0.0156,0.5454,0.3606,0.0907,0.91,0.34,1.9318
2019-03-30,232762261,232762261,1,14480000000,6587000000,9247000000,3432000000,5233000000,0,0,2141000000,2812000000,3109000000,179000000,179000000,0.76,0.76,0.02,-216000000,-42000000,-116000000,-365000000,742000000,59000000,50.19,55.64,44.73,0.2273,0.0836,22.48,2.27,10.33,10.15,0.0158,0.5374,0.3614,0.0879,0.95,-1.18,1.9193
2018-12-29,234679051,234679051,1,14264000000,6614000000,9072000000,3506000000,5192000000,0,0,658000000,3526000000,3750000000,246000000,246000000,1.01,1.01,0.02,411000000,-114000000,-474000000,-186000000,1107000000,136000000,57.93,72.59,43.27,0.2243,0.0836,22.12,2.54,16.79,10.13,0.0161,0.6791,0.364,0.0875,0.96,1.17,1.8865
2018-09-29,242961492,242961492,1,14669000000,6912000000,9126000000,3423000000,5543000000,0,0,2209000000,3069000000,3200000000,563000000,563000000,2.29,2.26,0.02,299000000,740000000,-474000000,562000000,1293000000,74000000,68.19,72.87,63.5,0.1564,0.0585,22.81,3.16,38.09,10.11,0.0232,0.5537,0.3779,0.0611,0.96,0.93,2.0193
2018-06-30,248410831,248410831,1,14558000000,6770000000,9196000000,3397000000,5362000000,0,0,2207000000,3070000000,3726000000,224000000,224000000,0.88,0.87,0.02,482000000,-12000000,-558000000,-105000000,731000000,82000000,63,69.36,56.63,0.0828,0.0307,21.59,2.83,42.28,10.09,0.0442,0.5725,0.3683,0.0321,0.96,1.61,1.9929
2018-03-31,256038330,256038330,1,14968000000,6821000000,9276000000,3349000000,5692000000,0,0,2368000000,3083000000,3296000000,189000000,189000000,0.73,0.72,0.02,-85000000,6000000,-358000000,-426000000,836000000,77000000,58.27,62.19,54.36,0.0692,0.0255,22.23,2.7,51.11,10.07,0.053,0.5416,0.3803,0.0274,0.93,-0.63,2.0367
2017-12-30,261771970,261771970,1,15340000000,7027000000,9693000000,3660000000,5647000000,0,0,3129000000,3074000000,4017000000,-106000000,-106000000,-0.4,-0.4,0.02,592000000,-131000000,-497000000,-32000000,1262000000,147000000,54.39,57.71,51.07,0.054,0.0196,21.57,2.46,23.44,10.05,0.0689,0.5444,0.3681,0.0216,0.91,1.7,1.9199
2017-09-30,263420348,263420348,1,15875000000,7374000000,10057000000,4041000000,5818000000,0,0,2354000000,3078000000,3484000000,159000000,159000000,0.6,0.6,0.02,95000000,-99000000,155000000,165000000,1294000000,115000000,50.53,54.07,47,0.1107,0.04,22.09,2.35,15.45,10.03,0.034,0.529,0.3665,0.0448,0.89,-0.08,1.8248
2017-07-01,264713726,264713726,1,15775000000,7186000000,10093000000,4005000000,5682000000,0,0,2340000000,2774000000,3604000000,153000000,153000000,0.57,0.57,0.02,460000000,-66000000,-269000000,132000000,1129000000,85000000,46.84,48.67,45,0.1581,0.0574,21.46,2.25,13.98,10.01,0.0241,0.4882,0.3602,0.0645,0.89,1.42,1.7943
2017-04-01,267689291,267689291,1,15703000000,None,10121000000,None,5582000000,0,0,2332000000,2768000000,3093000000,101000000,101000000,0.37,0.37,0.02,-194000000,-366000000,251000000,-301000000,997000000,76000000,47.3,50.93,43.66,0.1661,0.0596,20.85,2.29,13.4,9.99,0.0236,0.4959,0.3555,0.0667,0.89,-1.01,None
2016-12-31,270086401,270086401,1,15358000000,None,9784000000,None,5574000000,0,0,2113000000,2414000000,3825000000,214000000,214000000,0.78,0.78,0.02,869000000,-131000000,-154000000,559000000,1298000000,140000000,43.5,49.82,37.19,0.1798,0.0634,20.64,2.08,12.22,9.97,0.0224,0.4331,0.3629,0.0698,0.91,2.7,None
2016-10-01,270208112,270208112,1,15167000000,None,9516000000,None,5651000000,0,0,2121000000,2777000000,3251000000,421000000,421000000,1.56,1.55,0.02,174000000,-94000000,-82000000,-4000000,739000000,99000000,38.2,41.33,35.06,0.1874,0.0649,20.91,1.98,14.47,9.95,0.0222,0.4914,0.3726,0.0701,0.93,0.28,None
2016-07-02,269463621,269463621,1,15034000000,None,9848000000,None,5186000000,0,0,2118000000,2785000000,3511000000,177000000,177000000,0.66,0.65,0.02,119000000,-73000000,-76000000,-35000000,743000000,119000000,37.3,40.61,34,0.147,0.0488,19.25,2.01,14.4,9.93,0.0297,0.537,0.345,0.0528,0.93,0,None
2016-04-02,268831736,268831736,1,15099000000,None,10110000000,None,4989000000,0,0,2114000000,3688000000,3201000000,150000000,150000000,0.55,0.55,0.02,-150000000,-225000000,144000000,-227000000,778000000,88000000,36.22,41.74,30.69,0.1494,0.0482,18.56,1.98,14.49,9.91,0.0303,0.7392,0.3304,0.0531,0.91,-0.89,None
2016-01-02,271171585,271171585,1,14708000000,None,9744000000,None,4964000000,0,0,2023000000,3348000000,3923000000,226000000,226000000,0.82,0.81,0.02,675000000,-118000000,-160000000,391000000,1005000000,134000000,41.05,43.93,38.18,0.1495,0.047,18.31,2.39,16.82,9.89,0.0315,0.6745,0.3375,0.0519,0.91,2,None
2015-10-03,273670398,273670398,1,14898000000,None,10202000000,None,4696000000,0,0,2026000000,3358000000,3180000000,176000000,176000000,0.64,0.63,0.02,213000000,-135000000,-251000000,-178000000,614000000,113000000,38.59,44.98,32.2,0.1521,0.0462,17.16,2.32,16.21,9.87,0.0323,0.7151,0.3152,0.0502,0.92,0.37,None
2015-07-04,276421869,276421869,1,14948000000,None,10346000000,None,4602000000,0,0,2015000000,3621000000,3247000000,167000000,167000000,0.6,0.6,0.02,223000000,-78000000,-62000000,84000000,792000000,94000000,44.95,46.93,42.97,0.1494,0.0451,16.65,2.84,19.63,9.85,0.0332,0.7868,0.3079,0.0481,0.94,0.47,None
2015-04-04,277644419,277644419,1,14738000000,None,10348000000,None,4390000000,0,0,2013000000,3811000000,3073000000,128000000,128000000,0.46,0.46,0.02,-21000000,-57000000,-31000000,-114000000,708000000,79000000,43.28,45.61,40.95,0.1444,0.0434,15.81,2.8,20.32,9.83,0.0345,0.8681,0.2979,0.0456,0.95,-0.36,None
2015-01-03,276834630,276834630,1,14605000000,None,10333000000,None,4272000000,0,0,2027000000,3866000000,4096000000,212000000,212000000,0.76,0.75,0.02,642000000,-194000000,-129000000,311000000,822000000,174000000,38.25,44.23,32.28,0.1349,0.0404,15.43,2.31,19.42,9.81,0.037,0.905,0.2925,0.0432,0.93,1.69,None
2014-09-27,276048870,276048870,1,14739000000,None,10167000000,None,4572000000,0,0,2020000000,3585000000,3430000000,159000000,159000000,0.57,0.57,0.02,215000000,-77000000,-435000000,-304000000,511000000,83000000,37.28,39.03,35.54,0.124,0.0384,16.56,2.27,21.3,9.79,0.0402,0.7841,0.3102,0.0418,0.92,0.48,None
2014-06-28,279201470,279201470,1,15135000000,None,10557000000,None,4578000000,0,0,2006000000,3899000000,3505000000,144000000,144000000,0.52,0.51,0.02,378000000,-128000000,-217000000,33000000,815000000,106000000,38.95,40.93,36.96,0.1171,0.0357,16.4,2.49,23.75,9.77,0.0453,0.8517,0.3025,0.0388,0.92,0.97,None
2014-03-29,279137664,279137664,1,14963000000,None,10600000000,None,4363000000,0,0,1980000000,3929000000,2847000000,85000000,85000000,0.3,0.3,0.02,-27000000,-1520000000,1116000000,-431000000,780000000,66000000,37.23,40.18,34.28,0.1182,0.0351,15.63,2.4,21.27,9.75,0.0484,0.9005,0.2916,0.0384,0.92,-0.33,None
2013-12-28,282500851,282500851,1,12944000000,None,8560000000,None,4384000000,0,0,1735000000,3179000000,3506000000,167000000,167000000,0.59,0.59,0.02,918000000,-233000000,-113000000,574000000,1211000000,144000000,31.8,37.43,26.17,0.1375,0.0395,15.52,2.5,19.04,9.73,0.0451,0.7251,0.3387,0.0411,0.96,2.74,None
2013-09-28,281150492,281150492,1,12457000000,None,8877000000,None,3580000000,0,0,1675000000,3194000000,2904000000,99000000,99000000,0.35,0.35,0.02,361000000,37000000,-334000000,66000000,637000000,110000000,27.59,29.81,25.36,0.1463,0.038,12.73,2.29,15.08,9.71,0.0464,0.8922,0.2874,0.0401,0.95,0.89,None
2013-06-29,280504882,280504882,1,12440000000,None,9060000000,None,3380000000,0,0,1670000000,3235000000,2839000000,113000000,113000000,0.4,0.4,0.02,-70000000,-84000000,-65000000,-220000000,571000000,113000000,27.55,30.22,24.87,0.1656,0.0416,12.05,2.43,13.71,9.69,0.0419,0.9571,0.2717,0.044,0.94,-0.65,None
2013-03-30,277854728,277854728,1,12557000000,None,9409000000,None,3148000000,0,0,1645000000,3307000000,2855000000,119000000,119000000,0.44,0.41,0.02,-399000000,16000000,-230000000,-622000000,791000000,77000000,27.62,31.3,23.94,0.1881,0.0456,11.33,2.51,13.81,9.67,0.0377,1.0505,0.2507,0.0482,0.95,-1.71,None
2012-12-29,271544305,271544305,1,13033000000,None,10042000000,None,2991000000,0,0,1649000000,3452000000,3362000000,148000000,148000000,0.53,0.51,0.02,530000000,39000000,-393000000,175000000,1413000000,166000000,24.8,26.75,22.84,0.1913,0.0449,11.01,2.11,17.34,9.65,0.0378,1.1541,0.2295,0.0481,0.93,1.34,None
2012-09-29,281825575,281825575,1,13065000000,None,9757000000,None,3308000000,0,0,1645000000,3552000000,3000000000,151000000,151000000,0.54,0.51,0.02,372000000,33000000,-84000000,327000000,1238000000,156000000,25.48,28.8,22.15,0.1399,0.0318,11.74,2.31,18.33,9.63,0.0532,1.0738,0.2532,0.0348,0.91,0.77,None
2012-06-30,280941251,280941251,1,13068000000,None,9966000000,None,3102000000,0,0,1630000000,3619000000,3019000000,172000000,172000000,0.61,0.58,0.02,279000000,183000000,-192000000,265000000,911000000,85000000,25.57,29.18,21.97,0.1368,0.0299,11.04,2.46,23.25,9.61,0.0542,1.1667,0.2374,0.0346,0.86,0.69,None
2012-03-31,280281049,280281049,1,13280000000,None,10365000000,None,2915000000,0,0,1639000000,3850000000,2856000000,118000000,118000000,0.42,0.4,0.02,-254000000,123000000,-112000000,-239000000,646000000,73000000,23.33,28.29,18.37,0.109,0.0232,10.4,2.38,29.53,9.59,0.0674,1.3208,0.2195,0.0284,0.82,-1.17,None
2011-12-31,279642725,279642725,1,13615000000,None,10870000000,None,2745000000,0,0,1635000000,4287000000,3254000000,-19000000,-19000000,-0.06,-0.06,0.02,403000000,195000000,-1251000000,-657000000,885000000,152000000,18.39,20.41,16.37,0.0788,0.0165,9.82,1.54,17.35,9.57,0.0919,1.5617,0.2016,0.0215,0.77,0.9,None
2011-10-01,278168019,278168019,1,15281000000,None,11969000000,None,3312000000,0,0,1642000000,4844000000,2814000000,142000000,142000000,0.51,0.47,0.02,443000000,147000000,309000000,891000000,1542000000,102000000,19.91,25.17,14.66,0.1026,0.0212,11.91,1.74,47.4,9.55,0.069,1.4626,0.2167,0.0288,0.74,1.23,None
2011-07-02,277332707,277332707,1,14839000000,None,11665000000,None,3174000000,0,0,1651000000,4691000000,2728000000,90000000,90000000,0.32,0.29,0.02,163000000,146000000,-682000000,-371000000,651000000,91000000,24.75,28.65,20.86,0.043,0.0086,11.44,2.24,61.88,9.53,0.1687,1.4779,0.2139,0.0121,0.71,0.26,None
2011-04-02,276619984,276619984,1,15059000000,None,12007000000,None,3052000000,0,0,1643000000,5485000000,2479000000,29000000,29000000,0.1,0.09,0.02,54000000,355000000,-327000000,91000000,1022000000,78000000,26.19,28.87,23.5,0.0413,0.0078,11.03,2.43,93.54,9.51,0.1791,1.7972,0.2027,0.0114,0.68,-0.09,None
2011-01-01,276027951,276027951,1,15282000000,None,12310000000,None,2972000000,0,0,1632000000,5943000000,3127000000,60000000,60000000,0.21,0.21,0.02,225000000,211000000,-496000000,-60000000,931000000,136000000,22.05,24.18,19.92,0.0294,0.0052,10.77,2.03,None,9.49,0.2555,1.9997,0.1945,0.0082,0.63,0.32,None
2010-10-02,274900552,274900552,1,16013000000,None,13027000000,None,2986000000,0,0,1627000000,6351000000,2479000000,-48000000,-48000000,-0.17,-0.17,0.02,512000000,299000000,-1023000000,-212000000,992000000,51000000,18.77,21.52,16.02,-0.0128,-0.0021,10.86,1.77,938.5,9.47,None,2.1269,0.1865,None,0.58,1.68,None
2010-07-03,274212816,274212816,1,17123000000,None,14209000000,None,2914000000,0,0,1616000000,7147000000,2709000000,82000000,82000000,0.3,0.27,0.02,335000000,400000000,-1053000000,-318000000,1204000000,45000000,20.59,25.3,15.88,0.0052,0.0008,10.63,1.98,None,9.45,1.455,2.4526,0.1702,0.0015,0.55,1.06,None
2010-04-03,273316122,273316122,1,18110000000,None,15269000000,None,2841000000,0,0,1612000000,8233000000,2210000000,-8000000,-8000000,-0.03,-0.03,0.02,-88000000,639000000,-921000000,-383000000,1509000000,38000000,20.71,23.46,17.96,-0.0433,-0.0065,10.39,2,None,9.43,None,2.8979,0.1569,None,0.53,-0.46,None
2010-01-02,272621010,272621010,1,18940000000,None,16114000000,None,2826000000,0,0,1622000000,9117000000,2813000000,-63000000,-63000000,-0.23,-0.23,0.02,477000000,698000000,-1862000000,-684000000,1892000000,76000000,19.27,21,17.55,-0.0111,-0.0016,10.37,1.76,None,9.41,None,3.2261,0.1492,None,0.53,1.47,None
2009-10-03,271117282,271117282,1,19958000000,None,16996000000,None,2962000000,0,2000000,1703000000,10292000000,2549000000,4000000,4000000,0.01,0.01,0.02,542000000,161000000,-21000000,691000000,2576000000,51000000,14.75,20.99,8.51,-0.0661,-0.0088,10.92,1.37,134.09,9.39,None,3.477,0.1483,None,0.55,1.81,None
2009-07-04,270236965,270236965,1,19844000000,None,16924000000,None,2920000000,0,2000000,1697000000,10411000000,2612000000,-58000000,-58000000,-0.22,-0.22,0.02,165000000,558000000,-541000000,194000000,1885000000,43000000,10.75,14.37,7.13,0.0089,0.0012,10.8,1.07,7.96,9.37,4.8654,3.5679,0.147,0.0021,0.59,0.45,None
2009-04-04,244985837,244985837,1,20516000000,None,18048000000,None,2468000000,0,2000000,1688000000,10824000000,2526000000,86000000,86000000,0.35,0.35,0.02,-169000000,522000000,791000000,1144000000,1691000000,68000000,10.04,16.52,3.57,0.1122,0.0167,10.07,1.03,5.26,9.35,0.5085,4.3893,0.1202,0.0257,0.65,-0.97,None
2009-01-03,242948630,242948630,1,20020000000,None,17654000000,None,2366000000,0,0,1865000000,9081000000,3276000000,-209000000,-209000000,-0.86,-0.86,0.23,118000000,699000000,-619000000,190000000,547000000,225000000,20.48,29.28,11.69,0.1464,0.0237,9.74,1.4,5.42,9.33,0.4646,3.8381,0.1182,0.0341,0.69,-0.44,None
2008-09-27,241096617,241096617,1,20686000000,None,17147000000,None,3539000000,0,2000000,1869000000,9384000000,3533000000,206000000,206000000,0.85,0.84,0.23,269000000,-191000000,-190000000,-123000000,357000000,117000000,40.45,48.87,32.04,0.2638,0.0463,14.67,2.66,10.27,9.1,0.2388,2.6531,0.171,0.0645,0.72,0.63,None
2008-06-28,248538061,248538061,1,20696000000,None,16908000000,None,3788000000,0,2000000,2107000000,9352000000,3919000000,258000000,258000000,1.03,1.02,0.23,258000000,271000000,-415000000,119000000,480000000,116000000,55.98,64.24,47.73,0.2852,0.0501,15.23,3.88,14.93,8.87,0.229,2.4702,0.1829,0.0691,0.72,0.57,None
2008-03-29,249238655,249238655,1,20766000000,None,17172000000,None,3594000000,0,2000000,2152000000,9737000000,3518000000,231000000,231000000,0.93,0.91,0.23,105000000,-716000000,434000000,-170000000,361000000,83000000,61.28,71.3,51.26,0.2893,0.0493,14.41,4.35,17,8.64,0.2314,2.7107,0.173,0.0691,0.71,0.09,None
2007-12-29,248688866,248688866,1,19956000000,None,16449000000,None,3507000000,0,2080000,2132000000,9104000000,3763000000,256000000,256000000,1.03,1.01,0.23,445000000,-1631000000,774000000,-411000000,531000000,171000000,67.98,73.38,62.58,0.2997,0.0494,14.09,5.39,20.45,8.41,0.2304,2.5975,0.1756,0.0693,0.71,1.1,None
2007-09-29,249249973,249249973,1,18436000000,None,15291000000,None,3145000000,0,2000000,1273000000,8451000000,3263000000,255000000,255000000,1.02,1,0.23,484000000,132000000,-383000000,245000000,942000000,68000000,58.07,63.13,53.01,0.3009,0.0477,12.61,4.96,19.45,8.18,0.2371,2.6888,0.1705,0.0676,0.71,1.67,None
2007-06-30,124865625,249731250,2,18123000000,None,15190000000,None,2933000000,0,10000000,1262000000,8646000000,3235000000,210000000,210000000,1.69,1.66,0.388,190000000,77000000,-162000000,112000000,697000000,79000000,51.13,56.91,45.35,0.2733,0.0435,11.7,4.77,21.13,7.95,0.2523,2.9579,0.1613,0.0629,0.69,0.44,None
2007-03-31,124595706,249191412,2,17702000000,None,15024000000,None,2678000000,0,10000000,1257000000,8677000000,2964000000,196000000,196000000,1.56,1.53,0.388,-70000000,16000000,-142000000,-195000000,585000000,60000000,46.59,49.1,44.08,0.2215,0.0359,10.71,4.41,20.39,7.76,0.3096,3.2522,0.1507,0.0532,0.68,-0.52,None
2006-12-30,125282174,250564348,2,17550000000,None,14901000000,None,2649000000,0,2080000,1257000000,8582000000,3201000000,195000000,195000000,1.55,1.46,0.39,442000000,-649000000,159000000,-42000000,780000000,204000000,46.64,49.19,44.09,0.2002,0.0346,10.56,3.86,23.44,7.56,0.3275,3.2423,0.1508,0.0523,0.66,0.95,None
2006-09-30,125444933,250889866,2,17442000000,None,14401000000,None,3041000000,0,10000000,1032000000,8406000000,2837000000,169000000,169000000,1.34,1.32,0.3875,302000000,121000000,64000000,497000000,822000000,89000000,43.55,46.56,40.55,0.1659,0.0307,12.08,3.65,60.91,7.37,0.3693,2.7733,0.1738,0.0552,0.56,0.85,None
2006-07-26,126260189,252520378,2,17350000000,None,14328000000,None,3022000000,0,10000000,1021000000,7952000000,2820000000,69000000,69000000,0.54,0.53,0.3875,156000000,-403000000,22000000,-220000000,325000000,73000000,45.16,49.05,41.26,0.0593,0.0114,11.93,3.54,50.46,7.17,1.0013,2.6401,0.1736,0.0201,0.57,0.33,None
2006-04-01,130096275,260192550,2,17050000000,None,13723000000,None,3327000000,0,10000000,1011000000,7505000000,2632000000,168000000,168000000,1.29,1.26,0.3875,69000000,-478000000,156000000,-251000000,545000000,58000000,42.54,47.2,37.88,0.0728,0.015,12.75,3.38,59.08,6.98,0.772,2.2626,0.1945,0.0248,0.6,0.04,None
2005-12-31,130208924,260417848,2,16499000000,None,13223000000,None,3276000000,0,2080000,1011000000,7079000000,1202000000,118000000,118000000,0.89,0.87,0.35,None,None,None,230000000,796000000,142000000,37.25,40,34.5,0.059,0.0126,12.57,3.01,51.38,6.78,0.916,2.1622,0.1984,0.0202,0.62,None,None
2005-10-01,132371767,264743534,2,15901000000,None,12616000000,None,3285000000,0,10000000,1104000000,6854000000,2862000000,-164000000,-164000000,-1.23,-1.23,0.35,257000000,-397000000,65000000,-60000000,601000000,73000000,36.16,39.4,32.92,0.0594,0.0132,12.37,2.69,21.21,6.61,0.8938,2.0928,0.206,0.0181,0.73,0.7,None
2005-07-02,133766934,267533868,2,15921000000,None,12317000000,None,3604000000,0,10000000,1439000000,6646000000,3188000000,123000000,123000000,0.92,0.89,0.35,417000000,12000000,-331000000,101000000,661000000,79000000,37.35,39.15,35.55,0.1304,0.0301,13.43,2.78,23.13,6.43,0.39,1.8492,0.2257,0.0421,0.71,1.26,None
2005-04-02,134956256,269912512,2,16085000000,None,12444000000,None,3641000000,0,10000000,1467000000,6827000000,2791000000,126000000,126000000,0.93,0.91,0.35,44000000,-403000000,183000000,-172000000,560000000,65000000,37.16,40.02,34.3,0.1228,0.0288,13.45,2.75,28.81,6.26,0.4059,1.8802,0.2257,0.0425,0.68,-0.08,None
2005-01-01,135156872,270313744,2,15875000000,None,12223000000,None,3652000000,0,2080000,1483000000,6141000000,2772000000,125000000,125000000,0.92,0.88,0.35,101000000,-143000000,-77000000,-73000000,732000000,117000000,34.41,37.31,31.52,0.0986,0.0236,13.5,2.52,29.92,6.08,0.498,1.6825,0.2299,0.0356,0.66,-0.06,None
2004-10-02,137520708,275041416,2,15552000000,None,11781000000,None,3771000000,0,10000000,1454000000,5990000000,2569000000,103000000,103000000,0.75,0.73,0.325,449000000,-555000000,31000000,-63000000,810000000,58000000,30.71,32.73,28.69,0.0871,0.0211,13.67,2.27,32.16,5.91,0.5528,1.5927,0.2418,0.0322,0.66,1.42,None
2004-07-03,138595235,277190470,2,15436000000,None,11685000000,None,3751000000,0,10000000,1450000000,5665000000,2547000000,100000000,100000000,0.72,0.71,0.325,293000000,-191000000,85000000,184000000,873000000,50000000,27.97,29.71,26.23,0.0731,0.0175,13.5,2.11,33.7,5.75,0.6669,1.5143,0.2424,0.0275,0.63,0.88,None
2004-04-03,137620083,275240166,2,15061000000,None,11403000000,None,3658000000,0,10000000,1457000000,5570000000,2354000000,37000000,37000000,0.27,0.26,0.325,106000000,45000000,-315000000,-154000000,689000000,53000000,27.28,29.14,25.42,0.0639,0.0149,13.25,2.04,29.02,5.58,0.7698,1.5269,0.2422,0.0236,0.63,0.19,None
2004-01-03,137741965,275483930,2,15090000000,None,11400000000,None,3690000000,0,2080000,1460000000,6118000000,2560000000,83000000,83000000,0.62,0.6,0.32,393000000,470000000,-433000000,611000000,843000000,206000000,24.29,28.85,19.73,0.0732,0.0165,13.39,1.87,None,5.42,0.6804,1.6589,0.2444,0.0263,0.63,0.68,None
2003-09-27,136017333,272034666,2,15550000000,None,12010000000,None,3540000000,0,11000000,1425000000,6577000000,2243000000,47000000,47000000,0.35,0.34,0.325,None,None,None,-139000000,232000000,50000000,20.91,22.77,19.04,-0.0522,-0.0114,12.97,1.6,None,5.26,None,1.8637,0.2269,None,0.64,None,None
2003-06-28,135515589,271031178,2,15926000000,None,12356000000,None,3543000000,27000000,11000000,1459000000,6740000000,2599000000,63000000,63000000,0.46,0.46,0.325,233000000,365000000,-700000000,-102000000,371000000,5000000,16.54,19.34,13.73,-0.0459,-0.0099,13.03,1.31,None,5.1,None,1.9083,0.2218,None,0.66,0.84,None
2003-03-29,135095085,270190170,2,16279000000,None,12354000000,None,3413000000,512000000,11000000,1454000000,7064000000,2457000000,66000000,66000000,0.48,0.48,0.325,3000000,-403000000,550000000,150000000,457000000,40000000,18.08,22.73,13.43,-0.0339,-0.0072,12.59,1.44,None,4.94,None,2.0764,0.209,None,0.67,-0.14,None
2002-12-28,135966744,271933488,2,15505000000,None,11587000000,None,3406000000,512000000,2080000,1451000000,6526000000,2862000000,-357000000,-357000000,-2.61,-2.61,0.32,508000000,93000000,-497000000,104000000,307000000,61000000,19.36,22.46,16.25,-0.0353,-0.0078,12.52,1.59,11.19,4.78,None,1.9172,0.2195,None,0.67,1.64,None
2002-09-28,137470000,274940000,2,15802000000,None,11922000000,None,3368000000,512000000,11000000,1440000000,6875000000,2554000000,71000000,71000000,0.51,0.51,0.325,141000000,-326000000,-228000000,-413000000,203000000,48000000,20.05,22.91,17.2,0.1346,0.0307,12.21,1.63,65.74,4.62,0.367,2.048,0.2124,0.0446,0.69,0.34,None
2002-06-29,138121000,276242000,2,15992000000,None,12066000000,None,3414000000,512000000,11000000,1442000000,6708000000,2824000000,105000000,105000000,0.75,0.74,0.325,252000000,-112000000,96000000,236000000,616000000,78000000,24.45,26.59,22.3,0.0239,0.0055,12.32,1.77,65.2,4.45,2.0345,1.9712,0.2128,0.0079,0.69,0.63,None
2002-03-30,139898000,279796000,2,16027000000,None,11634000000,None,3881000000,512000000,11000000,1944000000,6229000000,2418000000,57000000,57000000,0.41,0.4,0.325,-207000000,-256000000,583000000,120000000,380000000,42000000,22.52,25.55,19.49,0.0282,0.0066,13.83,1.6,39.51,4.29,1.6552,1.6096,0.2415,0.0094,0.7,-0.89,None
2001-12-29,140033068,280066136,2,16052000000,None,11605000000,None,3934000000,513000000,2080000,1965000000,5449000000,3183000000,257000000,257000000,1.83,1.81,0.32,874000000,724000000,-1637000000,-39000000,260000000,133000000,18.51,21.2,15.82,0.0422,0.0099,14.04,1.41,None,4.13,1.099,1.3858,0.2449,0.0135,0.73,2.65,None
2001-09-29,141253000,282506000,2,17138000000,None,12895000000,None,3730000000,513000000,11000000,2183000000,6361000000,2810000000,-330000000,-330000000,-2.34,-2.34,0.325,130000000,-186000000,112000000,56000000,299000000,126000000,22.42,28.45,16.4,-0.0783,-0.0182,13.16,1.55,37.37,3.97,None,1.7104,0.217,None,0.75,0.01,None
2001-06-30,141177000,282354000,2,17429000000,None,12833000000,None,4083000000,513000000,11000000,2421000000,6512000000,3288000000,126000000,126000000,0.89,0.88,0.325,234000000,-674000000,470000000,30000000,243000000,150000000,28.21,29.95,26.48,0.0438,0.0106,14.42,1.99,36.4,3.81,1.0222,1.5992,0.2336,0.0138,0.77,0.3,None
2001-03-31,141004000,282008000,2,16792000000,None,12272000000,None,4008000000,512000000,12000000,2449000000,5994000000,3040000000,113000000,113000000,0.8,0.79,0.325,-255000000,-184000000,363000000,-76000000,213000000,123000000,26.3,29.63,22.97,0.0561,0.0138,14.17,1.85,37.04,3.64,0.7918,1.5,0.238,0.018,0.77,-1.34,None
2000-12-30,140723761,281447522,2,16370000000,None,11864000000,None,3994000000,512000000,2080000,2340000000,6136000000,3497000000,-218000000,-218000000,-1.55,-1.55,0.32,642000000,-178000000,-319000000,145000000,289000000,169000000,24.2,27.69,20.72,0.0518,0.0129,14.18,1.61,13.37,3.48,0.8474,1.5371,0.2439,0.0167,0.78,1.68,None
2000-09-30,142247000,284494000,2,16776000000,None,11967000000,None,4297000000,512000000,12000000,2725000000,6127000000,3134000000,158000000,158000000,1.1,1.08,0.325,220000000,261000000,-567000000,-86000000,144000000,112000000,26.32,30.19,22.44,0.1479,0.0377,15.06,1.77,15.08,3.32,0.293,1.4299,0.2554,0.0502,0.75,0.38,None
2000-07-01,143425000,286850000,2,17413000000,None,12627000000,None,4274000000,512000000,12000000,2764000000,6637000000,3222000000,179000000,179000000,1.25,1.23,0.325,229000000,-557000000,424000000,96000000,230000000,127000000,29.88,32.78,26.97,0.1439,0.038,14.86,2,18.05,3.16,0.302,1.5573,0.2448,0.0515,0.74,0.36,None
2000-04-01,144198000,288396000,2,16917000000,None,12083000000,None,4322000000,512000000,12000000,2789000000,6060000000,3237000000,99000000,99000000,0.67,0.66,0.325,-68000000,-448000000,441000000,-75000000,134000000,119000000,31.61,37.47,25.75,0.1392,0.0391,14.94,2.12,4.63,3,0.314,1.406,0.2548,0.052,0.75,-0.65,None
2000-01-01,146644476,293288952,2,16393000000,None,11504000000,None,4377000000,512000000,2080000,2807000000,5630000000,3093000000,201000000,201000000,1.28,0.65,0.32,613000000,-1427000000,613000000,-201000000,209000000,182000000,36.55,38.88,34.22,0.5087,0.1502,14.92,2.46,5.26,2.83,0.0867,1.2869,0.2669,0.2003,0.75,1.47,None
1999-10-02,148741000,297482000,2,15098000000,None,10177000000,None,4438000000,483000000,12000000,2587000000,4698000000,2587000000,146000000,146000000,0.97,0.95,0.325,375000000,-1073000000,850000000,152000000,410000000,128000000,41.25,45.25,37.25,0.542,0.1544,14.88,2.84,5.98,2.67,0.0863,1.0615,0.2932,0.2345,0.66,0.83,None
1999-07-03,150180000,300360000,2,13818000000,None,8958000000,None,4377000000,483000000,12000000,2205000000,3443000000,2783000000,162000000,162000000,1.08,1.05,0.325,129000000,-1001000000,717000000,-155000000,258000000,124000000,43.83,48.5,39.16,0.5827,0.1611,14.53,3.05,6.39,2.51,0.085,0.7888,0.3159,0.2402,0.67,0.02,None
1999-04-03,150782000,301564000,2,13978000000,None,9144000000,None,4351000000,483000000,12000000,2060000000,2597000000,2653000000,1717000000,1717000000,11.26,11,0.325,-1000000,3544000000,-3183000000,360000000,413000000,98000000,37.86,40.72,35,0.6212,0.1448,14.39,3.83,21.21,2.35,0.084,0.5985,0.3104,0.236,0.61,-0.33,None
1999-01-02,151598791,303197582,2,13721000000,None,10241000000,None,2997000000,483000000,2080000,2119000000,3709000000,1293000000,160000000,160000000,1,0.89,0.28,531000000,-1033000000,495000000,-7000000,53000000,173000000,32.83,39.63,26.03,0.1861,0.0369,9.88,3.18,18.29,2.19,0.2976,1.2384,0.2183,0.0653,0.57,1.18,None
1998-10-03,158438000,316876000,2,12634000000,None,8864000000,None,3287000000,483000000,13000000,1847000000,3177000000,2352000000,142000000,142000000,0.87,0.85,0.285,135000000,326000000,-489000000,-28000000,60000000,95000000,33.36,38.25,28.47,0.1799,0.0338,10.33,3.17,18.79,2.05,0.2998,0.9704,0.2591,0.0552,0.61,0.13,None
1998-07-04,163880000,327760000,2,19979000000,None,16034000000,None,3462000000,483000000,13000000,1986000000,11405000000,2953000000,164000000,164000000,1,0.98,0.285,259000000,-489000000,332000000,102000000,132000000,121000000,37.48,40.16,34.81,0.1786,0.031,10.52,3.66,21.92,1.9,0.295,3.3068,0.1726,0.054,0.57,0.42,None
1998-04-04,163612000,327224000,2,19496000000,None,15651000000,None,3362000000,483000000,13000000,1917000000,11107000000,2718000000,142000000,142000000,0.87,0.85,0.285,36000000,-446000000,353000000,-57000000,30000000,86000000,33.84,39.5,28.19,0.1762,0.0305,10.23,3.42,23.06,1.76,0.2952,3.3165,0.1718,0.0537,0.57,-0.15,None
1998-01-03,163142742,326285484,2,18610000000,None,14899000000,None,3228000000,483000000,2080000,1753000000,10496000000,2818000000,150000000,150000000,0.91,None,0.25,607000000,-332000000,-277000000,-2000000,87000000,158000000,30.3,32.84,27.75,0.1729,0.0299,9.89,3.04,21.92,1.62,0.2576,3.2536,0.1733,0.0529,0.57,1.38,None
1997-09-27,164322000,328644000,2,18517000000,None,14745000000,None,3289000000,483000000,13000000,1773000000,10309000000,2508000000,138000000,138000000,0.81,None,0.25,146000000,96000000,-314000000,-72000000,89000000,98000000,32.56,35.38,29.75,0.1667,0.0289,9.97,3.35,37.21,1.49,0.2602,3.1468,0.1769,0.0528,0.55,0.15,None
1997-06-28,164988000,329976000,2,18795000000,None,15092000000,None,3220000000,483000000,14000000,1777000000,10628000000,2667000000,145000000,145000000,0.85,None,0.25,205000000,-87000000,-97000000,21000000,161000000,68000000,29.34,33.84,24.84,0.1147,0.0197,9.72,3.02,36.22,1.37,0.3713,3.315,0.1706,0.0367,0.54,0.42,None
1997-03-29,82505000,330020000,4,18689000000,None,14991000000,None,3215000000,483000000,14000000,1801000000,10563000000,2551000000,125000000,125000000,0.73,None,0.25,105000000,-53000000,41000000,93000000,140000000,88000000,24.66,26.81,22.5,0.1079,0.0187,9.7,2.57,33.9,1.24,0.38,3.2999,0.1713,0.0357,0.52,0.05,None
1996-12-28,83027315,332109260,4,18235000000,None,14569000000,None,3183000000,483000000,2080000,1609000000,10346000000,2428000000,128000000,128000000,1.48,None,0.44,488000000,-710000000,100000000,-122000000,47000000,128000000,22.82,24.44,21.19,0.0795,0.0141,9.58,2.46,32.6,1.18,0.5798,3.2525,0.1744,0.0273,0.52,1.08,None
1996-09-28,82686000,330744000,4,18035000000,None,14465000000,None,3087000000,483000000,14000000,1590000000,10219000000,2248000000,-35000000,-35000000,-0.41,None,0.44,346000000,-128000000,-233000000,-15000000,169000000,87000000,20.11,21.97,18.25,0.0778,0.0131,9.29,2.06,17.41,1.07,0.5702,3.3254,0.1704,0.0265,0.49,0.78,None
1996-06-29,83613000,334452000,4,18354000000,None,14590000000,None,3281000000,483000000,15000000,1599000000,10278000000,2384000000,125000000,125000000,1.44,None,0.44,371000000,-460000000,202000000,113000000,184000000,76000000,22.13,22.25,22,0.125,0.02,9.77,2.32,19.33,0.96,0.3433,3.147,0.1779,0.0422,0.47,0.88,None
1996-03-30,84075000,336300000,4,17383000000,None,13672000000,None,3227000000,484000000,15000000,1483000000,9886000000,2214000000,35000000,35000000,0.4,None,0.44,287000000,-286000000,-29000000,-28000000,71000000,52000000,19.36,21.44,17.28,0.1256,0.0189,9.55,1.96,14.26,0.85,0.3373,3.0778,0.1848,0.0413,0.46,0.7,None
1995-12-30,85978117,343912468,4,23172000000,None,19760000000,None,3412000000,0,15000000,1607000000,10249000000,2659000000,127000000,127000000,1.37,None,0.39,330000000,-322000000,15000000,23000000,99000000,86000000,17.86,19.34,16.38,0.1514,0.0212,9.88,1.89,13.69,0.74,0.2772,3.0171,0.1466,0.048,0.44,0.71,None
1995-09-30,84821000,339284000,4,22712000000,None,19486000000,None,3226000000,0,15000000,1480000000,10205000000,2425000000,122000000,122000000,1.41,None,0.39,486000000,-381000000,-148000000,-42000000,78000000,64000000,16,17.53,14.47,0.1531,0.0211,9.46,1.76,12.7,0.64,0.2782,3.1781,0.1414,0.0479,0.44,1.24,None
1995-07-01,84619000,338476000,4,22330000000,None,19234000000,None,3096000000,0,15000000,1494000000,10249000000,2502000000,121000000,121000000,1.4,None,0.39,272000000,-234000000,28000000,68000000,120000000,72000000,14.63,15.25,14,0.1524,0.0211,9.1,1.68,12.04,0.55,0.28,3.3265,0.138,0.047,0.45,0.59,None
1995-04-01,85087000,340348000,4,21967000000,None,18987000000,None,2980000000,0,16000000,1505000000,10177000000,2387000000,109000000,109000000,1.25,None,0.39,196000000,-563000000,371000000,3000000,52000000,61000000,13.22,14.28,12.16,0.1511,None,8.71,1.57,11.23,0.45,0.2825,3.4335,0.1349,0.0457,0.46,0.4,None
1994-12-31,85212128,340848512,4,20925000000,None,18043000000,None,2882000000,0,16000000,1512000000,9364000000,2377000000,112000000,112000000,1.16,None,0.35,374000000,-560000000,142000000,-38000000,49000000,104000000,12.38,13.13,11.63,0.1494,None,8.41,1.46,None,0.35,0.2834,3.2673,0.137,0.0447,0.47,0.79,None
1994-10-01,88056000,352224000,4,20737000000,None,17742000000,None,2995000000,0,16000000,1437000000,9103000000,2381000000,111000000,111000000,1.23,None,0.35,335000000,-404000000,85000000,16000000,87000000,67000000,13.35,14.13,12.56,None,None,8.46,1.64,None,0.26,None,3.0557,0.1437,None,None,0.76,None
1994-06-02,88732000,354928000,4,20325000000,None,17416000000,None,2909000000,0,16000000,1437000000,8987000000,2517000000,110000000,110000000,1.22,None,0.35,348000000,-366000000,51000000,45000000,71000000,71000000,13.44,14.19,12.69,None,None,8.15,1.67,None,0.17,None,3.1065,0.1423,None,None,0.78,None
1994-04-02,88664000,354656000,4,19968000000,None,17098000000,None,2870000000,0,16000000,1437000000,8901000000,2408000000,100000000,100000000,1.1,None,0.35,206000000,-284000000,89000000,0,26000000,60000000,14.3,15.16,13.44,None,None,8.05,1.82,None,0.09,None,3.1188,0.1429,None,None,0.41,None
1994-01-01,88605596,354422384,4,19658400000,None,16878200000,None,2780200000,0,0,1437400000,8872100000,None,None,None,None,None,0,None,None,None,None,26200000,0,13.84,14.69,13,None,None,7.84,None,None,0,None,3.1912,0.1414,None,None,None,None
