"Quarter end","Shares","Shares split adjusted","Split factor","Assets","Current Assets","Liabilities","Current Liabilities","Shareholders equity","Non-controlling interest","Preferred equity","Goodwill & intangibles","Long-term debt","Revenue","Earnings","Earnings available for common stockholders","EPS basic","EPS diluted","Dividend per share","Cash from operating activities","Cash from investing activities","Cash from financing activities","Cash change during period","Cash at end of period","Capital expenditures","Price","Price high","Price low","ROE","ROA","Book value of equity per share","P/B ratio","P/E ratio","Cumulative dividends per share","Dividend payout ratio","Long-term debt to equity ratio","Equity to assets ratio","Net margin","Asset turnover","Free cash flow per share","Current ratio"
2019-06-30,183301732,183301732,1,36851000000,2726000000,26282000000,3654000000,10396000000,173000000,0,3130000000,13569000000,2888000000,182000000,182000000,0.99,0.99,1.89,615000000,-766000000,152000000,1000000,62000000,542000000,126.96,131.87,122.05,0.1069,0.0306,56.72,2.21,19.96,56.98,0.626,1.3052,0.2821,0.0807,0.38,0.4,0.746
2019-03-31,183212427,183212427,1,36434000000,2840000000,25414000000,3647000000,10545000000,475000000,0,3139000000,12776000000,3514000000,401000000,400000000,2.2,2.19,0.945,752000000,-748000000,-19000000,-15000000,61000000,531000000,116.7,126.07,107.33,0.1134,0.0326,57.56,2.07,18.91,55.09,0.5766,1.2116,0.2894,0.0829,0.39,1.21,0.7787
2018-12-31,181923685,181923685,1,36288000000,3260000000,25571000000,4438000000,10237000000,480000000,0,3142000000,12134000000,3750000000,191000000,191000000,1.04,1.04,0.95,633000000,-1011000000,350000000,-28000000,76000000,741000000,114.11,121,107.22,0.1113,0.0321,56.27,2.03,16.98,54.14,0.5856,1.1853,0.2821,0.0787,0.41,-0.59,0.7346
2018-09-30,181925024,181925024,1,35292000000,3103000000,24602000000,2117000000,10207000000,483000000,0,3157000000,13620000000,3550000000,334000000,333000000,1.84,1.84,0,614000000,-956000000,360000000,18000000,104000000,423000000,108.09,114.31,101.88,0.1231,0.0354,56.11,2,16.92,53.19,0.5285,1.3344,0.2892,0.0884,0.4,1.05,1.4658
2018-06-30,181772574,181772574,1,34330000000,2895000000,24012000000,2499000000,9844000000,474000000,0,3155000000,12705000000,3159000000,234000000,234000000,1.29,1.29,1.77,595000000,-794000000,99000000,-100000000,86000000,455000000,100.25,106.24,94.25,0.1191,0.0341,54.16,1.84,16.46,53.19,0.6866,1.2906,0.2867,0.0856,0.4,0.77,1.1585
2018-03-31,181483163,181483163,1,33841000000,2957000000,23478000000,2541000000,9888000000,475000000,0,3160000000,12185000000,3753000000,361000000,360000000,2.01,2,0.8825,838000000,-586000000,-155000000,97000000,186000000,370000000,104.07,110.49,97.66,0.1155,0.0329,54.48,1.96,16.47,51.42,0.5634,1.2323,0.2922,0.0833,0.39,2.58,1.1637
2017-12-31,179385962,179385962,1,33767000000,3081000000,23777000000,2812000000,9512000000,478000000,0,3160000000,12185000000,3271000000,287000000,287000000,1.59,1.59,0.89,567000000,-760000000,196000000,3000000,66000000,471000000,111.47,116.74,106.21,0.1218,0.0345,53.03,2.13,20.42,50.54,0.5333,1.281,0.2817,0.0898,0.38,0.54,1.0957
2017-09-30,179390286,179390286,1,33071000000,2815000000,23218000000,2598000000,9373000000,480000000,0,3176000000,11795000000,3245000000,270000000,269000000,1.51,1.51,0.825,367000000,-555000000,189000000,1000000,63000000,366000000,108.95,113.71,104.19,0.1065,0.0301,52.25,2.15,18.69,49.65,0.6075,1.2584,0.2834,0.0799,0.38,0.01,1.0835
2017-06-30,179393579,179393579,1,32582000000,2631000000,23011000000,2747000000,9088000000,483000000,0,3181000000,11358000000,2855000000,177000000,177000000,0.99,0.99,0.825,396000000,-608000000,192000000,-20000000,62000000,329000000,106.16,111.35,100.97,0.1148,0.0331,50.66,2.07,18.69,48.83,0.558,1.2498,0.2789,0.0879,0.38,0.37,0.9578
2017-03-31,179387424,179387424,1,32149000000,2567000000,22461000000,1834000000,9194000000,494000000,0,3129000000,11758000000,3236000000,400000000,399000000,2.23,2.23,0.825,787000000,-641000000,-156000000,-10000000,82000000,408000000,99.76,102.96,96.56,0.113,0.0334,51.25,1.99,20.7,48,0.555,1.2789,0.286,0.0903,0.37,2.11,1.3997
2016-12-31,179432999,179432999,1,32041000000,2762000000,22542000000,2437000000,9011000000,488000000,0,3128000000,11269000000,2874000000,131000000,131000000,0.74,0.73,0.83,317000000,-1885000000,1594000000,26000000,92000000,498000000,94.79,99.92,89.66,0.097,0.0292,50.22,1.86,20.92,47.18,0.6326,1.2506,0.2812,0.0817,0.36,-1.01,1.1334
2016-09-30,179434907,179434907,1,29462000000,2595000000,20313000000,1969000000,9130000000,19000000,0,2109000000,9478000000,2928000000,338000000,338000000,1.88,1.88,0.77,495000000,-565000000,104000000,34000000,66000000,359000000,95.53,100.45,90.61,0.0919,0.0283,50.88,1.95,23.19,46.35,0.6501,1.0381,0.3099,0.0798,0.35,0.76,1.3179
2016-06-30,179435004,179435004,1,28769000000,2258000000,19970000000,1883000000,8778000000,21000000,0,2115000000,9343000000,2262000000,152000000,152000000,0.84,0.84,0.73,531000000,-501000000,-33000000,-3000000,32000000,325000000,91.95,99.13,84.77,0.0844,0.0259,48.92,1.86,23.64,45.58,0.7043,1.0644,0.3051,0.0751,0.35,1.15,1.1992
2016-03-31,179435404,179435404,1,28564000000,2362000000,19654000000,2209000000,8887000000,23000000,0,2108000000,8758000000,2566000000,247000000,247000000,1.38,1.37,0.73,741000000,-437000000,-306000000,-2000000,35000000,315000000,84.5,91,78.01,0.0801,0.0245,49.53,1.73,20.86,44.85,0.7373,0.9855,0.3111,0.0707,0.35,2.37,1.0693
2015-12-31,179476008,179476008,1,28737000000,2575000000,19942000000,2528000000,8772000000,23000000,0,2112000000,8835000000,2487000000,80000000,80000000,0.45,0.44,0.73,443000000,-632000000,159000000,-30000000,37000000,500000000,81.35,85.36,77.35,0.0836,0.0256,48.88,1.66,15.38,44.12,0.701,1.0072,0.3053,0.0703,0.36,-0.32,1.0186
2015-09-30,179475625,179475625,1,28654000000,2700000000,19821000000,2273000000,8812000000,21000000,0,2118000000,8856000000,2598000000,265000000,265000000,1.47,1.47,0.73,288000000,-536000000,85000000,-163000000,67000000,380000000,79.83,85.12,74.53,0.1102,0.0335,49.1,1.68,16.99,43.39,0.5276,1.005,0.3075,0.0866,0.39,-0.51,1.1879
2015-06-30,179475813,179475813,1,28350000000,2691000000,19793000000,2232000000,8539000000,18000000,0,2119000000,8835000000,2268000000,109000000,109000000,0.61,0.61,0.69,433000000,-480000000,178000000,131000000,230000000,351000000,78.75,84.27,73.23,0.0993,0.0302,47.58,1.63,16.44,42.66,0.5857,1.0347,0.3012,0.0766,0.39,0.46,1.2056
2015-03-31,179330405,179330405,1,28068000000,2788000000,19390000000,1839000000,8665000000,13000000,0,2128000000,8838000000,2984000000,273000000,273000000,1.53,1.53,0.69,747000000,-556000000,-140000000,51000000,99000000,298000000,84.56,92.27,76.84,0.1027,0.0314,48.32,1.8,16.58,41.97,0.5671,1.02,0.3087,0.075,0.42,2.5,1.516
2014-12-31,177229483,177229483,1,27974000000,3087000000,19632000000,2577000000,8327000000,15000000,0,2129000000,8343000000,3078000000,299000000,299000000,1.69,1.68,0.68,541000000,-603000000,50000000,-12000000,48000000,536000000,83.27,90.77,75.76,0.111,0.0339,46.98,1.8,20.26,41.28,0.5263,1.0019,0.2977,0.0736,0.46,0.03,1.1979
2014-09-30,176991277,176991277,1,26376000000,2755000000,18190000000,2805000000,8169000000,17000000,0,2138000000,7909000000,2595000000,156000000,156000000,0.88,0.88,0.69,222000000,-390000000,153000000,-15000000,60000000,453000000,75.25,78.89,71.6,0.0906,0.0279,46.15,1.66,17.26,40.6,0.645,0.9682,0.3097,0.0621,0.45,-1.31,0.9822
2014-06-30,176993343,176993343,1,26189000000,2721000000,18163000000,2819000000,8008000000,18000000,0,2143000000,7813000000,2698000000,124000000,124000000,0.7,0.7,0.66,544000000,-625000000,58000000,-23000000,75000000,555000000,76.11,79.45,72.76,0.0967,0.0295,45.24,1.66,17.87,39.91,0.6029,0.9756,0.3058,0.0669,0.44,-0.06,0.9652
2014-03-31,177016824,177016824,1,26161000000,2973000000,18024000000,3569000000,8117000000,20000000,0,2149000000,6923000000,3930000000,326000000,326000000,1.84,1.84,0.66,532000000,-442000000,-44000000,46000000,98000000,494000000,69.72,74.61,64.84,0.0957,0.0289,45.85,1.56,18.54,39.25,0.6163,0.8529,0.3103,0.068,0.42,0.21,0.833
2013-12-31,177086236,177086236,1,25935000000,2806000000,17981000000,3189000000,7921000000,33000000,0,2152000000,7214000000,2533000000,124000000,124000000,0.69,0.69,0.65,439000000,-569000000,111000000,-19000000,52000000,489000000,67.55,70.64,64.45,0.0854,0.0254,44.73,1.52,19.03,38.59,0.6885,0.9107,0.3054,0.0684,0.37,-0.28,0.8799
2013-09-30,176797248,176797248,1,26231000000,2549000000,18321000000,3008000000,7876000000,34000000,0,2154000000,6846000000,2387000000,198000000,198000000,1.13,1.13,0.66,448000000,-426000000,3000000,25000000,71000000,461000000,68.24,71.77,64.71,0.0813,0.0237,44.55,1.58,18.29,37.94,0.7233,0.8692,0.3003,0.0655,0.36,-0.07,0.8474
2013-06-30,174960000,174960000,1,25944000000,2496000000,18357000000,2962000000,7552000000,35000000,0,2156000000,6806000000,2225000000,105000000,105000000,0.6,0.6,0.66,670000000,-579000000,-263000000,-172000000,46000000,512000000,68.35,73.32,63.38,0.0865,0.0249,43.16,1.57,17.13,37.28,0.6754,0.9012,0.2911,0.0699,0.36,0.9,0.8427
2013-03-31,173950853,173950853,1,25949000000,2769000000,18317000000,2476000000,7596000000,36000000,0,2153000000,7218000000,2516000000,234000000,234000000,1.35,1.34,0.62,597000000,-332000000,-112000000,153000000,218000000,378000000,64.35,68.38,60.33,0.0933,0.0264,43.67,1.51,18.08,36.62,0.6146,0.9502,0.2927,0.076,0.35,1.26,1.1183
2012-12-31,172545941,172545941,1,26339000000,2915000000,18928000000,2768000000,7373000000,38000000,0,2153000000,7014000000,2311000000,81000000,81000000,0.47,0.48,0.62,480000000,-585000000,111000000,6000000,65000000,325000000,60.34,62.49,58.2,0.0841,0.0234,42.73,1.41,15.24,36,0.6809,0.9513,0.2799,0.0694,0.34,0.9,1.0531
2012-09-30,172073378,172073378,1,25909000000,2730000000,18478000000,2309000000,7389000000,42000000,0,2087000000,7120000000,2206000000,227000000,227000000,1.32,1.31,0.62,568000000,-352000000,-342000000,-126000000,59000000,378000000,60.3,62.54,58.06,0.0948,0.0262,42.94,1.45,16.21,35.38,0.5989,0.9636,0.2852,0.0785,0.33,1.1,1.1823
2012-06-30,171754812,171754812,1,26075000000,3050000000,18891000000,2635000000,7142000000,42000000,0,2087000000,7212000000,2025000000,146000000,146000000,0.86,0.86,0.59,541000000,-489000000,76000000,128000000,185000000,443000000,56.98,60.25,53.7,0.09,0.0247,41.58,1.36,14.07,34.76,0.6296,1.0098,0.2739,0.0729,0.34,0.57,1.1575
2012-03-31,170112217,170112217,1,25846000000,2951000000,18699000000,2530000000,7104000000,43000000,0,2090000000,7093000000,2249000000,156000000,156000000,0.91,0.91,0.59,620000000,-343000000,-288000000,-11000000,57000000,381000000,54.49,56.52,52.46,0.0992,0.0273,41.76,1.32,13.04,34.17,0.5765,0.9985,0.2749,0.0793,0.34,1.4,1.1664
2011-12-31,169403378,169403378,1,26009000000,3196000000,18956000000,2628000000,7009000000,44000000,0,2093000000,7187000000,2173000000,150000000,150000000,0.88,0.88,0.58,522000000,-508000000,8000000,22000000,68000000,450000000,51.16,55.28,47.03,0.1032,0.0285,41.37,1.24,12.18,33.58,0.5525,1.0254,0.2695,0.0799,0.36,0.43,1.2161
2011-09-30,169250934,169250934,1,24780000000,2911000000,17771000000,2100000000,6970000000,39000000,0,2094000000,7497000000,2265000000,183000000,183000000,1.08,1.07,0.59,327000000,-285000000,-57000000,-15000000,46000000,306000000,47.61,52,43.22,0.1046,0.0289,41.18,1.19,11.64,33,0.5463,1.0756,0.2813,0.0801,0.36,0.12,1.3862
2011-06-30,169328889,169328889,1,24579000000,2771000000,17755000000,2246000000,6785000000,39000000,0,2091000000,7507000000,2028000000,202000000,202000000,1.19,1.19,0.59,437000000,-523000000,-50000000,-136000000,61000000,444000000,50.42,52.78,48.06,0.1029,0.0282,40.07,1.26,14.79,32.41,0.5546,1.1064,0.276,0.079,0.36,-0.04,1.2337
2011-03-31,169346329,169346329,1,24489000000,2800000000,17652000000,2555000000,6793000000,44000000,0,2089000000,7015000000,2431000000,176000000,176000000,1.04,1.04,0.56,722000000,-244000000,-346000000,132000000,197000000,266000000,47.27,49.36,45.17,0.0864,0.0236,40.11,1.19,12.61,31.82,0.648,1.0327,0.2774,0.0676,0.35,2.69,1.0959
2010-12-31,169443420,169443420,1,24896000000,3167000000,18129000000,2749000000,6722000000,45000000,0,2087000000,7089000000,2173000000,152000000,152000000,0.9,0.9,0.56,316000000,-392000000,57000000,-19000000,65000000,253000000,45.97,47.66,44.27,0.0952,0.0259,39.67,1.17,13.02,31.26,0.5846,1.0546,0.27,0.0736,0.35,0.37,1.1521
2010-09-30,169117259,169117259,1,24266000000,2741000000,17577000000,2513000000,6646000000,43000000,0,2087000000,7074000000,2139000000,163000000,163000000,0.97,0.96,0.56,358000000,-342000000,-56000000,-40000000,84000000,331000000,47,49.06,44.93,0.0907,0.0244,39.3,1.21,13.31,30.7,0.6122,1.0644,0.2739,0.0695,0.35,0.16,1.0907
2010-06-30,168791973,168791973,1,24033000000,1252000000,17433000000,2931000000,6557000000,43000000,0,2082000000,6633000000,1792000000,86000000,86000000,0.51,0.51,0.53,334000000,-321000000,-82000000,-69000000,124000000,282000000,46.02,49.05,43,0.0913,0.0243,38.85,1.18,13.04,30.14,0.605,1.0116,0.2728,0.0703,0.35,0.31,0.4272
2010-03-31,168409616,168409616,1,24203000000,2733000000,17608000000,2482000000,6551000000,44000000,0,2078000000,7295000000,2453000000,229000000,229000000,1.38,1.38,0.53,817000000,-171000000,-505000000,141000000,193000000,226000000,43.59,45.93,41.25,0.0924,0.0242,38.9,1.15,13.45,29.61,0.6042,1.1136,0.2707,0.0709,0.34,3.51,1.1011
2009-12-31,165633622,165633622,1,24195000000,2877000000,17879000000,2645000000,6278000000,38000000,0,2078000000,7370000000,2110000000,112000000,112000000,0.68,0.68,0.53,145000000,-269000000,93000000,-31000000,52000000,168000000,39.36,44.96,33.75,0.0858,0.0221,37.9,1.04,11.68,29.08,0.6564,1.1739,0.2595,0.0664,0.33,-0.14,1.0877
2009-09-30,164928049,164928049,1,23959000000,2654000000,17687000000,1976000000,6236000000,36000000,0,2094000000,7874000000,1961000000,158000000,158000000,0.96,0.96,0.53,373000000,-185000000,-147000000,41000000,83000000,163000000,33.52,36.46,30.59,0.0895,0.0227,37.81,0.9,9.6,28.55,0.6338,1.2627,0.2603,0.068,0.33,1.27,1.3431
2009-06-30,164472648,164472648,1,23895000000,1326000000,17716000000,2076000000,6141000000,38000000,0,2095000000,7943000000,1688000000,83000000,83000000,0.51,0.51,0.53,462000000,-354000000,-154000000,-46000000,42000000,295000000,29.88,32.43,27.32,0.0936,0.0236,37.34,0.8,9.49,28.02,0.6108,1.2934,0.257,0.0672,0.35,1.02,0.6387
2009-03-31,163876686,163876686,1,24188000000,1257000000,17995000000,2833000000,6152000000,41000000,0,2096000000,7206000000,2255000000,179000000,179000000,1.09,1.09,0.53,839000000,-256000000,-581000000,2000000,88000000,326000000,30.21,37.11,23.32,0.0853,0.0213,37.54,0.82,8.99,27.49,0.6749,1.1713,0.2543,0.0569,0.37,3.13,0.4437
2008-12-31,163256618,163256618,1,24590000000,1280000000,18552000000,3013000000,5995000000,43000000,0,2107000000,7452000000,2170000000,129000000,129000000,0.8,0.81,0.53,541000000,-475000000,-203000000,-137000000,86000000,630000000,34.37,40.92,27.82,0.0915,0.0229,36.72,0.93,8.36,26.96,0.6334,1.243,0.2438,0.0585,0.39,-0.55,0.4248
2008-09-30,163025446,163025446,1,23688000000,1294000000,17647000000,3593000000,5996000000,45000000,0,2123000000,7155000000,2338000000,177000000,177000000,1.09,1.08,0.53,-517000000,-596000000,891000000,-222000000,223000000,89000000,41.88,44.97,38.78,0.1133,0.0284,36.78,1.16,9.92,26.43,0.5146,1.1933,0.2531,0.0785,0.36,-3.72,0.3601
2008-06-30,163095193,163095193,1,23906000000,1353000000,17944000000,3834000000,5901000000,61000000,0,2124000000,6997000000,2251000000,28000000,28000000,0.17,0.17,0.53,643000000,-471000000,182000000,368000000,445000000,575000000,41.89,44.82,38.95,0.1182,0.0292,36.18,1.15,6.7,25.9,0.5003,1.1857,0.2468,0.0801,0.37,0.42,0.3529
2008-03-31,163148592,163148592,1,23148000000,1234000000,17142000000,3902000000,5965000000,41000000,0,2067000000,6356000000,2570000000,212000000,212000000,1.31,1.3,0.53,892000000,19000000,-954000000,-46000000,77000000,79000000,41.61,45.34,37.87,0.1793,0.0443,36.56,1.16,7.29,25.37,0.3338,1.0655,0.2577,0.1257,0.35,4.98,0.3162
2007-12-31,163229692,163229692,1,23754000000,1270000000,17853000000,4231000000,5853000000,48000000,0,2062000000,6682000000,1405000000,255000000,255000000,1.57,1.56,0.53,333000000,-262000000,-100000000,-33000000,123000000,243000000,47.58,51.19,43.96,0.167,0.0409,35.86,1.37,9.63,24.84,0.3677,1.1416,0.2464,0.1142,0.36,0.55,0.3002
2007-09-30,163713691,163713691,1,23826000000,1279000000,18091000000,3965000000,5697000000,38000000,0,2070000000,6672000000,2417000000,197000000,197000000,1.2,1.19,0.53,None,None,None,-837000000,156000000,335000000,48.5,51.74,45.26,0.1476,0.0361,34.8,1.41,10.08,24.31,0.4247,1.1711,0.2391,0.0913,0.4,None,0.3226
2007-06-30,170649715,170649715,1,23958000000,1314000000,18022000000,4152000000,5889000000,47000000,0,2115000000,7015000000,1954000000,385000000,385000000,2.21,2.2,0.53,366000000,1035000000,-552000000,849000000,993000000,246000000,50.98,54.74,47.22,0.145,0.0363,34.51,1.54,21.07,23.78,0.435,1.1912,0.2458,0.0925,0.39,0.7,0.3165
2007-03-31,176064812,176064812,1,23436000000,1262000000,17576000000,3987000000,5816000000,44000000,0,2146000000,7089000000,2730000000,134000000,134000000,0.76,0.76,0.53,632000000,-224000000,-411000000,-3000000,144000000,375000000,47.28,49.42,45.14,0.0742,0.0188,33.03,1.43,19.54,23.25,0.8594,1.2189,0.2482,0.0473,0.4,1.46,0.3165
2006-12-31,177123754,177123754,1,23785000000,1245000000,17894000000,4164000000,5849000000,42000000,0,2129000000,7185000000,2296000000,142000000,142000000,0.8,0.79,0.53,273000000,-354000000,163000000,82000000,147000000,359000000,45.3,49.24,41.37,0.0744,0.0191,33.02,1.37,11.98,22.72,0.8513,1.2284,0.2459,0.048,0.4,-0.49,0.299
2006-09-30,177964872,177964872,1,22316000000,1210000000,16411000000,3833000000,5864000000,41000000,0,2159000000,6993000000,2196000000,188000000,188000000,1.06,1.06,0.515,269000000,-237000000,-43000000,-11000000,65000000,326000000,41.95,43.63,40.26,0.116,0.0298,32.95,1.3,15.31,22.19,0.5456,1.1925,0.2628,0.0714,0.42,-0.32,0.3157
2006-06-30,177761367,177761367,1,22220000000,1216000000,16462000000,3654000000,5715000000,43000000,0,2057000000,7051000000,1895000000,-33000000,-33000000,-0.19,-0.19,0.515,301000000,-343000000,43000000,1000000,76000000,383000000,40.34,41.91,38.77,0.0859,0.0213,32.15,1.22,13.01,21.67,0.7508,1.2338,0.2572,0.0526,0.41,-0.46,0.3328
2006-03-31,177769890,177769890,1,22377000000,1221000000,16502000000,4183000000,5858000000,17000000,0,2057000000,6540000000,2635000000,136000000,136000000,0.77,0.76,0.515,613000000,-260000000,-366000000,-13000000,75000000,335000000,42.11,44.23,40,0.0979,0.0242,32.95,1.3,13.85,21.16,0.663,1.1164,0.2618,0.059,0.41,1.56,0.2919
2005-12-31,177812509,177812509,1,23335000000,1176000000,17474000000,4920000000,5769000000,92000000,0,2057000000,6616000000,2702000000,382000000,382000000,2.17,2.15,0.52,408000000,-321000000,-90000000,-3000000,88000000,356000000,44.02,46.65,41.39,0.0969,0.0238,32.44,1.44,28.22,20.64,0.6768,1.1468,0.2472,0.0595,0.4,0.29,0.239
2005-09-30,177825796,177825796,1,23714000000,1199000000,18189000000,5776000000,5431000000,94000000,0,2049000000,6333000000,2060000000,4000000,4000000,0.02,0.02,0.515,-86000000,-177000000,268000000,5000000,91000000,279000000,46.16,48.22,44.11,0.0496,0.0123,30.54,1.48,22.19,20.12,1.3293,1.1661,0.229,0.033,0.37,-2.05,0.2076
2005-06-30,174159338,174159338,1,21822000000,1176000000,16258000000,3998000000,5444000000,120000000,0,2064000000,6528000000,1945000000,29000000,29000000,0.17,0.17,0.515,266000000,-192000000,-48000000,26000000,86000000,232000000,46.36,48.31,44.4,0.0656,0.0168,31.26,1.46,21.97,19.61,0.996,1.1991,0.2495,0.0464,0.36,0.2,0.2941
2005-03-31,174175040,174175040,1,21543000000,1150000000,15886000000,3203000000,5529000000,128000000,0,2067000000,7079000000,2315000000,122000000,122000000,0.7,0.7,0.515,413000000,-112000000,-297000000,4000000,60000000,198000000,44.7,46.99,42.4,0.0666,0.0173,31.74,1.4,17.88,19.09,0.9791,1.2803,0.2566,0.05,0.35,1.23,0.359
2004-12-31,174209034,174209034,1,21297000000,1148000000,15617000000,3009000000,5548000000,132000000,0,2067000000,7139000000,1926000000,117000000,117000000,0.67,0.67,0.52,405000000,-247000000,-176000000,-18000000,56000000,297000000,43.47,45.49,41.44,0.0781,0.0204,31.85,1.38,13.63,18.58,0.8329,1.2868,0.2605,0.0606,0.34,0.62,0.3815
2004-09-30,173958093,173958093,1,21194000000,1122000000,15599000000,2973000000,5480000000,115000000,0,2064000000,7159000000,1594000000,93000000,93000000,0.54,0.54,0.515,71000000,-121000000,49000000,-1000000,74000000,211000000,40.76,42.21,39.31,0.0995,0.0259,31.5,1.29,11.05,18.06,0.656,1.3064,0.2586,0.0789,0.33,-0.8,0.3774
2004-06-30,173728563,173728563,1,21011000000,1118000000,15377000000,2767000000,5489000000,145000000,0,2063000000,7189000000,1501000000,35000000,35000000,0.2,0.2,0.515,239000000,-219000000,-9000000,11000000,75000000,217000000,39.73,41.58,37.88,0.1169,0.0303,31.6,1.24,12.19,17.54,0.5643,1.3097,0.2612,0.0902,0.34,0.13,0.404
2004-03-31,173443352,173443352,1,20874000000,1112000000,15152000000,3074000000,5563000000,159000000,0,2064000000,6951000000,2093000000,186000000,186000000,1.1,1.09,0.515,280000000,-94000000,-176000000,10000000,64000000,179000000,40.11,42.29,37.92,0.1059,0.0271,32.07,1.28,12.98,17.03,0.6349,1.2495,0.2665,0.0784,0.35,0.58,0.3617
2003-12-31,168849506,168849506,1,20753000000,1119000000,15310000000,2879000000,5287000000,156000000,0,2067000000,7195000000,1692000000,229000000,229000000,1.37,1.36,0.52,708000000,-209000000,-535000000,-36000000,54000000,189000000,37.44,39.76,35.12,0.1023,0.0258,31.31,1.24,12.78,16.51,0.6672,1.3609,0.2548,0.074,0.35,3.07,0.3887
2003-09-30,168301400,168301400,1,19936000000,952000000,14862000000,3027000000,5074000000,0,0,2084000000,7234000000,1654000000,176000000,176000000,1.05,1.04,0.515,-57000000,-85000000,129000000,-13000000,90000000,162000000,36.49,38.98,34,0.1008,0.025,30.15,1.24,12.8,15.99,0.701,1.4257,0.2545,0.0816,0.31,-1.3,0.3145
2003-06-30,168247689,168247689,1,20022000000,950000000,15087000000,3030000000,4935000000,0,0,2086000000,7289000000,1600000000,-39000000,-39000000,-0.23,-0.23,0.515,165000000,-239000000,41000000,-33000000,103000000,189000000,41.73,44.95,38.52,0.0982,0.0245,29.33,1.38,11.92,15.48,0.722,1.477,0.2465,0.0792,0.31,-0.14,0.3135
2003-03-31,167974053,167974053,1,20029000000,911000000,14957000000,3072000000,5072000000,0,0,2075000000,7260000000,2095000000,155000000,155000000,0.92,0.92,0.515,134000000,543000000,-674000000,3000000,136000000,211000000,44,49.5,38.51,0.1204,0.0301,30.2,1.62,11.52,14.96,0.5897,1.4314,0.2532,0.0911,0.33,-0.46,0.2965
2002-12-31,167662916,167662916,1,19238000000,904000000,14673000000,3213000000,4565000000,0,0,2119000000,7323000000,719000000,203000000,203000000,1.21,1.2,0.52,458000000,-459000000,22000000,21000000,133000000,334000000,42.55,46.9,38.2,0.1323,0.0326,27.23,1.43,10.74,14.45,0.5422,1.6042,0.2373,0.0936,0.35,0.74,0.2814
2002-09-30,167461430,167461430,1,19233000000,902000000,14248000000,3008000000,4985000000,0,0,2078000000,7374000000,1649000000,161000000,161000000,0.96,0.96,0.515,144000000,-125000000,11000000,30000000,112000000,195000000,38.8,44.56,33.05,0.1353,0.0334,29.77,1.33,11.48,13.93,0.5244,1.4792,0.2592,0.0792,0.42,-0.3,0.2999
2002-06-30,167466850,167466850,1,19504000000,958000000,14624000000,3102000000,4880000000,0,0,2084000000,7419000000,1981000000,68000000,68000000,0.42,0.42,0.515,364000000,-335000000,-20000000,9000000,82000000,225000000,45.17,47.7,42.65,0.1177,0.0285,29.14,1.56,19.14,13.41,0.6135,1.5203,0.2502,0.0639,0.45,0.83,0.3088
2002-03-31,161151181,161151181,1,19490000000,1027000000,14813000000,3505000000,4677000000,0,0,2028000000,7330000000,2400000000,200000000,200000000,1.25,1.24,0.515,8000000,-196000000,-7000000,-195000000,73000000,230000000,42.7,45.75,39.65,0.0857,0.0205,29.02,1.5,20.43,12.9,0.8512,1.5672,0.24,0.0469,0.44,-1.38,0.293
2001-12-31,161133959,161133959,1,19228000000,1032000000,14639000000,3178000000,4589000000,0,0,2003000000,7654000000,2136000000,218000000,218000000,1.35,1.34,0.52,453000000,-360000000,70000000,163000000,268000000,194000000,42.45,45,39.9,0.0756,0.0186,28.48,1.53,24.68,12.38,0.9709,1.6679,0.2387,0.0423,0.44,1.61,0.3247
2001-09-30,162652459,162652459,1,18775000000,1019000000,14258000000,3227000000,4517000000,0,0,1926000000,7104000000,2081000000,63000000,63000000,0.38,0.38,0.515,-7000000,-215000000,-15000000,-237000000,105000000,339000000,44.17,47.04,41.3,0.0596,0.0156,27.77,1.58,21.34,11.86,1.236,1.5727,0.2406,0.0354,0.44,-2.13,0.3158
2001-06-30,164720403,164720403,1,19520000000,1169000000,14903000000,3385000000,4617000000,0,0,1801000000,7250000000,1790000000,-87000000,-87000000,-0.6,-0.6,0.515,128000000,-1539000000,766000000,-645000000,342000000,391000000,43.46,47.13,39.79,0.0716,0.0201,28.03,1.54,12.67,11.35,1.0286,1.5703,0.2365,0.0444,0.45,-1.6,0.3453
2001-03-31,135803708,135803708,1,13882000000,2553000000,10037000000,1775000000,3845000000,0,0,0,5316000000,1842000000,138000000,138000000,0.98,0.97,0.515,237000000,-172000000,858000000,923000000,987000000,172000000,36.67,40.2,33.13,0.1244,0.038,28.31,1.3,11.21,10.83,0.5952,1.3826,0.277,0.0782,0.49,0.48,1.4383
2000-12-31,142649172,142649172,1,12662000000,667000000,8647000000,2719000000,4015000000,0,0,0,3917000000,1440000000,139000000,139000000,0.97,0.97,0.52,364000000,-203000000,-143000000,18000000,64000000,203000000,37.13,39.31,34.94,0.1188,0.0375,28.15,1.34,12.5,10.32,0.6294,0.9756,0.3171,0.0836,0.45,1.13,0.2453
2000-09-30,142651172,142651172,1,12346000000,660000000,8397000000,1777000000,3949000000,0,0,0,3936000000,1547000000,104000000,104000000,0.73,0.73,0.515,316000000,-150000000,-160000000,6000000,46000000,150000000,35.34,40.25,30.44,0.1088,0.0344,27.68,1.29,10.55,9.8,0.691,0.9967,0.3199,0.0808,0.43,1.16,0.3714
2000-06-30,142658064,142658064,1,12517000000,655000000,8600000000,1875000000,3917000000,0,0,0,3992000000,1428000000,108000000,108000000,0.76,0.76,0.515,224000000,-220000000,11000000,15000000,40000000,220000000,32.41,35.94,28.88,0.1241,0.039,27.46,1.19,9.67,9.28,0.612,1.0191,0.3129,0.0935,0.42,0.03,0.3493
2000-03-31,142660170,142660170,1,12369000000,656000000,8488000000,1530000000,3881000000,0,0,0,4120000000,1182000000,117000000,117000000,0.81,0.81,0.515,184000000,-176000000,-16000000,-8000000,25000000,176000000,34.84,41.25,28.44,0.1258,0.0394,27.2,1.29,10.46,8.77,0.6123,1.0616,0.3138,0.0993,0.4,0.06,0.4288
1999-12-31,145036824,145036824,1,12316000000,635000000,8407000000,1604000000,3909000000,0,0,0,3938000000,1114000000,97000000,97000000,0.67,0.67,0.51,360000000,-238000000,-143000000,-21000000,33000000,209000000,34.19,37.31,31.06,0.1236,0.0395,26.95,1.29,10.09,8.25,0.6318,1.0074,0.3174,0.0998,0.39,1.04,0.3959
1999-09-30,145045159,145045159,1,12316000000,566000000,8458000000,1691000000,3858000000,0,0,0,3985000000,1440000000,161000000,161000000,1.11,1.11,0.515,286000000,-114000000,-153000000,19000000,54000000,174000000,38.53,41.88,35.19,0.1277,0.0405,26.6,1.48,12.08,7.74,0.623,1.0329,0.3133,0.104,0.38,0.77,0.3347
1999-06-30,145045159,145045159,1,12181000000,581000000,8410000000,1615000000,3771000000,0,0,0,3963000000,1150000000,110000000,110000000,0.76,0.76,0.516,295000000,-234000000,-67000000,-6000000,35000000,194000000,41.47,44.69,38.25,0.1211,0.0385,26,1.61,13.29,7.23,0.663,1.0509,0.3096,0.1031,0.36,0.7,0.3598
1999-03-31,145045159,145045159,1,12053000000,574000000,8317000000,1524000000,3736000000,0,0,0,3984000000,1024000000,115000000,104000000,0.79,0.79,0.515,156000000,-182000000,-63000000,-89000000,41000000,162000000,40.84,43.75,37.94,0.1196,0.0382,25.76,1.6,13.39,6.71,0.6762,1.0664,0.31,0.103,0.36,-0.04,0.3766
1998-12-31,145060367,145060367,1,12088000000,570000000,8390000000,1392000000,3698000000,0,0,0,4197000000,1013000000,106000000,106000000,0.73,0.73,0.52,126000000,-166000000,43000000,3000000,130000000,-77000000,45.34,49.25,41.44,0.1196,0.0378,25.49,1.77,14.12,6.2,0.6762,1.1349,0.3059,0.105,0.36,1.4,0.4095
1998-09-30,145075152,145075152,1,11812000000,524000000,8093000000,1482000000,3719000000,0,0,0,3998000000,1199000000,132000000,132000000,0.91,0.91,0.515,282000000,-378000000,183000000,87000000,181000000,391000000,42.25,45.31,39.19,0.1258,0.0405,25.63,1.67,13.16,5.67,0.6427,1.075,0.3148,0.1115,0.36,-0.75,0.3536
1998-06-30,145075152,145075152,1,11595000000,547000000,7934000000,1460000000,3661000000,0,0,0,3835000000,1064000000,101000000,101000000,0.69,0.69,0.515,221000000,-145000000,-105000000,-29000000,94000000,116000000,39.84,42,37.69,0.1276,0.041,25.24,1.55,12.81,5.16,0.6428,1.0475,0.3157,0.1162,0.35,0.72,0.3747
1998-03-31,145075152,145075152,1,11442000000,532000000,7707000000,1249000000,3735000000,0,0,0,3757000000,945000000,104000000,104000000,0.72,0.72,0.515,239000000,-348000000,133000000,24000000,123000000,125000000,36.56,39.63,33.5,0.125,0.0399,25.75,1.43,12.69,4.65,0.6658,1.0059,0.3264,0.1172,0.34,0.79,0.4259
1997-12-31,145097829,145097829,1,11223000000,296000000,7517000000,1017000000,3706000000,0,0,0,3777000000,973399000,129173000,129173000,0.89,None,0.52,327203000,-164343000,-156623000,6237000,99000000,-79551000,31.41,34.75,28.06,0.1183,0.0373,25.54,1.3,12.46,4.13,0.7185,1.0192,0.3302,0.1108,0.34,2.8,0.2911
1997-09-30,145097829,145097829,1,11187557000,928924000,7680734000,866340000,3506823000,0,0,0,4086203000,1029659000,131937000,131937000,0.91,None,0.515,311947000,-113539000,-186517000,11891000,92797000,108495000,30.19,32.88,27.5,0.1056,0.0328,24.17,1.27,15.72,3.61,0.8198,1.1652,0.3135,0.0994,0.33,1.4,1.0722
1997-06-30,145097829,145097829,1,11256356000,922604000,7806744000,937899000,3449612000,0,0,0,4112535000,892338000,84890000,84890000,0.59,None,0.515,131994000,-361916000,243560000,13638000,80906000,335714000,27.25,28.38,26.13,0.0809,0.0251,23.77,1.15,14.57,3.1,1.0759,1.1922,0.3065,0.0768,0.33,-1.4,0.9837
1997-03-31,145101736,145101736,1,11053095000,909473000,7613542000,933367000,3439553000,0,0,0,3886242000,868604000,71000000,71000000,0.49,None,0.515,234856000,-101202000,-119420000,14234000,67268000,91342000,29.57,32.88,26.25,0.0788,None,23.7,1.25,13.88,2.58,1.1023,1.1299,0.3112,0.0754,0.33,0.99,0.9744
1996-12-31,145103729,145103729,1,11014929000,11014929000,7571075000,901982000,3443854000,0,0,0,3895076000,887166000,77670000,77670000,0.53,None,0.52,296820000,-162037000,-161686000,-26903000,53034000,132581000,30.51,33.13,27.88,0.0895,None,23.73,1.29,None,2.06,0.9689,1.131,0.3127,0.0848,0.33,1.13,12.2119
1996-09-30,145119875,145119875,1,11099006000,881351000,7658085000,973620000,3440921000,0,0,0,3895124000,977334000,44933000,44933000,0.31,None,0.515,337869000,-158646000,-141356000,37867000,79937000,145951000,29.31,31,27.63,None,None,23.71,1.23,None,1.54,None,1.132,0.31,None,None,1.32,0.9052
1996-06-30,145119875,145119875,1,11093312000,859183000,7622586000,1064508000,3470726000,0,0,0,3868610000,871321000,78253000,78253000,0.54,None,0.515,188138000,-162115000,-49130000,-23107000,42070000,136221000,31.13,34.25,28,None,None,23.92,1.3,None,1.03,None,1.1146,0.3129,None,None,0.36,0.8071
1996-03-31,145119875,145119875,1,11146236000,887793000,7679026000,936746000,3467210000,0,0,0,4048024000,909579000,108440000,108440000,0.75,None,0.515,255809000,-134045000,-121535000,229000,65177000,115759000,35.19,37.25,33.13,None,None,23.89,1.49,None,0.52,None,1.1675,0.3111,None,None,0.97,0.9477
1995-12-31,145119875,145119875,1,11130591000,11130591000,7694283000,922197000,3436308000,0,0,0,3884456000,None,None,None,None,None,0,None,None,None,None,64948000,0,33.51,34.88,32.13,None,None,23.68,None,None,0,None,1.1304,0.3087,None,None,None,12.0696
