"Quarter end","Shares","Shares split adjusted","Split factor","Assets","Current Assets","Liabilities","Current Liabilities","Shareholders equity","Non-controlling interest","Preferred equity","Goodwill & intangibles","Long-term debt","Revenue","Earnings","Earnings available for common stockholders","EPS basic","EPS diluted","Dividend per share","Cash from operating activities","Cash from investing activities","Cash from financing activities","Cash change during period","Cash at end of period","Capital expenditures","Price","Price high","Price low","ROE","ROA","Book value of equity per share","P/B ratio","P/E ratio","Cumulative dividends per share","Dividend payout ratio","Long-term debt to equity ratio","Equity to assets ratio","Net margin","Asset turnover","Free cash flow per share","Current ratio"
2019-03-31,728046950,728046950,1,151136000000,9168000000,106091000000,12282000000,45030000000,15000000,974000000,19303000000,53681000000,1744000000,900000000,900000000,1.24,1.24,0.9275,1239000000,-2713000000,1433000000,-41000000,550000000,2536000000,87.06,91.67,82.46,0.068,0.0203,60.51,1.44,23.15,80.75,0.8984,1.2185,0.2915,0.1202,0.17,-1.78,0.7465
2018-12-31,727010882,727010882,1,145392000000,9714000000,101558000000,15041000000,43817000000,17000000,0,19549000000,51123000000,18996000000,464000000,464000000,0.66,0.66,0.93,1519000000,-2790000000,1413000000,142000000,591000000,2596000000,84.94,91.35,78.52,0.0623,0.0188,60.27,1.41,20.72,79.82,0.9734,1.1667,0.3014,0.1087,0.17,-1.48,0.6458
2018-09-30,712877558,712877558,1,143165000000,9520000000,100152000000,13922000000,42995000000,18000000,0,19303000000,50507000000,2090000000,1082000000,1082000000,1.51,1.51,0.9275,2365000000,-2625000000,282000000,22000000,449000000,2334000000,80.84,83.77,77.9,0.0687,0.0208,60.31,1.35,20.47,78.89,0.8751,1.1747,0.3003,0.1476,0.14,0.04,0.6838
2018-06-30,712354724,712354724,1,140259000000,8476000000,97744000000,12791000000,42507000000,8000000,0,19396000000,49863000000,1672000000,500000000,500000000,0.71,0.71,0.89,1911000000,-2381000000,318000000,-152000000,427000000,2250000000,76.41,80.85,71.96,0.0662,0.0201,59.67,1.28,18.11,77.97,0.9017,1.1731,0.3031,0.1408,0.14,-0.48,0.6627
2018-03-31,701007267,701007267,1,138541000000,8279000000,96743000000,12998000000,41792000000,6000000,0,19396000000,49030000000,1763000000,620000000,620000000,0.88,0.88,0.89,1391000000,-2264000000,947000000,74000000,579000000,2168000000,78.68,84.42,72.93,0.0712,0.0216,59.62,1.32,18.05,77.08,0.8331,1.1732,0.3017,0.1255,0.17,-1.11,0.6369
2017-12-31,700092667,700092667,1,137914000000,8453000000,96177000000,12482000000,41739000000,-2000000,0,19626000000,49035000000,14158000000,703000000,703000000,1,1,0.89,1623000000,-2090000000,543000000,76000000,358000000,2211000000,87.66,91.8,83.52,0.0738,0.0225,59.62,1.47,28.93,76.19,0.7986,1.1748,0.3026,0.1298,0.17,-0.84,0.6772
2017-09-30,699975614,699975614,1,136325000000,7706000000,94683000000,10820000000,41631000000,11000000,0,19418000000,48929000000,2136000000,954000000,954000000,1.36,1.36,0.89,2255000000,-2036000000,-235000000,-16000000,282000000,1910000000,85.56,88.4,82.72,0.0516,0.0158,59.47,1.45,25.39,75.3,1.1341,1.1753,0.3054,0.1497,0.11,0.49,0.7122
2017-06-30,699950383,699950383,1,135004000000,7673000000,93710000000,12466000000,41284000000,10000000,0,19425000000,46043000000,5555000000,686000000,686000000,0.98,0.98,0.855,1467000000,-1925000000,-122000000,-580000000,298000000,1771000000,84.38,87.49,81.27,0.0573,0.0177,58.98,1.43,26.96,74.41,1.0126,1.1153,0.3058,0.1243,0.14,-0.43,0.6155
2017-03-31,699883528,699883528,1,134108000000,8005000000,92922000000,10941000000,41179000000,7000000,0,19425000000,47021000000,1716000000,716000000,716000000,1.02,1.02,0.855,1289000000,-2399000000,1596000000,486000000,878000000,2160000000,79.87,83.59,76.14,0.0535,0.0167,58.84,1.36,25.6,73.55,1.0812,1.1419,0.3071,0.1154,0.15,-1.24,0.7317
2016-12-31,699607929,699607929,1,132761000000,8039000000,91720000000,11551000000,41033000000,8000000,0,19651000000,45576000000,4816000000,-227000000,-227000000,-0.33,-0.33,0.85,None,None,None,-5313000000,392000000,1247000000,76.41,80.49,72.34,0.0534,0.017,58.65,1.3,18.41,72.7,1.0783,1.1107,0.3091,0.0946,0.18,None,0.696
2016-09-30,688941372,688941372,1,129686000000,13534000000,89140000000,12076000000,40489000000,57000000,0,16354000000,43964000000,6821000000,1176000000,1176000000,1.7,1.7,0.855,2386000000,-1947000000,5064000000,5503000000,6179000000,1845000000,82.83,87.75,77.9,0.0714,0.0231,58.77,1.43,21.8,71.85,0.8043,1.0858,0.3122,0.1228,0.19,0.79,1.1207
2016-06-30,688933508,688933508,1,122654000000,8097000000,82706000000,9906000000,39895000000,53000000,0,16357000000,39931000000,5484000000,509000000,509000000,0.74,0.74,0.825,1542000000,-1850000000,206000000,-102000000,676000000,1747000000,80.75,85.79,75.72,0.0656,0.0215,57.91,1.39,21.03,70.99,0.8713,1.0009,0.3253,0.114,0.19,-0.3,0.8174
2016-03-31,688903766,688903766,1,121709000000,7943000000,81768000000,10891000000,39892000000,49000000,0,16349000000,38232000000,5622000000,694000000,694000000,1.01,1.01,0.825,1664000000,-1758000000,15000000,-79000000,778000000,1644000000,75.44,80.71,70.16,0.0666,0.0219,57.91,1.31,18.63,70.17,0.8522,0.9584,0.3278,0.115,0.19,0.03,0.7293
2015-12-31,688377923,688377923,1,121156000000,8322000000,81385000000,11400000000,39727000000,44000000,0,16628000000,37495000000,5322000000,477000000,477000000,0.7,0.7,0.83,1280000000,-1986000000,193000000,-513000000,857000000,2072000000,70.4,75.29,65.5,0.0703,0.0233,57.71,1.22,20.17,69.34,0.7941,0.9438,0.3279,0.12,0.19,-1.15,0.73
2015-09-30,688334378,688334378,1,121033000000,10195000000,81165000000,10516000000,39832000000,36000000,0,16312000000,37667000000,6483000000,932000000,932000000,1.35,1.35,0.825,2517000000,-2997000000,890000000,410000000,1370000000,1496000000,72.4,77.53,67.27,0.0604,0.0202,57.87,1.26,18.38,68.51,0.9129,0.9456,0.3291,0.1055,0.19,1.48,0.9695
2015-06-30,688330456,688330456,1,118575000000,9598000000,78958000000,9646000000,39580000000,37000000,0,16328000000,36795000000,5589000000,543000000,543000000,0.78,0.78,0.795,1439000000,1162000000,-4462000000,-1861000000,960000000,-1180000000,75.14,79.88,70.41,0.0682,0.0231,57.5,1.27,18.69,67.69,0.7985,0.9296,0.3338,0.1208,0.19,3.8,0.995
2015-03-31,691537400,691537400,1,122142000000,12322000000,81055000000,11903000000,41051000000,36000000,0,16329000000,37173000000,6065000000,864000000,864000000,1.22,1.22,0.795,1440000000,-1456000000,801000000,785000000,2821000000,1410000000,81.8,89.97,73.63,0.0693,0.0238,59.36,1.42,30.75,66.89,0.7815,0.9055,0.3361,0.1217,0.2,0.04,1.0352
2014-12-31,707554168,707554168,1,120709000000,11575000000,79810000000,11233000000,40875000000,24000000,0,16584000000,37213000000,4957000000,97000000,97000000,0.14,0.14,0.79,1419000000,-1639000000,325000000,105000000,2036000000,1622000000,80.81,87.29,74.33,0.046,0.016,57.77,1.38,23.15,66.1,1.1814,0.9104,0.3386,0.0787,0.2,-0.29,1.0304
2014-09-30,707290608,707290608,1,119656000000,11575000000,78203000000,8251000000,41412000000,41000000,0,16331000000,38702000000,6395000000,1274000000,1274000000,1.8,1.8,0.795,2548000000,-1367000000,-1258000000,-77000000,1931000000,1302000000,72.34,75.21,69.48,0.0602,0.0214,58.55,1.25,23.26,65.31,0.896,0.9346,0.3461,0.0986,0.22,1.76,1.4029
2014-06-30,707271675,707271675,1,115173000000,11515000000,74292000000,8708000000,40803000000,78000000,0,16343000000,38706000000,5949000000,609000000,609000000,0.86,0.86,0.78,1246000000,-1081000000,312000000,477000000,2008000000,1053000000,71.97,75.13,68.81,0.0538,0.0192,57.69,1.25,26.36,64.51,0.7506,0.9486,0.3543,0.0868,0.22,0.27,1.3223
2014-03-31,707237462,707237462,1,113792000000,10565000000,73003000000,7492000000,40709000000,80000000,0,16342000000,39000000000,6624000000,-97000000,-97000000,-0.14,-0.14,0.78,1373000000,-1286000000,-57000000,30000000,1531000000,1228000000,69.86,72.67,67.05,0.0474,0.0169,57.56,1.19,18.58,63.73,1.1341,0.958,0.3577,0.0764,0.22,0.21,1.4102
2013-12-31,706455305,706455305,1,114779000000,10516000000,73371000000,8644000000,41330000000,78000000,0,16718000000,38152000000,6112000000,688000000,688000000,0.98,0.97,0.78,1392000000,-1412000000,-645000000,-665000000,1501000000,1454000000,69.79,73.53,66.05,0.0652,0.0233,58.5,1.2,20.53,62.95,0.8186,0.9231,0.3601,0.1083,0.22,-0.09,1.2166
2013-09-30,705993361,705993361,1,114590000000,10418000000,73353000000,9239000000,41165000000,72000000,0,16696000000,36137000000,6709000000,1004000000,1004000000,1.42,1.42,0,2147000000,-1004000000,-548000000,595000000,2166000000,1118000000,68.09,72.01,64.16,0.0592,0.0211,58.31,1.2,24.06,62.17,0.8977,0.8779,0.3592,0.0998,0.21,1.46,1.1276
2013-06-30,705908295,705908295,1,114100000000,9875000000,73899000000,10015000000,40132000000,69000000,0,16695000000,36100000000,5879000000,339000000,339000000,0.48,0.48,1.545,1752000000,-1097000000,-380000000,275000000,1571000000,1322000000,70.04,75.46,64.62,0.0492,0.0177,56.85,1.21,20.97,62.17,1.0814,0.8995,0.3517,0.0828,0.21,0.61,0.986
2013-03-31,705739261,705739261,1,113666000000,9549000000,72636000000,9965000000,40953000000,77000000,0,16727000000,35084000000,5898000000,634000000,634000000,0.89,0.89,0.765,1091000000,-1465000000,246000000,-128000000,1296000000,1355000000,68.56,72.68,64.44,0.0581,0.0209,58.03,1.18,22.05,60.63,1.0162,0.8567,0.3603,0.0963,0.22,-0.37,0.9583
2012-12-31,704653826,704653826,1,113856000000,10122000000,72915000000,10029000000,40863000000,78000000,0,16737000000,36351000000,5695000000,435000000,436000000,0.61,0.61,0.76,1265000000,-2208000000,606000000,-337000000,1424000000,1685000000,62.77,65.9,59.63,0.0557,0.0202,57.99,1.08,19.86,59.86,1.0949,0.8896,0.3589,0.0901,0.22,-0.6,1.0093
2012-09-30,704243727,704243727,1,112008000000,10106000000,71013000000,8556000000,40905000000,90000000,0,16539000000,35198000000,6722000000,594000000,594000000,0.85,0.85,0,1977000000,-1598000000,-144000000,235000000,1761000000,1587000000,66.45,69.87,63.03,0.0595,0.0217,58.08,2.09,19.78,59.1,1.0711,0.8605,0.3652,0.0937,0.23,0.55,1.1812
2012-06-30,704125200,704125200,1,63031000000,6487000000,40515000000,6139000000,22419000000,97000000,0,4199000000,17689000000,3577000000,444000000,444000000,0.99,0.99,1.515,1130000000,-1211000000,536000000,455000000,1526000000,1258000000,65.39,70.2,60.57,0.066,0.0242,31.84,1.28,19.46,59.1,1.1591,0.789,0.3557,0.103,0.23,-0.18,1.0567
2012-03-31,1338105469,446035155,0.333333,61799000000,5924000000,38921000000,4283000000,22781000000,97000000,0,4210000000,18081000000,3630000000,295000000,295000000,0.22,0.22,0.25,872000000,-1180000000,-731000000,-1039000000,1071000000,971000000,64.17,66.33,62.01,0.0654,0.0243,51.07,1.25,16.71,57.59,0.8929,0.7937,0.3686,0.1026,0.24,-0.22,1.3831
2011-12-31,1335831211,445277069,0.333333,62526000000,6880000000,39661000000,5528000000,22772000000,93000000,0,4212000000,18679000000,3368000000,288000000,287000000,0.22,0.22,0.25,645000000,-1364000000,797000000,78000000,2110000000,1370000000,61.94,66.36,57.51,0.0749,0.0282,51.14,1.21,14.96,56.84,0.7752,0.8203,0.3642,0.1171,0.24,-1.63,1.2446
2011-09-30,1332733321,444244439,0.333333,60776000000,6273000000,37877000000,5115000000,22794000000,105000000,0,4218000000,16625000000,3964000000,472000000,471000000,0.35,0.35,0,1310000000,-1232000000,592000000,670000000,2032000000,1046000000,55.62,60.63,50.61,0.0812,0.0309,51.31,1.09,12.04,56.09,0.7165,0.7294,0.375,0.1259,0.24,0.59,1.2264
2011-06-30,1331798790,443932929,0.333333,59792000000,5634000000,37090000000,4386000000,22583000000,119000000,0,4336000000,16765000000,3534000000,435000000,434000000,0.33,0.33,0.495,756000000,-920000000,107000000,-57000000,1362000000,926000000,56.17,58.5,53.85,0.0907,0.0347,50.87,1.1,18,56.09,0.6466,0.7424,0.3777,0.1397,0.25,-0.38,1.2845
2011-03-31,1331331752,443777250,0.333333,58986000000,5545000000,36130000000,4197000000,22734000000,122000000,0,4325000000,16254000000,3663000000,511000000,510000000,0.38,0.38,0.245,961000000,-918000000,-294000000,-251000000,1419000000,903000000,53.76,55.44,52.08,0.0625,0.0239,51.23,1.06,17.92,54.6,0.9399,0.715,0.3854,0.0963,0.25,0.13,1.3212
2010-12-31,1329144291,443048096,0.333333,59090000000,6223000000,36437000000,3897000000,22522000000,131000000,0,4325000000,17935000000,3445000000,427000000,424000000,0.32,0.32,0.25,850000000,-898000000,-90000000,-138000000,1670000000,924000000,53.69,55.8,51.57,0.0601,0.0229,50.83,1.08,18.84,53.87,0.978,0.7963,0.3811,0.0922,0.25,-0.17,1.5969
2010-09-30,1324548714,441516237,0.333333,57857000000,6037000000,35708000000,3665000000,22015000000,134000000,0,4346000000,16961000000,3946000000,670000000,670000000,0.51,0.51,0,1537000000,-1017000000,278000000,798000000,1808000000,1153000000,50.92,54.24,47.61,0.057,0.0216,49.86,1.06,32.64,53.12,1.025,0.7704,0.3805,0.0888,0.24,0.87,1.6472
2010-06-30,1318701302,439567100,0.333333,56400000000,5443000000,35137000000,3837000000,21127000000,136000000,0,4355000000,16414000000,3287000000,-222000000,-223000000,-0.17,-0.17,0.485,1003000000,-1272000000,199000000,-70000000,1010000000,1143000000,48.91,51.42,46.41,0.0313,0.012,48.06,0.98,18.11,53.12,1.8744,0.7769,0.3746,0.0506,0.24,-0.32,1.4186
2010-03-31,1313134663,437711553,0.333333,57633000000,5491000000,35585000000,3854000000,21914000000,134000000,0,4920000000,16279000000,3594000000,445000000,445000000,0.34,0.34,0.24,1121000000,-1236000000,-347000000,-462000000,1080000000,1177000000,49.97,51.87,48.06,0.0544,0.0209,50.06,1,20.07,51.66,1.0534,0.7429,0.3802,0.0904,0.23,-0.13,1.4248
2009-12-31,1309314484,436438160,0.333333,57040000000,5766000000,35154000000,4088000000,21750000000,136000000,0,4943000000,16113000000,3110000000,346000000,346000000,0.27,0.27,0.24,921000000,-1271000000,286000000,-64000000,1542000000,1259000000,49.91,53.82,45.99,0.0501,0.0194,49.84,1,20.54,50.94,1.1346,0.7408,0.3813,0.0844,0.23,-0.77,1.4105
2009-09-30,1304606057,434868685,0.333333,55774000000,5815000000,34029000000,3718000000,21608000000,137000000,0,4989000000,15406000000,3396000000,109000000,109000000,0.08,0.08,0,1525000000,-1088000000,463000000,900000000,1606000000,1111000000,45.18,48.06,42.3,0.0499,0.0195,49.69,0.92,16.73,50.22,1.1322,0.713,0.3874,0.0831,0.23,0.95,1.564
2009-06-30,1296723582,432241193,0.333333,54709000000,5391000000,33349000000,4141000000,21226000000,134000000,0,5362000000,14433000000,2913000000,276000000,276000000,0.21,0.21,0.47,827000000,-1239000000,-83000000,-495000000,706000000,1011000000,42.21,44.49,39.93,0.055,0.0218,49.11,0.85,14.51,50.22,1.0293,0.68,0.388,0.0906,0.24,-0.43,1.3019
2009-03-31,1287117850,429039282,0.333333,53584000000,5320000000,32202000000,3524000000,21214000000,168000000,0,5360000000,14569000000,3312000000,344000000,344000000,0.27,0.27,0.23,190000000,-894000000,919000000,215000000,1201000000,845000000,41.52,47.88,35.16,0.0585,0.0235,49.45,0.84,12.93,48.81,0.9347,0.6868,0.3959,0.0941,0.25,-1.53,1.5096
2008-12-31,1281151774,427050590,0.333333,53077000000,5273000000,31926000000,4345000000,20988000000,163000000,0,5400000000,13250000000,3133000000,331000000,331000000,0.26,0.25,0.23,851000000,-1127000000,-614000000,-890000000,986000000,1175000000,47.23,53.97,40.5,0.0641,0.0263,49.15,0.93,15.59,48.12,0.8385,0.6313,0.3954,0.1031,0.26,-0.76,1.2136
2008-09-30,1265289312,421763103,0.333333,52769000000,5852000000,31264000000,5060000000,21330000000,175000000,0,5380000000,12695000000,3508000000,215000000,215000000,0.17,0.17,0,782000000,-957000000,1334000000,1159000000,1876000000,1069000000,53.8,57.3,50.31,0.0598,0.025,50.57,1.06,13.59,47.43,13.155,0.5952,0.4042,0.0992,0.25,-0.68,1.1565
2008-06-30,1264895414,421631804,0.333333,51598000000,5284000000,30108000000,4959000000,21301000000,189000000,0,5348000000,11647000000,3229000000,351000000,351000000,0.28,0.28,0.45,683000000,-1452000000,844000000,75000000,717000000,1075000000,54.33,57.6,51.06,0.0784,0.0333,50.52,1.07,14.26,47.43,10.5442,0.5468,0.4128,0.1266,0.26,-0.93,1.0655
2008-03-31,1264614744,421538247,0.333333,49647000000,4207000000,28053000000,4931000000,21409000000,185000000,0,5353000000,10083000000,3337000000,465000000,465000000,0.37,0.37,0.22,1012000000,-1075000000,27000000,-36000000,642000000,1067000000,56.4,61.8,51,0.0765,0.0327,50.79,1.12,15.93,46.08,10.9075,0.471,0.4312,0.124,0.26,-0.13,0.8532
2007-12-31,1262865450,420955149,0.333333,49704000000,4925000000,28324000000,5708000000,21199000000,181000000,0,5362000000,9498000000,2771000000,243000000,243000000,0.2,0.19,12.6,719000000,-448000000,-268000000,3000000,678000000,910000000,58.55,62.34,54.75,0.072,0.0307,50.36,1.17,15.01,45.42,11.6837,0.448,0.4265,0.1179,0.26,-0.45,0.8628
2007-09-30,1261020061,420340019,0.333333,49027000000,5270000000,27764000000,4676000000,21071000000,192000000,0,5403000000,9937000000,3818000000,607000000,607000000,0.48,0.48,0.64,1057000000,-522000000,-471000000,64000000,675000000,628000000,55.22,59.7,50.73,0.0745,0.0307,50.13,1.14,12.96,7.62,1.2261,0.4716,0.4298,0.1193,0.26,1.02,1.127
2007-06-30,1260227900,420075966,0.333333,48448000000,5029000000,27836000000,5014000000,20421000000,191000000,0,5463000000,9965000000,3044000000,293000000,293000000,0.23,0.23,0.43,516000000,-587000000,112000000,41000000,611000000,784000000,59.04,63.9,54.18,0.0769,None,48.61,1.2,13.39,5.7,0.6715,0.488,0.4215,0.1273,0.24,-0.64,1.003
2007-03-31,1259459663,419819887,0.333333,48229000000,5132000000,27392000000,4553000000,20634000000,203000000,0,5487000000,9624000000,3087000000,357000000,357000000,0.28,0.28,0.21,916000000,-594000000,-700000000,-378000000,570000000,803000000,58.53,61.86,55.2,0.0753,None,49.15,0.94,12.51,4.41,0.782,0.4664,0.4278,0.1236,0.23,0.27,1.1272
2006-12-31,1257116278,419038758,0.333333,68700000000,6940000000,41793000000,6613000000,26102000000,805000000,0,9080000000,18118000000,3836000000,387000000,387000000,0.3,0.31,0.32,1008000000,407000000,-1287000000,128000000,948000000,1096000000,96.48,103.5,89.46,None,None,62.29,1.52,None,3.78,0.8452,0.6941,0.3799,None,None,-0.21,1.0494
2006-09-30,1255275068,418425022,0.333333,70282000000,8182000000,42975000000,7277000000,26496000000,811000000,0,9193000000,18678000000,4174000000,763000000,763000000,0.61,0.6,0,None,None,None,68000000,820000000,892000000,89.73,92.94,86.52,None,None,63.32,1.46,None,2.82,None,0.7049,0.377,None,None,None,1.1244
2006-06-30,1253011563,417670520,0.333333,70368000000,6815000000,43953000000,8070000000,25670000000,745000000,0,9090000000,18574000000,3973000000,355000000,355000000,0.29,0.28,0.63,724000000,594000000,-1351000000,-33000000,752000000,833000000,85.19,89.55,80.82,None,None,61.46,2.12,None,2.82,None,0.7236,0.3648,None,None,-0.26,0.8445
2006-03-31,1234981992,411660663,0.333333,51417000000,5210000000,34138000000,6102000000,16552000000,727000000,0,3782000000,14601000000,3201000000,358000000,358000000,0.39,0.37,0.31,720000000,-127000000,-319000000,274000000,785000000,560000000,85.72,89.31,82.14,None,None,40.21,None,None,0.93,None,0.8821,0.3219,None,None,0.39,0.8538
