"Quarter end","Shares","Shares split adjusted","Split factor","Assets","Current Assets","Liabilities","Current Liabilities","Shareholders equity","Non-controlling interest","Preferred equity","Goodwill & intangibles","Long-term debt","Revenue","Earnings","Earnings available for common stockholders","EPS basic","EPS diluted","Dividend per share","Cash from operating activities","Cash from investing activities","Cash from financing activities","Cash change during period","Cash at end of period","Capital expenditures","Price","Price high","Price low","ROE","ROA","Book value of equity per share","P/B ratio","P/E ratio","Cumulative dividends per share","Dividend payout ratio","Long-term debt to equity ratio","Equity to assets ratio","Net margin","Asset turnover","Free cash flow per share","Current ratio"
2019-03-31,529210278,529210278,1,82287000000,10693000000,69158000000,4808000000,12877000000,252000000,258000000,0,0,4011000000,136000000,136000000,0.25,0.25,0,2244000000,-1247000000,300000000,1297000000,2972000000,1224000000,14.95,24.83,5.07,-0.4562,-0.0951,23.84,0.64,None,26.43,None,0,0.1534,None,0.22,1.93,2.224
2018-12-31,527561429,527561429,1,76995000000,9195000000,64092000000,41695000000,12651000000,252000000,258000000,0,9000000,4088000000,-6869000000,-6873000000,-13.21,-13.21,0,516000000,-1947000000,2669000000,1238000000,1675000000,1995000000,33.34,49.42,17.26,-0.3937,-0.0955,23.49,0.9,128.23,26.43,None,0.0007,0.161,None,0.23,-2.8,0.2205
2018-09-30,518674276,518674276,1,71385000000,6349000000,51689000000,9489000000,19444000000,252000000,258000000,0,18407000000,4381000000,567000000,564000000,1.09,1.09,0,1483000000,-1722000000,152000000,-87000000,430000000,1695000000,44.63,48.69,40.57,0.0071,0.0022,36.99,1.24,185.96,26.43,0,0.9594,0.2688,0.0081,0.24,-0.41,0.6691
2018-06-30,517151337,517151337,1,69889000000,6367000000,50828000000,9786000000,18809000000,252000000,258000000,0,17612000000,4234000000,-980000000,-984000000,-1.91,-1.91,0,1241000000,-1420000000,552000000,373000000,517000000,1427000000,43.45,48.9,38.01,0.0064,0.002,35.87,1.15,14.78,26.43,2.2348,0.9494,0.2654,0.0072,0.24,-0.36,0.6506
2018-03-31,516427502,516427502,1,68154000000,5855000000,48171000000,6920000000,19731000000,252000000,258000000,0,17407000000,4056000000,445000000,442000000,0.86,0.86,0,1512000000,-1475000000,-342000000,-305000000,144000000,1470000000,42.15,47,37.3,0.08,0.022,37.71,1.14,13.13,26.43,0.3601,0.8939,0.2857,0.0893,0.24,0.08,0.8461
2017-12-31,514969045,514969045,1,68012000000,6281000000,48540000000,7129000000,19220000000,252000000,258000000,0,17760000000,4100000000,118000000,114000000,0.23,0.22,0,1240000000,-1700000000,718000000,258000000,449000000,1786000000,55.64,69.67,41.61,0.0887,0.0238,36.82,1.52,12.79,26.43,0.4829,0.9366,0.2788,0.0961,0.25,-1.06,0.881
2017-09-30,514422806,514422806,1,71526000000,6383000000,52240000000,7473000000,19034000000,252000000,258000000,0,16619000000,4517000000,553000000,550000000,1.07,1.07,0.53,1981000000,-1461000000,-507000000,13000000,191000000,1464000000,68.2,71.57,64.84,0.122,0.032,36.5,1.9,16.84,26.43,0.4693,0.8851,0.2625,0.1253,0.25,1.01,0.8541
2017-06-30,512821658,512821658,1,70055000000,6071000000,51164000000,6948000000,18639000000,252000000,258000000,0,16616000000,4250000000,410000000,406000000,0.79,0.79,0.53,1182000000,-1254000000,86000000,14000000,178000000,1258000000,67.73,70.32,65.14,0.1158,0.0303,35.84,1.91,18.46,25.9,0.4941,0.904,0.2624,0.1143,0.26,-0.15,0.8738
2017-03-31,511000943,511000943,1,69164000000,5980000000,50559000000,6538000000,18353000000,252000000,258000000,0,16813000000,4268000000,579000000,576000000,1.13,1.13,0.49,1574000000,-1235000000,-352000000,-13000000,164000000,1216000000,64.09,68.29,59.89,0.1074,0.0278,35.41,1.84,23.22,25.37,0.5324,0.9292,0.2616,0.1037,0.27,0.7,0.9147
2016-12-31,507782249,507782249,1,68598000000,6164000000,50406000000,7564000000,17940000000,252000000,258000000,0,16238000000,4713000000,696000000,692000000,1.37,1.36,0.49,1161000000,-1443000000,388000000,106000000,177000000,1581000000,60.08,62.12,58.04,0.0824,0.0212,34.82,1.78,35.98,24.88,0.6956,0.9183,0.2578,0.0789,0.27,-0.83,0.8149
2016-09-30,505666694,505666694,1,66565000000,5749000000,48959000000,6270000000,17354000000,252000000,258000000,0,16528000000,4810000000,391000000,388000000,0.77,0.77,0.49,1467000000,-1397000000,-188000000,-118000000,71000000,1477000000,63.11,65.39,60.82,0.0502,0.013,33.81,1.91,41.25,24.39,1.1222,0.9668,0.2568,0.0488,0.26,-0.02,0.9169
2016-06-30,498506353,498506353,1,65927000000,6135000000,48929000000,6651000000,16746000000,252000000,258000000,0,16525000000,4169000000,210000000,206000000,0.41,0.41,0.49,726000000,-1436000000,757000000,47000000,189000000,1422000000,60.27,63.92,56.62,0.0457,0.012,33.07,1.83,30.91,23.9,1.2134,1.0022,0.2501,0.0447,0.26,-1.4,0.9224
2016-03-31,496042305,496042305,1,64650000000,5634000000,47786000000,5974000000,16612000000,252000000,258000000,0,16522000000,3974000000,110000000,107000000,0.22,0.22,0.46,1055000000,-1250000000,214000000,19000000,142000000,1229000000,55.5,59.72,51.29,0.058,0.0153,32.97,1.65,31.01,23.41,0.9393,1.0103,0.253,0.0562,0.27,-0.35,0.9431
2015-12-31,492830471,492830471,1,63339000000,5822000000,46511000000,6363000000,16576000000,252000000,0,0,16030000000,4167000000,138000000,134000000,0.28,0.27,0.44,811000000,-1477000000,635000000,-31000000,123000000,1511000000,53.08,54.5,51.65,0.0539,0.0144,33.63,1.57,29.49,22.95,1.0125,0.9671,0.2617,0.0519,0.27,-1.42,0.915
2015-09-30,490453856,490453856,1,61989000000,6131000000,45169000000,6108000000,16568000000,252000000,0,0,15545000000,4550000000,310000000,307000000,0.63,0.63,0.46,1083000000,-1248000000,70000000,-95000000,154000000,1252000000,51,54.41,47.6,0.0544,0.0145,33.78,1.53,17.71,22.51,1.0077,0.9383,0.2673,0.0513,0.28,-0.34,1.0038
2015-06-30,482010056,482010056,1,61631000000,6446000000,45360000000,6302000000,16019000000,252000000,0,0,15544000000,4217000000,406000000,402000000,0.84,0.83,0.46,779000000,-1214000000,539000000,104000000,249000000,1219000000,51.69,54.27,49.1,0.087,0.0231,33.23,1.58,19.73,22.05,0.6332,0.9703,0.2599,0.0792,0.29,-0.91,1.0228
2015-03-31,479973603,479973603,1,60547000000,6026000000,44592000000,6153000000,15703000000,252000000,0,0,15051000000,3899000000,34000000,31000000,0.06,0.06,0.46,1080000000,-1272000000,186000000,-6000000,145000000,1191000000,55.77,60.15,51.38,0.0797,0.0213,32.72,1.69,18.29,21.59,0.6982,0.9585,0.2594,0.0725,0.29,-0.23,0.9794
2014-12-31,476399910,476399910,1,60127000000,6389000000,44127000000,5920000000,15748000000,252000000,0,0,15050000000,4308000000,135000000,131000000,0.28,0.28,0.44,720000000,-1253000000,545000000,12000000,151000000,1269000000,42.16,44.73,39.6,0.0938,0.0251,33.06,1.27,14.24,21.13,0.598,0.9557,0.2619,0.084,0.3,-1.15,1.0792
2014-09-30,475088027,475088027,1,57884000000,6071000000,41853000000,5726000000,15779000000,252000000,0,0,14555000000,4939000000,814000000,811000000,1.72,1.71,0.46,1677000000,-1168000000,-502000000,7000000,139000000,1244000000,45.3,48.23,42.37,0.093,0.0248,33.21,1.42,28.14,20.69,0.6115,0.9224,0.2726,0.083,0.3,0.91,1.0603
2014-06-30,471411575,471411575,1,57025000000,6197000000,41745000000,6649000000,15028000000,252000000,0,0,13966000000,3952000000,271000000,267000000,0.57,0.57,0.46,509000000,-1104000000,619000000,24000000,132000000,1123000000,45.53,48.07,43,0.0511,0.0135,31.88,1.44,25.58,20.23,1.1318,0.9293,0.2635,0.0463,0.29,-1.3,0.932
2014-03-31,464756373,464756373,1,55987000000,5892000000,41055000000,6147000000,14680000000,252000000,0,0,13965000000,3891000000,230000000,227000000,0.49,0.49,0.46,771000000,-1189000000,230000000,-188000000,108000000,1197000000,49.68,54.98,44.38,0.0564,0.0148,31.59,1.59,27,19.77,1.0307,0.9513,0.2622,0.0507,0.29,-0.92,0.9585
2013-12-31,457663407,457663407,1,55605000000,5977000000,41011000000,7493000000,14342000000,252000000,0,0,12717000000,3975000000,90000000,86000000,0.19,0.19,0.44,594000000,-1294000000,715000000,15000000,296000000,1326000000,41.41,42.75,40.07,0.0584,0.0152,31.34,1.33,25.56,19.31,1.0027,0.8867,0.2579,0.0522,0.29,-1.6,0.7977
2013-09-30,449295292,449295292,1,55214000000,5522000000,40954000000,7644000000,14008000000,252000000,0,0,11918000000,4175000000,164000000,161000000,0.36,0.36,0.46,1374000000,-1342000000,-32000000,0,281000000,1360000000,43.56,46.37,40.76,0.0525,0.0136,31.18,1.4,20.74,18.87,1.1254,0.8508,0.2537,0.0463,0.29,0.03,0.7224
2013-06-30,445151814,445151814,1,54324000000,5442000000,40202000000,7382000000,13870000000,252000000,0,0,11917000000,3776000000,332000000,328000000,0.74,0.74,0.46,590000000,-1264000000,677000000,3000000,281000000,1272000000,46.02,48.44,43.59,0.0682,0.0176,31.16,1.5,24.09,18.41,0.8694,0.8592,0.2553,0.06,0.29,-1.53,0.7372
2013-03-31,442173394,442173394,1,53062000000,4892000000,39238000000,7048000000,13572000000,252000000,0,0,11518000000,3672000000,242000000,239000000,0.55,0.55,0.46,869000000,-1207000000,215000000,-123000000,278000000,1249000000,42.5,44.53,40.47,0.0625,0.0162,30.69,1.4,22.14,17.95,0.957,0.8487,0.2558,0.0545,0.29,-0.86,0.6941
2012-12-31,431436673,431436673,1,52449000000,5121000000,39123000000,6256000000,13074000000,252000000,0,0,12517000000,3830000000,-9000000,-13000000,-0.03,-0.03,0.44,1430000000,-1167000000,-158000000,105000000,401000000,1263000000,41.59,43.48,39.71,0.0633,0.0163,30.3,1.36,19.34,17.49,0.9529,0.9574,0.2493,0.0543,0.3,0.39,0.8186
2012-09-30,429357175,429357175,1,50868000000,5593000000,37483000000,5436000000,13133000000,252000000,0,0,12915000000,3976000000,364000000,361000000,0.84,0.84,0.46,1278000000,-1153000000,-121000000,4000000,296000000,1142000000,44.46,46.51,42.41,0.0721,0.0184,30.59,1.48,24.56,17.05,0.8436,0.9834,0.2582,0.0607,0.3,0.32,1.0289
2012-06-30,425996481,425996481,1,50115000000,5540000000,37061000000,6357000000,12802000000,252000000,0,0,12166000000,3593000000,239000000,235000000,0.56,0.55,0.46,1243000000,-1113000000,-95000000,35000000,292000000,1125000000,43.62,45.2,42.04,0.0608,0.0155,30.05,1.47,20.1,16.59,1.0101,0.9503,0.2555,0.0504,0.3,0.28,0.8715
2012-03-31,422320110,422320110,1,50188000000,6166000000,37376000000,7275000000,12560000000,252000000,0,0,11767000000,3641000000,236000000,233000000,0.56,0.56,0.46,931000000,-1093000000,-94000000,-256000000,257000000,1094000000,41.94,43.72,40.16,0.0725,0.0183,29.74,1.43,19.88,16.13,0.8516,0.9369,0.2503,0.0585,0.31,-0.39,0.8476
2011-12-31,412899635,412899635,1,49750000000,6480000000,37397000000,7749000000,12101000000,252000000,0,3000000,11766000000,3815000000,87000000,83000000,0.2,0.2,0.44,507000000,-1056000000,785000000,236000000,513000000,1070000000,40.05,43.24,36.86,0.0714,0.018,29.31,1.36,15.77,15.67,0.8726,0.9723,0.2432,0.0564,0.31,-1.36,0.8362
2011-09-30,405882996,405882996,1,47517000000,5877000000,35306000000,6818000000,11959000000,252000000,0,0,11516000000,3860000000,203000000,200000000,0.5,0.5,0.46,1327000000,-1225000000,-175000000,-73000000,277000000,1071000000,41.27,43.32,39.21,0.0871,0.0219,29.46,1.41,15.29,15.23,0.7212,0.963,0.2517,0.0685,0.32,0.63,0.862
2011-06-30,402245202,402245202,1,47318000000,6122000000,35277000000,7022000000,11789000000,252000000,0,0,11700000000,3684000000,366000000,362000000,0.91,0.91,0.46,817000000,-822000000,115000000,110000000,350000000,952000000,43.95,46.52,41.39,0.094,0.0234,29.31,1.53,16.58,14.77,0.6761,0.9925,0.2491,0.0742,0.31,-0.34,0.8718
2011-03-31,397949716,397949716,1,46259000000,5471000000,34593000000,7772000000,11414000000,252000000,0,0,10539000000,3597000000,202000000,199000000,0.5,0.5,0.46,1088000000,-883000000,-256000000,-51000000,240000000,945000000,45.03,47.6,42.47,0.0933,0.0232,28.68,1.58,15.97,14.31,0.6899,0.9233,0.2467,0.0745,0.31,0.36,0.7039
2010-12-31,396258407,396258407,1,46025000000,5542000000,34491000000,7185000000,11282000000,252000000,0,0,11154000000,3621000000,254000000,250000000,0.64,0.63,0.44,886000000,-1060000000,118000000,-56000000,291000000,1008000000,47.01,48.63,45.38,0.101,0.0249,28.47,1.67,16.21,13.85,0.6422,0.9887,0.2451,0.0794,0.31,-0.31,0.7713
2010-09-30,392065793,392065793,1,45253000000,5751000000,33978000000,7184000000,11023000000,252000000,0,0,10982000000,3513000000,261000000,258000000,0.66,0.66,0.46,947000000,-1054000000,189000000,82000000,347000000,1008000000,44.43,48.34,40.52,0.1054,0.0255,28.12,1.6,14.47,13.41,0.6126,0.9963,0.2436,0.0815,0.31,-0.16,0.8005
2010-06-30,390752206,390752206,1,44218000000,5612000000,33095000000,7619000000,10871000000,252000000,0,0,10448000000,3232000000,337000000,333000000,0.88,0.86,0.46,978000000,-895000000,-76000000,7000000,265000000,931000000,39.98,45,34.95,0.1133,0.0273,27.82,1.44,12.38,12.95,0.5607,0.9611,0.2459,0.0877,0.31,0.12,0.7366
2010-03-31,372345954,372345954,1,43540000000,5621000000,32919000000,7780000000,10369000000,252000000,0,0,9882000000,3475000000,261000000,258000000,0.69,0.67,0.46,395000000,-848000000,184000000,-269000000,258000000,855000000,43.11,45.63,40.58,0.1212,0.0289,27.85,1.55,13.43,12.49,0.5164,0.953,0.2381,0.092,0.31,-1.24,0.7225
2009-12-31,371333780,371333780,1,42945000000,5657000000,32360000000,6813000000,10333000000,252000000,0,0,10381000000,3539000000,263000000,273000000,0.73,0.71,0.42,232000000,-1018000000,613000000,-173000000,527000000,936000000,42.77,45.79,39.74,0.1218,0.0289,27.83,1.56,11.05,12.03,0.51,1.0046,0.2406,0.0911,0.32,-1.9,0.8303
2009-09-30,370960212,370960212,1,42551000000,5610000000,32137000000,6949000000,10162000000,252000000,0,0,9839000000,3235000000,321000000,318000000,0.84,0.83,0.42,1053000000,-237000000,-454000000,362000000,700000000,950000000,39.28,41.97,36.59,0.1498,0.0353,27.39,1.46,10.15,11.61,0.4159,0.9682,0.2388,0.1084,0.32,0.28,0.8073
2009-06-30,370687258,370687258,1,42197000000,6428000000,31999000000,7432000000,9946000000,252000000,0,0,9933000000,3194000000,392000000,388000000,1.03,1.02,0.42,864000000,-995000000,198000000,67000000,338000000,993000000,36.86,39.11,34.6,0.1523,0.0357,26.83,1.41,10.1,11.19,0.4095,0.9987,0.2357,0.104,0.34,-0.35,0.8649
2009-03-31,368363541,368363541,1,41335000000,6197000000,31725000000,6950000000,9610000000,0,0,0,10185000000,3431000000,244000000,241000000,0.65,0.65,0.42,890000000,-1086000000,248000000,52000000,271000000,1079000000,37.78,41.06,34.5,0.1464,0.034,26.09,1.47,10.44,10.77,0.4266,1.0598,0.2325,0.0946,0.36,-0.51,0.8917
2008-12-31,365764340,365764340,1,40860000000,6403000000,31483000000,7626000000,9377000000,0,0,0,9321000000,3643000000,517000000,517000000,1.38,1.37,0.39,567000000,-877000000,278000000,-32000000,219000000,937000000,34.45,39.2,29.7,0.1482,0.0344,25.64,1.36,12.17,10.35,0.4205,0.994,0.2295,0.0915,0.38,-1.01,0.8396
2008-09-30,360983933,360983933,1,38878000000,6308000000,29739000000,8497000000,9139000000,0,0,0,7816000000,3674000000,304000000,304000000,0.83,0.83,0.39,-59000000,-1039000000,1052000000,-46000000,251000000,979000000,39.73,42.64,36.81,0.1161,0.027,25.32,1.6,14.34,9.96,0.5352,0.8552,0.2351,0.0711,0.38,-2.88,0.7424
2008-06-30,358556042,358556042,1,38612000000,6342000000,29715000000,8061000000,8897000000,0,0,0,7721000000,3578000000,293000000,293000000,0.8,0.8,0.39,1206000000,-938000000,-224000000,44000000,297000000,859000000,39.5,40.9,38.09,0.1156,0.0268,24.81,1.62,14.58,9.57,0.5358,0.8678,0.2304,0.0713,0.38,0.97,0.7868
2008-03-31,357258997,357258997,1,37446000000,5756000000,28753000000,7664000000,8693000000,0,0,0,7721000000,3733000000,224000000,224000000,0.62,0.62,0.39,1035000000,-798000000,-329000000,-92000000,253000000,853000000,40.7,44.95,36.46,0.1151,0.0268,24.33,1.69,14.54,9.18,0.536,0.8882,0.2321,0.0715,0.37,0.51,0.751
2007-12-31,355749692,355749692,1,36648000000,5511000000,28095000000,6723000000,8553000000,0,0,0,8171000000,3415000000,203000000,203000000,0.56,0.58,0.36,468000000,-512000000,-395000000,-439000000,345000000,734000000,45.83,48.56,43.09,0.1215,0.0282,24.04,1.93,17.36,8.79,0.5062,0.9553,0.2334,0.076,0.37,-0.75,0.8197
2007-09-30,354051663,354051663,1,36081000000,6081000000,27683000000,7491000000,8398000000,0,0,0,7674000000,3279000000,278000000,278000000,0.77,0.77,0.36,842000000,-771000000,347000000,418000000,784000000,715000000,45,47.87,42.14,0.118,0.0271,23.72,1.94,15.2,8.43,0.5204,0.9138,0.2328,0.0733,0.37,0.36,0.8118
2007-06-30,353357915,353357915,1,35433000000,5843000000,27237000000,6950000000,8196000000,0,0,0,7673000000,3187000000,269000000,269000000,0.75,0.74,0.36,260000000,-685000000,321000000,-104000000,366000000,647000000,47.39,50.89,43.9,0.1348,0.0306,23.19,2.09,16.51,8.07,0.4529,0.9362,0.2313,0.0828,0.37,-1.1,0.8407
2007-03-31,351498908,351498908,1,34785000000,5631000000,26808000000,6956000000,7977000000,0,0,0,7393000000,3356000000,256000000,256000000,0.71,0.71,0.36,976000000,-698000000,-264000000,14000000,470000000,673000000,45.79,47.71,43.87,0.1332,0.0299,22.69,2.06,16.59,7.71,0.4572,0.9268,0.2293,0.081,0.37,0.86,0.8095
2006-12-31,350817275,350817275,1,34803000000,5867000000,26992000000,8250000000,7811000000,0,0,0,6697000000,3206000000,152000000,152000000,0.43,0.42,0.33,474000000,-669000000,229000000,34000000,456000000,673000000,44.45,48.17,40.72,0.1304,0.0288,22.27,2,15.54,7.35,0.4645,0.8574,0.2244,0.079,0.36,-0.57,0.7112
2006-09-30,348810184,348810184,1,34829000000,5696000000,27069000000,7554000000,7760000000,0,0,0,6696000000,3168000000,393000000,393000000,1.09,1.09,0.33,700000000,-593000000,-106000000,1000000,422000000,551000000,40.78,42.51,39.06,0.1368,0.0298,22.25,1.9,16.85,7.02,0.4499,0.8629,0.2228,0.078,0.38,0.43,0.754
2006-06-30,348065769,348065769,1,33980000000,5603000000,26516000000,7075000000,7464000000,0,0,0,6696000000,3017000000,232000000,232000000,0.65,0.65,0.33,411000000,-613000000,-280000000,-482000000,421000000,602000000,39.6,40.9,38.3,0.116,0.0258,21.44,1.87,16.03,6.69,0.5191,0.8971,0.2197,0.0691,0.37,-0.55,0.7919
2006-03-31,347166931,347166931,1,34074000000,5991000000,26717000000,7073000000,7357000000,0,0,0,6976000000,3148000000,214000000,214000000,0.61,0.6,0.33,1129000000,-552000000,-387000000,190000000,903000000,576000000,38.47,40.68,36.25,0.1183,0.0267,21.19,1.84,15.96,6.36,0.496,0.9482,0.2159,0.0749,0.36,1.59,0.847
2005-12-31,345319971,345319971,1,34074000000,5980000000,26856000000,6932000000,7218000000,0,0,0,6976000000,3732000000,180000000,180000000,0.49,0.52,0.33,292000000,-555000000,-257000000,-520000000,713000000,486000000,37.32,40.1,34.54,0.117,0.0268,20.9,1.7,9.54,6.03,0.49,0.9665,0.2118,0.0784,0.34,-0.56,0.8627
2005-09-30,374754368,374754368,1,34160000000,6007000000,25925000000,6415000000,8235000000,0,0,0,6976000000,2804000000,252000000,252000000,0.66,0.65,0.3,534000000,-390000000,-405000000,-261000000,1233000000,515000000,37.62,39.64,35.6,0.1964,0.0468,21.97,1.74,9.93,5.7,0.2086,0.8471,0.2411,0.1468,0.32,0.05,0.9364
2005-06-30,373054553,373054553,1,34417000000,6425000000,26353000000,6571000000,8064000000,0,0,0,6977000000,2498000000,267000000,267000000,0.7,0.7,0.3,535000000,-167000000,-255000000,113000000,1494000000,454000000,35.84,37.91,33.78,0.1932,0.0457,21.62,1.7,9.03,5.4,0.1407,0.8652,0.2343,0.147,0.31,0.22,0.9778
2005-03-31,370087968,370087968,1,34437000000,6392000000,26616000000,6732000000,7821000000,0,0,0,6722000000,2669000000,218000000,218000000,0.55,0.54,0.3,1048000000,-286000000,-353000000,409000000,1381000000,349000000,34,36.18,31.83,0.2082,0.0485,21.13,1.56,3.2,5.1,0.0657,0.8595,0.2271,0.1532,0.32,1.89,0.9495
2004-12-31,396487454,396487454,1,34540000000,6408000000,25907000000,6918000000,8633000000,0,0,0,7323000000,2986000000,871000000,871000000,2.07,2.02,0,860000000,-524000000,-1220000000,-884000000,972000000,449000000,32.39,34.46,30.32,0.5639,0.1224,21.77,1.58,3.68,4.8,0,0.8483,0.2499,0.4065,0.3,1.04,0.9263
2004-09-30,403127461,403127461,1,35370000000,7438000000,27096000000,6109000000,8274000000,0,0,0,8726000000,2623000000,228000000,228000000,0.55,0.53,0,779000000,-288000000,-55000000,436000000,1856000000,373000000,28.95,30.4,27.5,0.5332,0.1028,20.52,1.5,3.04,4.8,0,1.0546,0.2339,0.3634,0.28,1.01,1.2175
2004-06-30,400906760,400906760,1,35083000000,6744000000,27355000000,6116000000,7728000000,0,0,0,8728000000,2749000000,372000000,372000000,0.89,0.88,0,-176000000,4706000000,-6570000000,-2040000000,1420000000,395000000,28.11,30.32,25.9,0.6778,0.117,19.28,1.53,3.06,4.8,0,1.1294,0.2203,0.3736,0.31,-1.42,1.1027
2004-03-31,398752930,398752930,1,42139000000,6869000000,34826000000,3296000000,7313000000,0,0,0,10000000000,2722000000,3033000000,3033000000,7.36,7.21,0,887000000,-7306000000,6221000000,-198000000,3460000000,342000000,27.91,29.35,26.47,0.7976,0.1132,18.34,2.77,26.58,4.8,0,1.3674,0.1735,0.3539,0.32,1.37,2.084
2003-12-31,418976121,418976121,1,30175000000,7148000000,25960000000,3138000000,4215000000,0,0,0,3314000000,2005000000,37000000,37000000,0.1,0.18,0,-414000000,-568000000,-35000000,-1017000000,3658000000,515000000,25.7,27.98,23.43,0.1115,0.0132,10.06,2.62,None,4.8,0,0.7862,0.1397,0.0402,0.33,-2.22,2.2779
2003-09-30,414758513,414758513,1,27760000000,7720000000,23693000000,3079000000,4067000000,0,0,0,3313000000,3103000000,510000000,510000000,1.32,1.24,0,1307000000,-441000000,-692000000,174000000,4675000000,273000000,22.31,24,20.63,-0.4994,-0.055,9.81,2.63,None,4.8,None,0.8146,0.1465,None,0.35,2.49,2.5073
2003-06-30,412035998,412035998,1,34508000000,9343000000,31011000000,9190000000,3497000000,0,0,0,4034000000,2926000000,227000000,227000000,0.59,0.56,0,676000000,-412000000,32000000,296000000,4864000000,438000000,17.71,22.01,13.41,-0.4613,-0.0528,8.49,2.2,None,4.8,None,1.1536,0.1013,None,0.32,0.58,1.0166
2003-03-31,409191299,409191299,1,35293000000,9240000000,32005000000,9523000000,3288000000,0,0,0,4279000000,2401000000,-354000000,-354000000,-0.93,-0.93,0,933000000,-340000000,80000000,673000000,4568000000,472000000,13.52,15.35,11.69,-0.419,-0.0522,8.04,1.53,None,4.8,None,1.3014,0.0932,None,0.34,1.13,0.9703
2002-12-31,407576505,407576505,1,33696000000,9480000000,30083000000,9269000000,3613000000,0,0,0,4345000000,2935000000,-2189000000,-2189000000,-5.75,-5.75,0,-532000000,-461000000,469000000,-524000000,3895000000,556000000,11.18,14.18,8.17,-0.1806,-0.0244,8.86,0.8,2.29,4.8,None,1.2026,0.1072,None,0.35,-2.67,1.0228
2002-09-30,404695286,404695286,1,36635000000,9781000000,30993000000,7378000000,5642000000,0,0,0,6736000000,2938000000,466000000,466000000,1.25,1.19,0,672000000,-834000000,-453000000,-615000000,4485000000,796000000,12.88,17.75,8,0.3675,0.0507,13.94,0.97,2.22,4.8,0,1.1939,0.154,0.1268,0.4,-0.31,1.3257
2002-06-30,393183174,393183174,1,36779000000,10110000000,31576000000,6503000000,5203000000,0,0,0,8227000000,3654000000,218000000,218000000,0.6,0.59,0,-837000000,-518000000,668000000,-687000000,5100000000,949000000,20.05,23.75,16.35,0.4741,0.0598,13.23,1.59,2.75,4.8,0,1.5812,0.1415,0.1201,0.5,-4.54,1.5547
2002-03-31,389405450,389405450,1,36298000000,9779000000,31393000000,5711000000,4905000000,0,0,0,7502000000,2968000000,631000000,631000000,1.73,1.71,0,1231000000,-737000000,-128000000,366000000,5787000000,731000000,21.26,23.66,18.86,0.6789,0.0748,12.6,1.91,7.18,4.8,0,1.5295,0.1351,0.1392,0.54,1.28,1.7123
2001-12-31,387922052,387922052,1,35862000000,9773000000,31540000000,4866000000,4322000000,0,0,0,7297000000,4978000000,529000000,529000000,1.4,1.39,0,3501000000,-847000000,242000000,2896000000,5421000000,847000000,17.53,20.1,14.96,0.3435,0.0307,11.14,1.83,None,4.8,0,1.6883,0.1205,0.0479,0.64,6.84,2.0084
2001-09-30,387257572,387257572,1,34792000000,9694000000,31091000000,4307000000,3701000000,0,0,0,7649000000,6298000000,771000000,771000000,2.12,2.12,0,1070000000,-836000000,60000000,294000000,1020000000,716000000,14.55,17.45,11.66,None,-0.0989,9.56,1.96,None,4.8,None,2.0667,0.1064,None,0.73,0.91,2.2508
2001-06-30,387130925,387130925,1,36429000000,11028000000,33562000000,6273000000,2867000000,0,0,0,7349000000,5010000000,750000000,750000000,2.07,2.07,0,54000000,-532000000,522000000,44000000,726000000,564000000,9.52,12.54,6.5,None,-0.1149,7.41,1.93,None,4.8,None,2.5633,0.0787,None,0.76,-1.32,1.758
2001-03-31,387135242,387135242,1,36065000000,11386000000,34159000000,18906000000,1906000000,0,0,0,6606000000,6673000000,-951000000,-951000000,-2.62,-2.62,0,675000000,-685000000,-233000000,-243000000,682000000,538000000,14.66,20.94,8.38,-0.9325,-0.1338,4.92,1.79,None,4.8,None,3.4659,0.0528,None,0.81,0.35,0.6022
2000-12-31,387137690,387137690,1,36152000000,11199000000,32980000000,17331000000,3172000000,0,0,0,5550000000,8070000000,-4117000000,-4117000000,-11.31,-11.31,0.3,-1952000000,-257000000,2829000000,620000000,925000000,1126000000,23.25,29.5,17,-0.5406,-0.1031,8.19,1.22,49.47,4.8,None,1.7497,0.0877,None,0.8,-7.95,0.6462
2000-09-30,387095350,387095350,1,33891000000,2271000000,26497000000,4517000000,7394000000,0,0,0,6512000000,7504000000,225000000,225000000,0.62,0.62,0.3,-465000000,-753000000,1215000000,-3000000,304000000,550000000,27.06,31.81,22.31,0.0225,0.0052,19.1,1.44,77.31,4.5,2.8752,0.8807,0.2182,0.0072,0.73,-2.62,0.5028
2000-06-30,385758143,385758143,1,31229000000,4620000000,23991000000,7434000000,7238000000,0,0,0,6535000000,5638000000,248000000,248000000,0.69,0.68,0.3,613000000,-440000000,-126000000,47000000,307000000,349000000,24.19,27.75,20.63,0.0159,0.0039,18.76,1.32,186.08,4.2,4.0171,0.9029,0.2318,0.0054,0.7,0.68,0.6215
2000-03-31,385326805,385326805,1,29196000000,3399000000,22109000000,6049000000,7087000000,0,0,0,6468000000,5008000000,280000000,280000000,0.78,0.77,0.3,1062000000,-240000000,-843000000,-21000000,260000000,321000000,21.41,23.13,19.69,0.0053,0.0017,18.39,1.2,None,3.9,11.8314,0.9127,0.2427,0.0019,0.68,1.92,0.5619
1999-12-31,384825799,384825799,1,29715000000,3824000000,22829000000,6331000000,6886000000,0,0,0,6673000000,4363000000,-592000000,-592000000,-1.6,-1.6,0.3,282000000,-181000000,61000000,162000000,468000000,526000000,23.47,26.69,20.25,-0.0125,-0.0023,17.89,1.16,12.76,3.6,None,0.9691,0.2317,None,0.66,-0.63,0.604
1999-09-30,383979721,383979721,1,31486000000,4213000000,23716000000,6850000000,7770000000,0,0,0,6845000000,6380000000,183000000,179000000,0.5,0.5,0.3,368000000,-210000000,-173000000,-15000000,306000000,318000000,29.13,33.25,25,0.089,0.022,20.24,1.45,15.41,3.3,0.6633,0.881,0.2468,0.0316,0.67,0.13,0.615
1999-06-30,383949779,383949779,1,31426000000,3947000000,23711000000,6505000000,7715000000,0,0,0,6895000000,4820000000,180000000,172000000,0.49,0.46,0.3,633000000,629000000,-1220000000,42000000,321000000,368000000,32.28,34,30.56,0.0911,0.0228,20.09,1.62,17.08,3,0.6441,0.8937,0.2455,0.0342,0.64,0.69,0.6068
1999-03-31,383567880,383567880,1,34108000000,5622000000,26481000000,8287000000,7627000000,0,0,0,7232000000,5257000000,156000000,147000000,0.42,0.37,0.3,1004000000,-355000000,-711000000,-62000000,279000000,372000000,31.59,33.69,29.5,0.0908,0.023,19.88,1.5,16.8,2.7,0.6415,0.9482,0.2236,0.0343,0.65,1.65,0.6784
1998-12-31,382964605,382964605,1,33234000000,4955000000,25168000000,6755000000,8066000000,0,0,0,7422000000,5495000000,196000000,196000000,0.51,0.51,0.3,-214000000,-850000000,1094000000,30000000,341000000,357000000,32.72,35.06,30.38,0.0893,0.0233,21.06,1.57,20.32,2.4,0.6479,0.9202,0.2427,0.0355,0.65,-1.49,0.7335
1998-09-30,382515765,382515765,1,31638000000,3838000000,23336000000,6106000000,8302000000,0,343000000,0,7060000000,5307000000,210000000,199000000,0.55,0.55,0.3,1265000000,-483000000,-821000000,-39000000,311000000,337000000,31.66,33.44,29.88,0.0745,0.0204,20.81,1.54,18.85,2.1,0.756,0.887,0.2516,0.0313,0.64,2.43,0.6286
1998-06-30,381991996,381991996,1,29289000000,3822000000,21085000000,4275000000,8204000000,0,329000000,0,7503000000,4787000000,174000000,174000000,0.46,0.46,0.3,398000000,-395000000,84000000,87000000,350000000,419000000,31.63,33.19,30.06,0.0803,0.0224,20.62,1.54,18.5,1.8,0.7077,0.9528,0.2689,0.0367,0.61,-0.05,0.894
1998-03-31,381473556,381473556,1,29336000000,3970000000,21197000000,3984000000,8139000000,0,328000000,0,7531000000,4353000000,139000000,139000000,0.36,0.36,0.3,852000000,-516000000,-1470000000,-1134000000,263000000,506000000,31.31,33.56,29.06,0.0829,None,20.48,1.34,17.69,1.5,0.6938,0.9642,0.2663,0.0416,0.57,0.91,0.9965
1997-12-31,381010366,381010366,1,30557000000,5025000000,21258000000,3984000000,9299000000,0,402000000,0,7659000000,4888683000,93946000,93946000,0.24,None,0.3,458153000,-537418000,908985000,829720000,1397000000,640847000,26.97,30.94,23,0.0868,None,23.35,1.34,None,1.2,0.6728,0.8609,0.2912,0.0465,0.54,-0.48,1.2613
1997-09-30,420843197,420843197,1,29414747000,3885903000,20393486000,5172574000,9021261000,0,528091000,0,8181912000,4062917000,256645000,256645000,0.62,None,0.3,1022068000,-431002000,-231572000,359494000,566682000,411237000,23.82,24.94,22.69,None,None,20.18,1.22,None,0.9,None,0.9634,0.2887,None,None,1.45,0.7513
1997-06-30,395112240,395112240,1,26674938000,2939176000,18426168000,4052899000,8248770000,0,528091000,0,7661892000,3082906000,192905000,192905000,0.49,None,0.3,168424000,-386549000,304979000,86854000,207188000,441676000,23.69,25,22.38,None,None,19.54,1.23,None,0.6,None,0.9924,0.2894,None,None,-0.69,0.7252
1997-03-31,408852050,408852050,1,26636620000,2816057000,18215829000,3677194000,8420791000,0,528091000,0,7715826000,3365494000,172504000,172504000,0.42,None,0.3,969355000,-416031000,-576392000,-23068000,120334000,328240000,22.56,24.25,20.88,None,None,19.3,1.2,None,0.3,None,0.9776,0.2963,None,None,1.57,0.7658
1996-12-31,416528027,416528027,1,26129925000,2671433000,17766624000,3240250000,8363301000,0,539556000,0,7770067000,None,None,None,None,None,0,None,None,None,None,143402000,0,22.56,24.25,20.88,None,None,18.78,None,None,0,None,0.9931,0.2994,None,None,None,0.8245
