"Quarter end","Shares","Shares split adjusted","Split factor","Assets","Current Assets","Liabilities","Current Liabilities","Shareholders equity","Non-controlling interest","Preferred equity","Goodwill & intangibles","Long-term debt","Revenue","Earnings","Earnings available for common stockholders","EPS basic","EPS diluted","Dividend per share","Cash from operating activities","Cash from investing activities","Cash from financing activities","Cash change during period","Cash at end of period","Capital expenditures","Price","Price high","Price low","ROE","ROA","Book value of equity per share","P/B ratio","P/E ratio","Cumulative dividends per share","Dividend payout ratio","Long-term debt to equity ratio","Equity to assets ratio","Net margin","Asset turnover","Free cash flow per share","Current ratio"
2019-05-31,102487039,102487039,1,7436662000,2236280000,4433941000,1127733000,3002721000,0,0,3337036000,2537507000,1793730000,226119000,226119000,2.13,2.07,0,397145000,-72624000,-308007000,15786000,96645000,68914000,209.77,227.64,191.91,0.2819,0.1197,29.3,6.9,27.67,14.4,0.2422,0.8451,0.4038,0.1284,0.93,3.2,1.983
2019-02-28,104570866,104570866,1,7433673000,2223756000,4254181000,994351000,3179492000,0,0,3356185000,2536958000,1682330000,203334000,203334000,1.91,1.85,0,326150000,-76374000,-257919000,-7620000,80859000,70191000,181.66,207.33,155.98,0.2689,0.1162,30.41,6.27,21.52,14.4,0.2536,0.7979,0.4277,0.1249,0.93,2.45,2.2364
2018-11-30,104543895,104543895,1,7405083000,2215870000,4377839000,1114686000,3027244000,0,0,3366749000,2536408000,1718268000,243013000,243013000,2.25,2.18,2.05,181582000,-15855000,-194871000,-29877000,88479000,73086000,192.68,217.34,168.02,0.3073,0.1321,28.96,6.16,25.72,14.4,0.2271,0.8379,0.4088,0.1414,0.93,1.04,1.9879
2018-08-31,106895748,106895748,1,7287204000,2104378000,3941236000,679094000,3345968000,0,0,3385947000,2535859000,1697975000,212515000,212515000,1.96,1.89,0,162985000,-70785000,-112508000,-20368000,118356000,64528000,198.47,214.75,182.2,0.2838,0.119,31.3,6.99,26.25,12.35,0.2059,0.7579,0.4592,0.1277,0.93,0.92,3.0988
2018-05-31,106279307,106279307,1,6958214000,1977932000,3941688000,775857000,3016526000,0,0,3392656000,2535309000,1669550000,186171000,186171000,1.71,1.66,0,303296000,-45715000,-271850000,-13839000,138724000,75659000,173.17,184.22,162.11,0.3056,0.1216,28.38,6.39,26,12.35,0.2047,0.8405,0.4335,0.1301,0.93,2.14,2.5494
2018-02-28,106720902,106720902,1,6928593000,1979576000,4034596000,917573000,2893997000,0,0,3377344000,2534760000,1589138000,302095000,302095000,2.79,2.71,0,281855000,-83765000,-282769000,-83439000,152563000,63574000,160.14,172.91,147.38,0.2872,0.1073,27.12,6.68,31.9,12.35,0.2329,0.8759,0.4177,0.1183,0.91,2.05,2.1574
2017-11-30,106488799,106488799,1,6978801000,2043449000,4425768000,1154371000,2553033000,0,0,3377370000,2534222000,1606441000,137109000,137109000,1.26,1.23,1.62,124643000,-78840000,1912000,44588000,236002000,69949000,144.78,157.81,131.75,0.2319,0.0892,23.97,6,28.5,12.35,0.31,0.9926,0.3658,0.0935,0.95,0.51,1.7702
2017-08-31,106304385,106304385,1,6851606000,1924553000,4285725000,1044795000,2565881000,0,0,3392135000,2533672000,1611503000,217211000,217211000,2.02,1.96,0,254366000,72622000,-311433000,22148000,191414000,62517000,131.37,139.74,123,0.2468,0.101,24.14,6.02,29.99,10.73,0.2495,0.9874,0.3745,0.0992,1.02,1.8,1.842
2017-05-31,105435865,105435865,1,6844057000,1954478000,4541264000,1130852000,2302793000,0,0,3369323000,2770624000,1451193000,84235000,84235000,0.78,0.76,0,280129000,-2144874000,1886136000,22022000,169266000,54696000,123.03,128.85,117.21,0.2264,0.0986,21.84,5.95,25.42,10.73,0.2906,1.2032,0.3365,0.0903,1.09,2.14,1.7283
2017-02-28,105322553,105322553,1,4271164000,1629941000,2092906000,943968000,2178258000,0,0,1386758000,745189000,1281135000,118005000,118005000,1.1,1.07,0,182037000,-73430000,-104562000,3671000,147244000,63448000,117.58,122.21,112.96,0.2626,0.1259,20.68,6.1,24.39,10.73,0.2649,0.3421,0.51,0.1025,1.23,1.13,1.7267
2016-11-30,105039128,105039128,1,4214579000,1600662000,2188874000,748757000,2025705000,0,0,1386908000,1044834000,1296923000,140377000,140377000,1.32,1.29,1.33,144133000,8561000,-106044000,44364000,143573000,76593000,111,119.94,102.07,0.2699,0.126,19.29,5.86,16.84,10.73,0.2652,0.5158,0.4806,0.1037,1.22,0.64,2.1378
2016-08-31,104935651,104935651,1,4167145000,1594748000,2179743000,710859000,1987402000,0,0,1383167000,1044628000,1294130000,138091000,138091000,1.29,1.26,0,157588000,-100606000,-97028000,-40148000,99209000,78580000,104.47,117.69,91.24,0.3797,0.1726,18.94,5.91,16.82,9.4,0.1552,0.5256,0.4769,0.1463,1.18,0.75,2.2434
2016-05-31,104207491,104207491,1,4104393000,1590035000,2261734000,815555000,1842659000,0,0,1375308000,1050000000,1271405000,130898000,130898000,1.24,1.22,0,168691000,-73397000,-272409000,-175759000,139357000,67883000,89.91,95.49,84.32,0.3667,0.1641,17.68,4.93,15.26,9.4,0.1637,0.5698,0.4489,0.1414,1.16,0.97,1.9496
2016-02-29,107003201,107003201,1,4231210000,1758824000,2281104000,858804000,1950106000,0,0,1370814000,1050000000,1216083000,117341000,117341000,1.07,1.05,0,32117000,-111490000,-210096000,-291669000,315116000,85685000,86.82,93.64,80,0.3489,0.1572,18.22,4.88,15.39,9.4,0.17,0.5384,0.4609,0.1398,1.12,-0.5,2.048
2015-11-30,108130453,108130453,1,4450792000,2043280000,2526264000,1130981000,1924528000,0,0,1343777000,1050000000,1219080000,345100000,345100000,3.11,3.06,1.05,121954000,515130000,-174500000,459925000,606785000,59186000,88.53,94.35,82.71,0.333,0.1516,17.8,5.17,24.73,9.4,0.1759,0.5456,0.4324,0.1382,1.1,0.58,1.8066
2015-08-31,107959511,107959511,1,4122949000,1733952000,2274280000,959326000,1848669000,0,0,1347809000,1050000000,1198890000,100181000,100181000,0.89,0.88,0,143083000,-201862000,-209719000,-270213000,146860000,62631000,83.87,89.74,78,0.2095,0.0974,17.12,4.78,23.1,8.35,0.4741,0.568,0.4484,0.092,1.06,0.75,1.8075
2015-05-31,110211359,110211359,1,4192460000,1735807000,2260005000,621058000,1932455000,0,0,1238046000,1300000000,1142583000,105215000,105215000,0.91,0.9,0,202630000,88063000,-230610000,58753000,417073000,54680000,83.87,88.23,79.51,0.2037,0.0972,17.53,4.69,22.31,8.35,0.4632,0.6727,0.4609,0.0962,1.01,1.34,2.7949
2015-02-28,114394731,114394731,1,4266346000,1710125000,2218680000,579231000,2047666000,0,0,1239213000,1300000000,1108847000,94883000,94883000,0.81,0.8,0,85073000,-109259000,-442243000,-468404000,358320000,50015000,77.4,84.18,70.61,0.2077,0.1007,17.9,4.12,21.21,8.35,0.4407,0.6349,0.48,0.1008,1,0.31,2.9524
2014-11-30,117327890,117327890,1,4697571000,2145980000,2494237000,851764000,2203334000,0,0,1230950000,1300000000,1123379000,120412000,120412000,1.02,1,1.7,144372000,105002000,1491000,245271000,826724000,44975000,69.87,73.95,65.79,0.1985,0.0977,18.78,3.6,20.86,8.35,0.4509,0.59,0.469,0.098,1,0.85,2.5195
2014-08-31,116979108,116979108,1,4556270000,2012949000,2284296000,636011000,2271974000,0,0,1234153000,1300000000,1102077000,110108000,110108000,0.94,0.93,0,148201000,-38819000,-41198000,68165000,581453000,68050000,64.1,66.5,61.7,0.1837,0.0915,19.42,3.4,21.02,6.65,0.2269,0.5722,0.4986,0.0897,1.02,0.69,3.165
2014-05-31,116403688,116403688,1,4462452000,1805681000,2269594000,630131000,2192858000,0,0,1323086000,1300477000,1157479000,127224000,127224000,1.04,1.03,0,222196000,144605000,-203574000,164429000,513288000,31965000,58.95,62.26,55.65,0.1706,0.0854,18.84,3.16,21.75,6.65,0.2465,0.5931,0.4914,0.0823,1.04,1.63,2.8656
2014-02-28,120192562,120192562,1,4400441000,1664909000,2156408000,552802000,2244033000,0,0,1616540000,1300523000,1130237000,84602000,84602000,0.7,0.69,0,163493000,-40621000,-81758000,39525000,348859000,36830000,58.55,63.28,53.83,0.1516,0.0765,18.67,3.27,22.35,6.65,0.277,0.5795,0.51,0.0737,1.04,1.05,3.0118
2013-11-30,119850031,119850031,1,4365398000,1618782000,2217426000,614561000,2147972000,0,0,1621355000,1300615000,1143753000,84862000,84862000,0.71,0.7,0.77,139721000,-53523000,-55470000,30664000,309334000,39323000,52.81,57.99,47.64,0.1491,0.075,17.92,2.95,20.71,6.65,0.2854,0.6055,0.492,0.0723,1.04,0.84,2.634
2013-08-31,122520572,122520572,1,4311177000,1572289000,2115166000,515695000,2196011000,0,0,1624125000,1300799000,1120343000,77754000,77754000,0.63,0.63,0,82559000,-67004000,-88933000,-73603000,278670000,37462000,46.98,49.42,44.55,0.147,0.074,17.92,2.61,18.64,5.88,0.2493,0.5923,0.5094,0.0722,1.03,0.37,3.0489
2013-05-31,122320408,122320408,1,4345632000,1624826000,2144140000,556256000,2201492000,0,0,1609713000,1300979000,1129086000,85977000,85977000,0.69,0.69,0,184405000,-29348000,-19537000,134803000,352273000,44687000,44.19,46.27,42.11,0.1473,0.0745,18,2.54,18.19,5.88,0.2501,0.591,0.5066,0.0731,1.02,1.14,2.921
2013-02-28,122520572,122520572,1,4221299000,1509452000,2091053000,500752000,2130246000,0,0,1613560000,1308656000,1075674000,74705000,74705000,0.6,0.6,0,141080000,-63254000,-101915000,-25017000,217470000,52737000,42.71,45.29,40.13,0.1449,0.0736,17.39,2.53,17.72,5.88,0.2561,0.6143,0.5046,0.0726,1.01,0.72,3.0144
2012-11-30,123286223,123286223,1,4217882000,1519662000,2137238000,555179000,2080644000,0,0,1612891000,1308829000,1060386000,78027000,78027000,0.63,0.63,0.64,132398000,-130338000,-79127000,-76730000,242487000,51624000,42.41,45.6,39.22,0.1444,0.0737,16.88,2.46,18.05,5.88,0.255,0.629,0.4933,0.0741,1,0.66,2.7372
2012-08-31,124902787,124902787,1,4152235000,1523877000,1997820000,384111000,2154415000,0,0,1561401000,1309012000,1051325000,76733000,76733000,0.61,0.6,0,94865000,-61241000,-55479000,-20608000,319217000,47438000,38.52,41.64,35.41,0.1423,0.0729,17.25,2.28,16.97,5.24,0.2291,0.6076,0.5189,0.0739,0.99,0.38,3.9673
2012-05-31,126529863,126529863,1,4160906000,1541568000,2021771000,670891000,2139135000,0,0,1562197000,1059166000,1053582000,78614000,78614000,0.6,0.6,0,162148000,88900000,-127603000,121842000,339825000,43086000,38.5,40.61,36.4,0.1392,0.071,16.91,2.28,17.58,5.24,0.2354,0.4951,0.5141,0.0726,0.98,0.94,2.2978
2012-02-29,129795443,129795443,1,4253167000,1625536000,2056540000,648561000,2196627000,0,0,1486465000,1059276000,1012112000,76035000,76035000,0.58,0.58,0,131756000,-51218000,-70919000,10211000,217983000,37884000,34.33,39.34,29.31,0.133,0.0684,16.92,2.12,17,5.24,0.2417,0.4822,0.5165,0.0714,0.96,0.72,2.5064
2011-11-30,129732772,129732772,1,4215312000,1591868000,2112693000,720201000,2102619000,0,0,1483635000,1059490000,1019126000,74350000,74350000,0.57,0.57,0.54,119396000,-59640000,104000,57460000,207772000,35411000,29.43,32.48,26.39,0.1214,0.0655,16.21,1.81,16.08,5.24,0.2568,0.5039,0.4988,0.0684,0.96,0.65,2.2103
2011-08-31,129723256,129723256,1,4127892000,1482615000,2013407000,618646000,2114485000,0,0,1488152000,1059648000,1017180000,68638000,68638000,0.52,0.52,0,56562000,-82336000,-262157000,-287794000,150312000,44421000,30.56,34.54,26.59,0.1096,0.0621,16.3,1.74,17.87,4.7,0.2799,0.5011,0.5122,0.0652,0.95,0.09,2.3965
2011-05-31,131204758,131204758,1,4351940000,1700777000,2049291000,434139000,2302649000,0,0,1590194000,1284790000,1012087000,70776000,70776000,0.52,0.52,0,132931000,-109638000,232032000,253375000,438106000,40294000,30.06,32.9,27.22,0.1025,0.0612,17.55,1.77,19.39,4.7,0.2883,0.558,0.5291,0.0648,0.94,0.71,3.9176
2011-02-28,145303323,145303323,1,3972070000,1322938000,1499128000,391636000,2472942000,0,0,1491116000,806447000,937827000,59070000,59070000,0.41,0.41,0,98726000,-127975000,-51549000,-76222000,184731000,54164000,28.69,30.19,27.18,0.0939,0.0588,17.02,1.74,19.65,4.7,0.3073,0.3261,0.6226,0.0625,0.94,0.31,3.378
2010-11-30,145301073,145301073,1,3928295000,1354846000,1533182000,468795000,2395113000,0,0,1435352000,785222000,936566000,55866000,55866000,0.38,0.38,0.49,73931000,-33431000,-72760000,-29693000,260953000,39934000,27.09,28.47,25.7,0.0898,0.0563,16.48,1.59,18.68,4.7,0.6524,0.3278,0.6097,0.061,0.92,0.23,2.8901
2010-08-31,145298073,145298073,1,3890904000,1372153000,1420926000,359479000,2469978000,0,0,1400797000,785682000,923904000,61277000,61277000,0.4,0.4,0,35298000,-27549000,-127761000,-120635000,290646000,48200000,25.38,27.26,23.5,0.0894,0.0568,17,1.53,18.13,4.21,0.3292,0.3181,0.6348,0.0623,0.91,-0.09,3.8171
2010-05-31,152869848,152869848,1,3969736000,1524944000,1435707000,383682000,2534029000,0,0,1356925000,785444000,909449000,55478000,55478000,0.36,0.36,0,132383000,-51193000,-74691000,4778000,411281000,32150000,26.8,28.73,24.86,0.0869,0.0553,16.58,1.66,25.05,4.21,0.3403,0.31,0.6383,0.0608,0.91,0.66,3.9745
2010-02-28,152869848,152869848,1,3959909000,1515745000,1484721000,439249000,2475188000,0,0,1352096000,785595000,861812000,48982000,48982000,0.32,0.32,0.48,135014000,-71459000,179000,64489000,406503000,30836000,26.71,29.68,23.75,0.0673,0.0428,16.19,1.64,21.89,4.21,0.4468,0.3174,0.6251,0.0467,0.92,0.68,3.4508
2009-11-30,152869220,152869220,1,3886348000,1465170000,1390263000,345560000,2496085000,0,0,1334773000,785748000,884509000,57176000,57176000,0.37,0.37,0,149281000,-34112000,-1375000,114703000,342014000,23273000,28.75,30.69,26.81,0.0779,0.0495,16.33,1.81,21.78,3.73,0.3839,0.3148,0.6423,0.0525,0.94,0.82,4.24
2009-08-31,152865470,152865470,1,3779070000,1340254000,1354029000,314613000,2425041000,0,0,1333319000,785899000,891569000,53984000,53984000,0.35,0.35,0,144894000,-46736000,-622000,97566000,227311000,24819000,24.8,28,21.61,0.0855,0.0538,15.86,1.6,16.76,3.73,0.356,0.3241,0.6417,0.055,0.98,0.79,4.26
2009-05-31,152790170,152790170,1,3720951000,1270273000,1353542000,317465000,2367409000,0,0,1331388000,786058000,878683000,4072000,4072000,0.03,0.03,0,183803000,-37705000,-72227000,75494000,129745000,27309000,22.49,26.83,18.15,0.0973,0.0602,15.49,1.48,10.97,3.73,0.3172,0.332,0.6362,0.06,1,1.02,4.0013
2009-02-28,152790170,152790170,1,3719444000,1201922000,1399458000,374209000,2319986000,0,0,1325377000,786204000,908639000,71811000,71811000,0.47,0.47,0.47,164578000,-90021000,-83438000,-8162000,54251000,36826000,22.88,25.7,20.06,0.1358,0.0825,15.18,1.5,10.84,3.73,0.2302,0.3389,0.6237,0.0799,1.03,0.84,3.2119
2008-11-30,152790170,152790170,1,3766791000,1245281000,1442045000,324598000,2324746000,0,0,1320248000,869721000,985184000,71838000,71838000,0.47,0.47,0,86803000,653000,-79862000,4170000,62413000,41496000,26.42,33.05,19.8,0.1425,0.0849,15.22,1.76,12.18,3.26,0.2196,0.3741,0.6172,0.0811,1.05,0.3,3.8364
2008-08-31,152788444,152788444,1,3826599000,1286948000,1535748000,343863000,2290851000,0,0,1320501000,949588000,1002179000,78636000,78636000,0.51,0.51,0,88338000,-76148000,-18821000,-7981000,58243000,54461000,28.41,31.38,25.44,0.1504,0.0882,14.99,1.94,13.09,3.26,0.2123,0.4145,0.5987,0.0839,1.05,0.22,3.7426
2008-05-31,153691103,153691103,1,3808601000,1282336000,1554470000,367242000,2254131000,0,0,1315569000,942736000,1008955000,89661000,89661000,0.6,0.6,0,175322000,-72781000,-91992000,10549000,66224000,45485000,29.38,31.01,27.74,0.1523,0.0901,14.67,2.09,13.6,3.26,0.2108,0.4182,0.5919,0.0852,1.06,0.84,3.4918
2008-02-29,153683603,153683603,1,3762278000,1238818000,1596815000,392675000,2165463000,0,0,1311089000,964065000,975952000,81828000,81828000,0.53,0.53,0.46,98559000,-108757000,9233000,-965000,55675000,51641000,31.77,34.75,28.78,0.1541,0.0917,14.09,2.27,15.06,3.26,0.2104,0.4452,0.5756,0.0863,1.06,0.31,3.1548
2007-11-30,153677978,153677978,1,3699582000,1227663000,1551954000,363188000,2147628000,0,0,1277929000,947473000,983865000,82853000,82853000,0.53,0.53,0,213536000,-74559000,-123178000,15799000,56640000,47863000,34.89,38,31.79,0.1537,0.0919,13.97,2.47,16.69,2.8,0.187,0.4412,0.5805,0.0866,1.06,1.08,3.3802
2007-08-31,158865253,158865253,1,3620830000,1173902000,1376869000,260911000,2243961000,0,0,1270780000,876522000,969128000,81063000,81063000,0.51,0.51,0,57126000,-54878000,3233000,5481000,40841000,45344000,38.13,40.9,35.37,0.1544,0.0936,14.12,3.04,18.07,2.8,0.1871,0.3906,0.6197,0.0879,1.06,0.07,4.4992
2007-05-31,172898842,172898842,1,3570480000,1156736000,1402742000,403038000,2167738000,0,0,1245877000,877074000,964075000,90322000,90322000,0.59,0.59,0,127314000,-71728000,-51784000,3802000,35360000,52188000,38.23,40.51,35.95,0.1598,0.0963,12.54,2.95,18.38,2.8,0.185,0.4046,0.6071,0.0902,1.07,0.43,2.87
2007-02-28,158652776,158652776,1,3507489000,1131739000,1451330000,681096000,2056159000,0,0,1226176000,654376000,905398000,76727000,76727000,0.48,0.48,0.39,94743000,-134404000,32280000,-7381000,31558000,47315000,41.26,42.81,39.71,0.1622,0.0978,12.96,3.14,20.03,2.8,0.364,0.3183,0.5862,0.0921,1.06,0.3,1.6616
2006-11-30,159707836,159707836,1,3435064000,1155453000,1338652000,659965000,2096412000,0,0,1170480000,561796000,923266000,82527000,82527000,0.51,0.51,0,171490000,-66712000,-100804000,3974000,38939000,44825000,40.51,43.63,37.39,0.1602,0.0991,13.13,3.17,20.15,2.41,0.1794,0.268,0.6103,0.0941,1.05,0.79,1.7508
2006-08-31,160560253,160560253,1,3384221000,1127013000,1333162000,583003000,2051059000,0,0,1153867000,627393000,914161000,84962000,84962000,0.53,0.53,0,55844000,-864000,-58929000,-3949000,34965000,36496000,38.73,42.54,34.92,0.1568,0.1001,12.77,3.21,19.86,2.41,0.1818,0.3059,0.6061,0.0952,1.05,0.12,1.9331
2006-05-31,172797254,172797254,1,3425237000,1178008000,1337274000,411828000,2087963000,0,0,1136175000,794454000,907927000,91927000,91927000,0.56,0.56,0.35,150567000,-59627000,-100069000,-9129000,38914000,54552000,42.1,44.3,39.9,0.1535,0.101,12.08,3.24,22.51,2.41,0.1849,0.3805,0.6096,0.0961,1.05,0.56,2.8604
2006-02-28,168148930,168148930,1,3362364000,1147960000,1177833000,409298000,2184531000,0,0,1123795000,634193000,836421000,77745000,77745000,0.47,0.46,0,105155000,-289165000,179457000,-4553000,48043000,31899000,42.59,45.4,39.78,0.149,0.1011,12.99,3.31,23.4,2.06,0.1732,0.2903,0.6497,0.0963,1.05,0.44,2.8047
2005-11-30,168015616,168015616,1,3120967000,1152575000,958433000,363611000,2162534000,0,0,953909000,461890000,835785000,77971000,77971000,0.46,0.46,0,159134000,-89551000,-60424000,9159000,52596000,34037000,41.74,45.17,38.31,0.1478,0.1016,12.87,3.35,23.32,2.06,0.1768,0.2136,0.6929,0.0967,1.05,0.74,3.1698
2005-08-31,167961160,167961160,1,3042726000,1136507000,949905000,305598000,2092821000,0,0,903356000,510572000,823475000,79535000,79535000,0.47,0.47,0,47030000,-1703000,-45086000,241000,43437000,36144000,41.5,45.49,37.51,0.1476,0.1012,12.46,3.4,23.85,2.06,0.1793,0.244,0.6878,0.0977,1.04,0.06,3.719
2005-05-31,172249416,172249416,1,3059744000,1166544000,955609000,356481000,2104135000,0,0,889538000,465291000,809246000,82960000,82960000,0.48,0.48,0.32,125988000,-36749000,-117903000,-28664000,43196000,39771000,41.22,44.55,37.89,0.1465,0.1005,12.22,3.41,24.54,2.06,0.1834,0.2211,0.6877,0.098,1.03,0.5,3.2724
2005-02-28,172089720,172089720,1,3055523000,1192253000,974619000,385358000,2080904000,0,0,871094000,462202000,755241000,71332000,71332000,0.42,0.41,0,91601000,-129133000,-4003000,-41535000,71860000,27093000,44.32,46.87,41.77,0.1453,0.0992,12.09,3.7,26.7,1.74,0.1713,0.2221,0.681,0.0969,1.02,0.37,3.0939
2004-11-30,171724135,171724135,1,2994095000,1185510000,938974000,344083000,2055121000,0,0,830492000,465178000,756840000,73560000,73560000,0.43,0.43,0,143789000,-121061000,8718000,31446000,113395000,38527000,43.14,45.91,40.38,0.1479,0.1001,11.97,3.76,26.47,1.74,0.1742,0.2264,0.6864,0.0972,1.03,0.61,3.4454
2004-08-31,171649881,171649881,1,2847014000,1059451000,880649000,279964000,1966365000,0,0,815936000,474266000,745956000,72666000,72666000,0.42,0.42,0,52835000,-63791000,5548000,-5408000,81949000,35336000,43.78,48.06,39.51,0.1511,0.1014,11.46,3.98,27.71,1.74,0.1766,0.2412,0.6907,0.0977,1.04,0.1,3.7842
2004-05-31,171475331,171475331,1,2810297000,1034243000,922328000,325686000,1887969000,0,0,805441000,473685000,738154000,72728000,72728000,0.42,0.42,0.29,149273000,-108958000,-66710000,-26395000,87357000,27869000,44.06,47.92,40.2,0.1513,0.1003,11.01,4.16,28.61,1.74,0.1827,0.2509,0.6718,0.0967,1.04,0.71,3.1756
2004-02-29,171188201,171188201,1,2755004000,1033032000,944272000,345045000,1810732000,0,0,756118000,482576000,696940000,66493000,66493000,0.39,0.39,0,110906000,-93844000,-1906000,15156000,113752000,27998000,46.45,50.68,42.21,0.1522,0.0996,10.58,4.44,31.17,1.45,0.1741,0.2665,0.6573,0.0962,1.04,0.48,2.9939
2003-11-30,171052166,171052166,1,2694943000,997457000,906525000,322251000,1788418000,0,0,730850000,482850000,701309000,69657000,69657000,0.41,0.4,0,177472000,-93097000,-40693000,43682000,98596000,26014000,42.2,47.59,36.8,0.1533,0.0985,10.46,4.22,28.9,1.45,0.1792,0.27,0.6636,0.0946,1.04,0.89,3.0953
2003-08-31,170774995,170774995,1,2596126000,897381000,886148000,259295000,1709978000,0,0,726334000,527714000,677656000,63327000,63327000,0.37,0.37,0,72058000,-47905000,-1478000,22675000,54914000,31007000,38.21,41.87,34.55,0.155,0.0971,10.01,3.96,26.35,1.45,0.1837,0.3086,0.6587,0.093,1.04,0.24,3.4608
2003-05-31,170717924,170717924,1,2582946000,877544000,936614000,304839000,1646332000,0,0,721855000,534763000,676144000,65211000,65211000,0.38,0.38,0.27,78759000,-27942000,-60753000,-9936000,32239000,34572000,34.29,37.85,30.73,0.1595,0.097,9.64,3.72,23.81,1.45,0.1849,0.3248,0.6374,0.0928,1.05,0.26,2.8787
2003-02-28,170462888,170462888,1,2577213000,891148000,1007425000,352655000,1569788000,0,0,708445000,566737000,663757000,59055000,59055000,0.35,0.34,0,69780000,-36432000,-42082000,-8734000,42175000,29065000,41.14,51.67,30.6,0.1646,0.0972,9.21,4.52,28.97,1.18,0.1714,0.361,0.6091,0.0949,1.02,0.24,2.527
2002-11-30,170290695,170290695,1,2584841000,906476000,1034242000,338574000,1550599000,0,0,699586000,610894000,680958000,63340000,63340000,0.37,0.37,0,112169000,-43179000,-51488000,17502000,50909000,29735000,45.45,51.75,39.15,0.1682,0.1026,9.11,5.21,32.7,1.18,0.1738,0.394,0.5999,0.098,1.05,0.48,2.6773
2002-08-31,170166453,170166453,1,2535952000,864044000,1050279000,303446000,1485673000,0,0,689043000,663590000,665726000,61647000,61647000,0.36,0.36,0,69979000,-28669000,-48531000,-7221000,33407000,21647000,46.3,52.46,40.15,0.1706,0.1084,8.73,5.53,34.04,1.18,0.1777,0.4467,0.5858,0.1009,1.07,0.28,2.8474
2002-05-31,170124315,170124315,1,2519234000,853250000,1095475000,312634000,1423759000,0,0,678598000,703250000,603813000,64142000,64142000,0.38,0.37,0.25,96642000,-618220000,475949000,-45629000,40628000,22307000,None,None,None,0.173,0.116,8.37,None,None,1.18,0.1816,0.4939,0.5652,0.1031,1.12,0.44,2.7292
2002-02-28,169857688,169857688,1,1898362000,936804000,540067000,298375000,1358295000,0,0,145845000,186143000,545491000,55584000,55584000,0.33,0.32,0,100029000,-89234000,-25817000,-15022000,86257000,23937000,None,None,None,0.1763,0.126,8,None,None,0.93,0.1621,0.137,0.7155,0.1032,1.22,0.45,3.1397
2001-11-30,169767033,169767033,1,1875199000,920393000,530053000,266803000,1345146000,0,0,139579000,209031000,557148000,57985000,57985000,0.34,0.34,0,120332000,-74482000,-9322000,36528000,101279000,28309000,None,None,None,0.1811,0.1287,7.92,None,None,0.93,0.1626,0.1554,0.7173,0.1034,1.24,0.54,3.4497
2001-08-31,169713323,169713323,1,1785270000,838709000,496606000,225666000,1288664000,0,0,130745000,217738000,564600000,56540000,56540000,0.33,0.33,0,60430000,-67410000,-1993000,-8973000,64751000,32731000,None,None,None,0.1871,0.1316,7.59,None,None,0.93,0.1636,0.169,0.7218,0.1035,1.27,0.16,3.7166
2001-05-31,169681866,169681866,1,1752224000,819670000,520909000,250903000,1231315000,0,0,0,220940000,562966000,60159000,60159000,0.36,0.35,0.22,99408000,-21973000,-42890000,34545000,73724000,33635000,41.75,49.75,33.75,0.1901,0.1318,7.26,5.85,33.13,0.93,0.1678,0.1794,0.7027,0.103,1.28,0.39,3.2669
2001-02-28,169033666,169033666,1,1724951000,778558000,518047000,229685000,1206904000,0,0,0,232621000,536723000,54910000,54910000,0.32,0.32,0,68246000,-58098000,-5145000,5003000,39179000,35768000,44.75,54,35.5,0.1915,0.1308,7.14,6.56,36.38,0.71,0.1488,0.1927,0.6997,0.1023,1.28,0.19,3.3897
2000-11-30,168756504,168756504,1,1670773000,763122000,520421000,228138000,1150352000,0,0,0,238939000,539052000,56533000,56533000,0.34,0.33,0,50989000,-40390000,-6932000,3667000,34176000,35771000,45.7,52.91,38.5,0.1944,0.1308,6.82,7.06,38.51,0.71,0.153,0.2077,0.6885,0.1026,1.28,0.09,3.345
2000-08-31,168653922,168653922,1,1602802000,719247000,510777000,211424000,1092025000,0,0,0,247317000,521959000,50849000,50849000,0.3,0.3,0,28315000,-40948000,-9040000,-21673000,30509000,42270000,42.44,48.88,36,0.195,0.1294,6.47,6.86,37.23,0.71,0.1592,0.2265,0.6813,0.1022,1.27,-0.08,3.4019
2000-05-31,168506602,168506602,1,1581342000,721470000,538466000,235392000,1042876000,0,0,0,254378000,504838000,52825000,52825000,0.32,0.31,0.19,81688000,-30065000,-40253000,11370000,52182000,37198000,36.31,47.38,25.25,0.1959,0.128,6.19,5.96,37.69,0.71,0.1656,0.2439,0.6595,0.1017,1.26,0.26,3.065
2000-02-29,167457774,167457774,1,1543884000,716784000,523731000,223052000,1020153000,0,0,0,255390000,473929000,49062000,49062000,0.29,0.29,0,68353000,-50459000,-3512000,14382000,40812000,42320000,30.13,37.08,23.17,0.1778,0.1145,6.09,5.2,33.23,0.52,0.1455,0.2503,0.6608,0.0813,1.41,0.16,3.2135
1999-11-30,111565276,167347914,1.5,1486565000,673950000,516896000,213171000,969669000,0,0,0,260000000,465849000,48335000,48335000,0.43,0.43,0,48352000,-47863000,-5859000,-5370000,26430000,36226000,35.84,41.17,30.5,0.1778,0.1147,5.79,6.52,41.35,0.52,0.1558,0.2681,0.6523,0.0803,1.43,0.07,3.1615
1999-08-31,111091423,166637134,1.5,1429203000,630095000,512604000,203473000,916599000,0,0,0,266650000,457375000,43165000,43165000,0.39,0.38,0,59639000,-28551000,-15091000,15997000,31800000,45688000,38.79,45.33,32.25,0.1804,0.1166,5.5,7.42,46.92,0.52,0.1648,0.2909,0.6413,0.0799,1.46,0.08,3.0967
1999-05-31,111055880,166583820,1.5,1407818000,634485000,536395000,212097000,871423000,0,0,0,283581000,669392000,27407000,27407000,0.21,0.2,0.22,63966000,-50330000,-26797000,-13161000,15803000,51470000,44.39,48.79,40,0.1818,0.1181,5.23,9.15,46.56,0.52,0.1758,0.3254,0.619,0.0793,1.49,0.08,2.9915
1999-02-28,105744995,158617492,1.5,1145089000,557968000,376031000,179309000,769058000,0,0,0,168396000,360504000,37872000,37872000,0.36,0.35,0,65328000,-42078000,567000,23817000,28258000,38837000,43.91,52.5,35.33,0.2179,0.1433,4.85,9.52,48.79,0.37,0.122,0.219,0.6716,0.1011,1.42,0.17,3.1118
1998-11-30,105594546,158391819,1.5,1103002000,541745000,372984000,177153000,730018000,0,0,0,168526000,367327000,39800000,39800000,0.38,0.37,0,25421000,-34412000,-4472000,-13463000,4441000,41399000,34.88,38.08,31.67,0.2185,0.1429,4.61,8.02,41.2,0.37,0.1307,0.2309,0.6618,0.1009,1.42,-0.1,3.0581
1998-08-31,105031731,157547596,1.5,1050846000,520283000,364776000,180044000,686070000,0,0,0,158767000,354345000,33860000,33860000,0.32,0.32,0,48347000,-32679000,-10481000,5187000,17904000,39542000,31.29,36.58,26,0.2141,0.141,4.35,7.52,39.11,0.37,0.1423,0.2314,0.6529,0.1007,1.4,0.06,2.8898
1998-05-31,104879612,157319418,1.5,1017836000,508601000,363344000,158991000,654492000,0,0,0,180007000,447985000,43149000,43149000,0.39,None,0.18,23578000,-21861000,-7016000,-5299000,12717000,28725000,31.84,35.17,28.5,0.211,0.1405,4.16,8.14,44.22,0.37,0.1537,0.275,0.643,0.1025,1.37,-0.03,3.1989
1998-02-28,98088774,147133161,1.5,871969000,401485000,297181000,138752000,574788000,0,0,0,134031000,262837000,27674000,27674000,0.28,0.27,0,41504000,-48780000,7131000,-145000,15875000,26211000,27.63,30.67,24.58,0.1933,0.1304,3.91,7.2,39.66,0.25,0.1378,0.2332,0.6592,0.108,1.21,0.1,2.8935
1997-11-30,97800753,146701129,1.5,822996000,392368000,259343000,126789000,563653000,0,0,0,108964000,251984000,27976000,27976000,0.29,None,0,25670000,-13663000,-8372000,3635000,16020000,21943000,25.12,27.11,23.13,0.1906,0.1292,3.84,6.84,37.87,0.25,0.145,0.1933,0.6849,0.1085,1.19,0.03,3.0947
1997-08-31,48734050,146202150,3,784557000,368215000,248470000,115734000,536087000,0,0,0,109741000,235501000,24058000,24058000,0.5,None,0,27968000,-27773000,-2031000,-1836000,12385000,20085000,21.9,23.63,20.17,0.1885,0.1265,3.67,6.22,34.4,0.25,0.153,0.2047,0.6833,0.1079,1.17,0.05,3.1816
1997-05-31,48563693,145691079,3,761823000,355975000,249447000,116131000,512376000,0,0,0,111457000,228643000,25991000,25991000,0.54,None,0.3,27887000,-6177000,-15492000,6218000,14221000,18113000,19.23,21.46,17,0.1879,0.1247,3.52,5.61,31.52,0.25,0.1604,0.2175,0.6726,0.1081,1.15,0.07,3.0653
1997-02-28,48260627,144781881,3,741847000,343595000,245033000,112968000,496814000,0,0,0,112449000,209952000,22454000,22454000,0.47,None,0,33424000,-35867000,-582000,-3025000,8003000,17535000,19.21,20.75,17.67,0.1866,0.1224,3.43,5.77,32.93,0.15,0.1371,0.2263,0.6697,0.1072,1.14,0.11,3.0415
1996-11-30,47472870,142418610,3,720941000,334344000,246552000,112988000,474389000,0,0,0,113244000,208568000,22698000,22698000,0.48,None,0,29192000,-26373000,-3367000,-548000,11028000,17104000,19.59,21.17,18,0.1858,0.1205,3.33,6.18,35.19,0.15,0.1437,0.2387,0.658,0.1059,1.14,0.08,2.9591
1996-08-31,47393516,142180548,3,690269000,314074000,239610000,102306000,450659000,0,0,0,117568000,192786000,19697000,19697000,0.42,None,0,25934000,-23203000,-221000,2510000,11576000,14367000,17.55,18.67,16.42,0.1849,0.1184,3.17,5.81,32.91,0.15,0.1507,0.2609,0.6529,0.1044,1.13,0.08,3.0699
1996-05-31,47376432,142129296,3,668762000,297502000,239265000,102594000,429497000,0,0,0,117924000,194441000,21524000,21524000,0.46,None,0.25,32059000,-21286000,-13262000,-2489000,9066000,13436000,17.17,18.67,15.67,0.1845,0.1164,3.02,5.78,33.89,0.15,0.1575,0.2746,0.6422,0.103,1.13,0.13,2.8998
1996-02-29,47182798,141548394,3,657527000,287597000,237562000,104849000,419965000,0,0,0,114467000,182977000,18524000,18524000,0.39,None,0,33411000,-27009000,-1462000,4940000,11555000,13618000,15.38,16.83,13.92,0.1829,0.114,2.97,5.43,31.6,0.07,0.1314,0.2726,0.6387,0.1014,1.12,0.14,2.743
1995-11-30,47105294,141315882,3,638661000,271790000,238119000,101664000,400542000,0,0,0,118366000,182369000,18847000,18847000,0.4,None,0,16174000,-15938000,-1147000,-911000,6615000,14470000,14.25,16,12.5,0.1823,0.1121,2.83,5.3,30.54,0.07,0.1376,0.2955,0.6272,0.1014,1.11,0.01,2.6734
1995-08-31,47046610,141139830,3,619638000,260479000,239380000,100953000,380258000,0,0,0,119788000,170343000,16288000,16288000,0.35,None,0,30782000,-29992000,51000,841000,7526000,13541000,12.32,13.46,11.17,0.1814,0.1122,2.69,4.78,27.58,0.07,0.1441,0.315,0.6137,0.1014,1.11,0.12,2.5802
1995-05-31,47037905,141113715,3,596181000,241422000,231837000,95012000,364344000,0,0,0,120275000,170253000,17912000,17912000,0.38,None,0.2,21290000,-18697000,-9046000,-6453000,6685000,16021000,12.34,13.42,11.25,0.1821,0.1133,2.58,4.9,None,0.07,0.1499,0.3301,0.6111,0.102,1.11,0.04,2.541
1995-02-28,46996729,140990187,3,583787000,237133000,228537000,91159000,355250000,0,0,0,121736000,151217000,15315000,15315000,0.33,None,0,23163000,-58468000,39183000,3878000,13138000,15179000,12.04,12.92,11.17,None,None,2.52,5,None,0,None,0.3427,0.6085,None,None,0.06,2.6013
1994-11-30,46919314,140757942,3,527096000,227067000,187321000,88258000,339775000,0,0,0,82188000,151591000,15756000,15756000,0.34,None,0,10837000,-6908000,-3467000,462000,9260000,13656000,11.33,12.08,10.58,None,None,2.41,4.97,None,0,None,0.2419,0.6446,None,None,-0.02,2.5728
1994-08-31,46724055,140172165,3,508865000,225710000,189832000,88900000,319033000,0,0,0,83533000,142037000,13760000,13760000,0.29,None,0,19960000,-7906000,-11705000,349000,8798000,11690000,10.5,11.08,9.92,None,None,2.28,4.77,None,0,None,0.2618,0.627,None,None,0.06,2.5389
1994-05-31,46855514,140566542,3,501632000,221453000,191980000,91484000,309652000,0,0,0,84184000,None,None,None,None,None,0,18134000,-7869000,-8399000,1866000,8449000,8334000,10.44,10.96,9.92,None,None,2.2,4.83,None,0,None,0.2719,0.6173,None,None,0.07,2.4207
1994-02-28,46787434,140362302,3,489597000,212742000,186966000,82127000,302631000,0,0,0,90186000,129385000,13061000,13061000,0.28,None,0,24783000,-22520000,-4946000,-2683000,6583000,11909000,10.5,11.5,9.5,None,None,2.16,5.07,None,0,None,0.298,0.6181,None,None,0.09,2.5904
1993-11-30,46706146,140118438,3,482446000,213137000,193091000,83388000,289355000,0,0,0,95956000,129783000,13580000,13580000,0.29,None,0,None,None,None,None,9266000,0,9.41,10.5,8.33,None,None,2.07,None,None,0,None,0.3316,0.5998,None,None,None,2.556
