"Quarter end","Shares","Shares split adjusted","Split factor","Assets","Current Assets","Liabilities","Current Liabilities","Shareholders equity","Non-controlling interest","Preferred equity","Goodwill & intangibles","Long-term debt","Revenue","Earnings","Earnings available for common stockholders","EPS basic","EPS diluted","Dividend per share","Cash from operating activities","Cash from investing activities","Cash from financing activities","Cash change during period","Cash at end of period","Capital expenditures","Price","Price high","Price low","ROE","ROA","Book value of equity per share","P/B ratio","P/E ratio","Cumulative dividends per share","Dividend payout ratio","Long-term debt to equity ratio","Equity to assets ratio","Net margin","Asset turnover","Free cash flow per share","Current ratio"
2019-04-30,2854722137,2854722137,1,234544000000,61739000000,159634000000,79888000000,68205000000,6705000000,0,31416000000,47425000000,123925000000,3842000000,3842000000,1.34,1.33,2.12,3563000000,-1135000000,-846000000,1536000000,9292000000,2163000000,98.65,104.18,93.11,0.118,0.0378,23.89,3.91,43.65,24.84,0.7224,0.6953,0.2908,0.0162,2.33,0.49,0.7728
2019-01-31,2869684230,2869684230,1,219295000000,61897000000,139661000000,77477000000,72496000000,7138000000,0,31181000000,50203000000,138793000000,3687000000,3687000000,1.28,1.25,0,10445000000,-3482000000,-8458000000,-1448000000,7756000000,3119000000,96,106.21,85.78,0.0916,0.0311,25.26,3.87,54.86,22.72,0.9202,0.6925,0.3306,0.013,2.4,2.55,0.7989
2018-10-31,2905260059,2905260059,1,226583000000,69446000000,147114000000,85751000000,71996000000,7473000000,0,31044000000,49896000000,124894000000,1710000000,1710000000,0.58,0.58,0,6213000000,-16126000000,3441000000,-6658000000,9204000000,2629000000,95.11,102.6,87.62,0.0696,0.0245,24.78,3.91,54.35,22.72,1.1899,0.693,0.3177,0.0101,2.43,1.23,0.8099
2018-07-31,2928734576,2928734576,1,206062000000,66370000000,132250000000,71683000000,71185000000,2627000000,0,17840000000,51568000000,128028000000,-861000000,-861000000,-0.29,-0.29,0,5934000000,-2746000000,4966000000,7712000000,15862000000,2457000000,85.72,89.66,81.78,0.0691,0.0252,24.31,3.35,28.57,22.72,1.181,0.7244,0.3455,0.0102,2.47,1.19,0.9259
2018-04-30,2950844393,2950844393,1,204927000000,59242000000,126603000000,80757000000,75552000000,2772000000,0,18850000000,36305000000,122690000000,2134000000,2134000000,0.72,0.72,2.08,5161000000,-1682000000,-2486000000,1136000000,8150000000,1620000000,95.7,106.56,84.84,0.1171,0.0437,25.6,3.63,29.18,22.72,0.6852,0.4805,0.3687,0.0177,2.46,1.2,0.7336
2018-01-31,2950696818,2950696818,1,204522000000,59664000000,123700000000,78521000000,77869000000,2953000000,0,18242000000,36825000000,136267000000,2175000000,2175000000,0.73,0.74,0,11277000000,-3189000000,-8459000000,-270000000,6756000000,3066000000,98.49,109.98,87,0.1297,0.0484,26.39,3.83,26.26,20.64,0.6236,0.4729,0.3807,0.0197,2.46,2.78,0.7598
2017-10-31,2962381445,2962381445,1,209414000000,65368000000,130508000000,80435000000,76145000000,2761000000,0,18204000000,40906000000,123179000000,1749000000,1749000000,0.59,0.58,0,5700000000,-2312000000,-2785000000,557000000,7026000000,2396000000,83.31,89.11,77.5,0.1506,0.0565,25.7,3.26,20.07,20.64,0.5374,0.5372,0.3636,0.0231,2.45,1.12,0.8127
2017-07-31,2987201643,2987201643,1,201566000000,56763000000,122520000000,72811000000,76389000000,2657000000,0,18037000000,40469000000,123355000000,2899000000,2899000000,0.96,0.96,0,5975000000,-1685000000,-4659000000,-76000000,6469000000,2417000000,76.8,80.47,73.13,0.1666,0.0631,25.57,3.14,17.45,20.64,0.4831,0.5298,0.379,0.026,2.43,1.19,0.7796
2017-04-30,3014499132,3014499132,1,199718000000,57336000000,123604000000,74193000000,73691000000,2423000000,0,17575000000,40025000000,117542000000,3039000000,3039000000,1,1,2.04,5385000000,-1874000000,-3972000000,-322000000,6545000000,1794000000,70.91,75.77,66.04,0.178,0.0677,24.45,2.76,16.19,20.64,0.4521,0.5431,0.369,0.0279,2.43,1.19,0.7728
2017-01-31,3033009079,3033009079,1,198825000000,57689000000,118290000000,66928000000,77798000000,2737000000,0,17037000000,42018000000,130936000000,3757000000,3757000000,1.23,1.21,0,11886000000,-2937000000,-7794000000,928000000,6867000000,3487000000,68.88,72.48,65.28,0.1776,0.068,25.65,2.72,14.94,18.6,0.4569,0.5401,0.3913,0.0281,2.42,2.77,0.862
2016-10-31,3073190306,3073190306,1,206857000000,63401000000,126382000000,74130000000,77693000000,2782000000,0,17792000000,42108000000,118179000000,3034000000,3034000000,0.98,0.98,0,4713000000,-6634000000,79000000,-1737000000,5939000000,2317000000,71.13,75.19,67.07,0.1866,0.072,25.28,2.88,15.26,18.6,0.5376,0.542,0.3756,0.0298,2.41,0.78,0.8553
2016-07-31,3093257531,3093257531,1,197886000000,58232000000,118742000000,68122000000,76525000000,2619000000,0,16339000000,42743000000,120854000000,3773000000,3773000000,1.21,1.21,0,8738000000,-2297000000,-5782000000,79000000,7676000000,2239000000,68.53,74.35,62.72,0.189,0.0735,24.74,2.84,15.13,18.6,0.6343,0.5585,0.3867,0.0304,2.42,2.1,0.8548
2016-04-30,3116646721,3116646721,1,198705000000,59097000000,120947000000,70282000000,75183000000,2575000000,0,16751000000,43393000000,115904000000,3079000000,3079000000,0.98,0.98,2,6193000000,-2119000000,-5432000000,-1108000000,7597000000,2120000000,66.22,70.08,62.35,0.1837,0.072,24.12,2.58,14.46,18.6,0.7562,0.5772,0.3784,0.0299,2.41,1.31,0.8409
2016-01-31,3144335104,3144335104,1,199581000000,60239000000,115970000000,64619000000,80546000000,3065000000,0,16695000000,44161000000,129667000000,4574000000,4574000000,1.45,1.44,0.49,12384000000,-3108000000,-6863000000,1715000000,8705000000,2981000000,61.41,66.53,56.3,0.1863,0.0731,25.62,2.47,13.15,16.6,0.4259,0.5483,0.4036,0.0305,2.4,2.99,0.9322
2015-10-31,3201893234,3201893234,1,205144000000,65112000000,122514000000,70492000000,79571000000,3059000000,0,17051000000,44198000000,117408000000,3304000000,3304000000,1.03,1.03,0.49,4903000000,-2965000000,-485000000,1239000000,6990000000,3104000000,65.42,73.69,57.16,0.1907,0.0747,24.85,2.66,13.66,16.11,0.4154,0.5555,0.3879,0.0312,2.4,0.56,0.9237
2015-07-31,3205941803,3205941803,1,198620000000,58132000000,116496000000,65262000000,78871000000,3253000000,0,17799000000,42843000000,120229000000,3475000000,3475000000,1.08,1.08,0.49,5656000000,-2489000000,-5079000000,-2008000000,5751000000,2622000000,75.15,79.94,70.36,0.1961,0.0764,24.6,3.16,15.12,15.62,0.4031,0.5432,0.3971,0.0319,2.4,0.95,0.8907
2015-04-30,3220548651,3220548651,1,200747000000,62133000000,120757000000,69624000000,76574000000,3416000000,0,17531000000,42964000000,114826000000,3341000000,3341000000,1.03,1.03,0.49,4446000000,-2113000000,-3695000000,-1376000000,7759000000,2135000000,82.78,88,77.55,0.2047,0.0789,23.78,3.28,16.39,15.13,0.3861,0.5611,0.3814,0.0332,2.38,0.72,0.8924
2015-01-31,3226062652,3226062652,1,203706000000,63278000000,117769000000,65272000000,81394000000,4543000000,0,18102000000,43831000000,131565000000,4966000000,4966000000,1.54,1.53,0.48,13094000000,-3968000000,-6213000000,2417000000,9135000000,3820000000,83.28,90.97,75.59,0.2102,0.08,25.23,3.39,17.07,14.64,0.3783,0.5385,0.3996,0.0337,2.37,2.87,0.9695
2014-10-31,3223189895,3223189895,1,207889000000,65841000000,123836000000,71560000000,79109000000,4944000000,0,18888000000,44487000000,119001000000,3711000000,3711000000,1.15,1.15,0.48,3570000000,-2817000000,-103000000,534000000,6718000000,2761000000,75.99,79.37,72.61,0.2068,0.0773,24.54,3.15,15.6,14.16,0.3891,0.5624,0.3805,0.0327,2.36,0.25,0.9201
2014-07-31,3222513219,3222513219,1,203985000000,59632000000,121162000000,67152000000,77746000000,5077000000,0,19758000000,45699000000,120125000000,4093000000,4093000000,1.27,1.26,0.48,5961000000,-2219000000,-3578000000,172000000,6184000000,2914000000,76.65,79.76,73.54,0.2111,0.0772,24.13,3.38,15.8,13.68,0.3868,0.5878,0.3811,0.033,2.34,0.95,0.888
2014-04-30,3223604679,3223604679,1,202746000000,59687000000,124547000000,67942000000,73088000000,5111000000,0,19515000000,48441000000,114960000000,3593000000,3593000000,1.11,1.11,0.48,5939000000,-2121000000,-5177000000,-1269000000,6012000000,2109000000,76.13,79.99,72.27,0.2151,0.0774,22.67,3.22,15.6,13.2,0.386,0.6628,0.3605,0.0332,2.33,1.19,0.8785
2014-01-31,3229175401,3229175401,1,204751000000,61185000000,123412000000,69345000000,76255000000,5084000000,0,19510000000,45131000000,129474000000,4431000000,4431000000,1.36,1.36,0.47,9937000000,-3356000000,-7782000000,-1455000000,7281000000,3403000000,77.5,81.37,73.64,0.2198,0.0784,23.61,3.42,14.9,12.72,0.3809,0.5918,0.3724,0.0336,2.33,2.02,0.8823
2013-10-31,3235772430,3235772430,1,209876000000,67142000000,131354000000,77021000000,73393000000,5129000000,0,19729000000,44543000000,115688000000,3738000000,3738000000,1.15,1.14,0.47,2069000000,-3146000000,882000000,-280000000,8736000000,3031000000,75.25,79,71.51,0.2359,0.0843,22.68,3.41,14.64,12.25,0.4256,0.6069,0.3497,0.0362,2.33,-0.3,0.8717
2013-07-31,3244066165,3244066165,1,200969000000,60002000000,124283000000,72214000000,71661000000,5025000000,0,19280000000,43585000000,116945000000,4069000000,4069000000,1.24,1.24,0.47,6357000000,-2800000000,-3376000000,161000000,9016000000,3021000000,76.43,79.96,72.9,0.234,0.0842,22.09,3.56,15.05,11.78,0.3392,0.6082,0.3566,0.0361,2.33,1.03,0.8309
2013-04-30,3276677691,3276677691,1,202187000000,60176000000,126346000000,73552000000,70249000000,5592000000,0,19734000000,44551000000,114187000000,3784000000,3784000000,1.15,1.14,0.47,4894000000,-2996000000,-741000000,1074000000,8855000000,2933000000,73.81,79.5,68.13,0.2344,0.0845,21.44,3.18,14.67,11.31,0.3227,0.6342,0.3474,0.0362,2.33,0.6,0.8181
2013-01-31,3292443366,3292443366,1,203105000000,59940000000,121367000000,71818000000,76343000000,5395000000,0,20497000000,42044000000,127919000000,5606000000,5606000000,1.68,1.68,0.83,9684000000,-3259000000,-7278000000,-862000000,7781000000,3788000000,71.27,75.16,67.37,0.2349,0.0848,23.19,3.23,14.66,10.84,0.3121,0.5507,0.3759,0.0362,2.34,1.79,0.8346
2012-10-31,3345237845,3345237845,1,205818000000,63431000000,127217000000,76845000000,73891000000,4710000000,0,20572000000,41836000000,113929000000,3635000000,3635000000,1.08,1.08,0,4312000000,-3654000000,84000000,708000000,8643000000,3214000000,74.47,77.6,71.35,0.2328,0.0836,22.09,3.56,15.71,10.01,0.2294,0.5662,0.359,0.0356,2.35,0.33,0.8254
2012-07-31,3361444307,3361444307,1,195661000000,56259000000,120960000000,68315000000,70278000000,4423000000,0,20081000000,44177000000,114296000000,4016000000,4016000000,1.19,1.18,0.365,6161000000,-3262000000,-2971000000,-182000000,7935000000,3039000000,66.75,75.24,58.27,0.2341,0.0832,20.91,3.28,14.35,10.01,0.3094,0.6286,0.3592,0.0353,2.36,0.93,0.8235
2012-04-30,3383540898,3383540898,1,197100000000,57276000000,123165000000,68978000000,68964000000,4971000000,0,21003000000,45996000000,113018000000,3742000000,3742000000,1.1,1.09,0.3975,5434000000,-2436000000,-1807000000,1567000000,8117000000,2325000000,59.91,62.63,57.18,0.233,0.0824,20.38,2.86,13.23,9.65,0.3155,0.667,0.3499,0.0352,2.34,0.92,0.8304
2012-01-31,3404538468,3404538468,1,193406000000,54975000000,117645000000,62300000000,71315000000,4446000000,0,20651000000,47079000000,123169000000,5163000000,5163000000,1.52,1.51,0.36,11341000000,-3795000000,-8174000000,-513000000,6550000000,17251000000,58.84,62,55.68,0.2314,0.0817,20.95,3,12.49,9.25,0.3175,0.6602,0.3687,0.0351,2.33,-1.74,0.8824
2011-10-31,3424697366,3424697366,1,195039000000,59271000000,123648000000,67339000000,67163000000,4228000000,0,20409000000,47851000000,110226000000,3336000000,3336000000,0.97,0.96,0.36,3206000000,-3922000000,-78000000,-1039000000,7063000000,3630000000,53.14,57.96,48.31,0.2467,0.0877,19.61,2.7,11.31,8.89,0.29,0.7125,0.3444,0.0376,2.33,-0.12,0.8802
2011-07-31,3446636800,3446636800,1,193656000000,55414000000,120808000000,64624000000,67941000000,4907000000,0,21532000000,48452000000,109366000000,3801000000,3801000000,1.09,1.09,0.365,7734000000,-7023000000,-1872000000,-1298000000,8102000000,3264000000,54.13,56.47,51.79,0.2497,0.0892,19.71,2.89,11.82,8.53,0.279,0.7131,0.3508,0.0386,2.31,1.3,0.8575
2011-04-30,3472560467,3472560467,1,186065000000,55958000000,118073000000,62051000000,65006000000,2986000000,0,16895000000,48697000000,104189000000,3399000000,3399000000,0.97,0.97,0.365,1974000000,-1869000000,1666000000,2005000000,9400000000,2295000000,53.85,56.73,50.97,0.2497,0.0901,18.72,2.74,11.99,8.17,0.2729,0.7491,0.3494,0.0386,2.33,-0.09,0.9018
2011-01-31,3491198520,3491198520,1,180663000000,51893000000,109416000000,58484000000,68542000000,2705000000,0,16763000000,43842000000,116323000000,6033000000,6033000000,1.7,1.69,0.3,11378000000,-2904000000,-11698000000,-3221000000,7395000000,2891000000,55.52,57.9,53.14,0.2473,0.0912,19.63,3.02,13.81,7.8,0.2652,0.6396,0.3794,0.0389,2.35,2.43,0.8873
2010-10-31,3561994294,3561994294,1,186890000000,59568000000,118870000000,68407000000,65525000000,2495000000,0,16586000000,43899000000,101952000000,3436000000,3436000000,0.95,0.95,0.3025,2246000000,-3708000000,1715000000,421000000,10616000000,3765000000,52.41,54.82,50,0.2243,0.0846,18.4,2.95,13.4,7.5,0.2879,0.67,0.3506,0.0358,2.37,-0.43,0.8708
2010-07-31,3636547192,3636547192,1,176944000000,53045000000,110048000000,65655000000,64646000000,2250000000,0,15993000000,38702000000,103726000000,3596000000,3596000000,0.97,0.97,0.3025,9046000000,-3345000000,-3881000000,1679000000,10195000000,3114000000,51.36,54.95,47.77,0.2196,0.0851,17.78,2.87,13.45,7.2,0.2891,0.5987,0.3653,0.0355,2.4,1.63,0.8079
2010-04-30,3709648571,3709648571,1,174371000000,51674000000,105769000000,64512000000,66329000000,2273000000,0,15859000000,35780000000,99848000000,3324000000,3324000000,0.88,0.88,0.3025,973000000,-2236000000,1836000000,609000000,8516000000,2440000000,54.47,56.27,52.66,0.2154,0.0852,17.88,2.89,14.68,6.9,0.2887,0.5394,0.3804,0.0354,2.41,-0.4,0.801
2010-01-31,3759007514,3759007514,1,170706000000,48331000000,97777000000,55561000000,70749000000,2180000000,0,16126000000,36401000000,113651000000,4632000000,4632000000,1.23,1.22,0.27,13809000000,-2959000000,-9265000000,1904000000,7907000000,2562000000,52.36,55.2,49.52,0.2142,0.085,18.82,2.95,15.18,6.59,0.2906,0.5145,0.4144,0.0351,2.42,2.99,0.8699
2009-10-31,3810171967,3810171967,1,172934000000,51948000000,103292000000,59179000000,67688000000,1954000000,0,16162000000,37601000000,99411000000,3239000000,3239000000,0.84,0.84,0.2725,2545000000,-2913000000,-1492000000,-1994000000,6003000000,3048000000,50.64,52.56,48.73,0.2058,0.0809,17.77,2.92,14.85,6.32,0.3032,0.5555,0.3914,0.0334,2.42,-0.13,0.8778
2009-07-31,3856826597,3856826597,1,168942000000,49025000000,100120000000,57196000000,67008000000,1814000000,0,16149000000,36825000000,100910000000,3442000000,3442000000,0.88,0.88,0.2725,6324000000,-3065000000,-1931000000,1419000000,7997000000,3097000000,49.55,51.75,47.35,0.206,0.0809,17.37,3.1,14.57,6.05,0.2975,0.5496,0.3966,0.0333,2.43,0.84,0.8571
2009-04-30,3896617746,3896617746,1,162090000000,47746000000,97899000000,56399000000,62231000000,1960000000,0,14882000000,35665000000,94242000000,3022000000,3022000000,0.77,0.77,0.2725,3571000000,-2683000000,-1503000000,-697000000,6578000000,2475000000,50.41,54.57,46.25,0.2063,0.0812,15.97,3.02,14.87,5.78,0.2886,0.5731,0.3839,0.0331,2.45,0.28,0.8466
2009-01-31,3915118871,3915118871,1,163429000000,48949000000,95953000000,55390000000,65285000000,2191000000,0,15260000000,34549000000,108995000000,3791000000,3791000000,0.97,0.96,0.24,12974000000,-3945000000,-7124000000,1355000000,7275000000,3390000000,53.08,59.23,46.92,0.2055,0.0805,16.68,3.18,15.3,5.51,0.2793,0.5292,0.3995,0.033,2.44,2.45,0.8837
2008-10-31,3922552337,3922552337,1,167843000000,52856000000,100270000000,60600000000,65539000000,2034000000,0,15416000000,34071000000,98642000000,3138000000,3138000000,0.8,0.8,0.2375,190000000,-2270000000,1405000000,-1021000000,5920000000,2813000000,55.63,63.85,47.4,0.2107,0.0823,16.71,3.28,16.51,5.27,0.268,0.5199,0.3905,0.0339,2.43,-0.67,0.8722
2008-07-31,3933976378,3933976378,1,166895000000,49534000000,98026000000,54904000000,66793000000,2076000000,0,16400000000,37712000000,102667000000,3449000000,3449000000,0.87,0.87,0.2375,6278000000,-2294000000,-5064000000,-1131000000,6941000000,2261000000,57.5,59.95,55.05,0.2084,0.081,16.98,3.59,17.86,5.03,0.2698,0.5646,0.4002,0.0338,2.4,1.02,0.9022
2008-04-30,3943722061,3943722061,1,167483000000,50295000000,102375000000,61102000000,63230000000,1878000000,0,16620000000,35963000000,95303000000,3022000000,3022000000,0.76,0.76,0.2375,3705000000,-2233000000,865000000,2503000000,8072000000,2321000000,53.44,59.04,47.84,0.2042,0.0792,16.03,3.27,17.02,4.79,0.2771,0.5688,0.3775,0.0333,2.37,0.35,0.8231
2008-01-31,3954458057,3954458057,1,163514000000,47585000000,96967000000,58454000000,64608000000,1939000000,0,16071000000,33402000000,107428000000,4096000000,4096000000,1.02,1.04,0.22,10934000000,-4447000000,-6256000000,225000000,5569000000,3562000000,46.9,51.3,42.5,0.2038,0.0795,16.34,2.98,15.38,4.55,0.2788,0.517,0.3951,0.0336,2.36,1.86,0.8141
2007-10-31,4004809178,4004809178,1,165064000000,50912000000,99553000000,60349000000,63079000000,2432000000,0,14898000000,33590000000,91949000000,2857000000,2857000000,0.71,0.7,0.22,2828000000,-4043000000,-18000000,-1144000000,4950000000,3766000000,45.26,48.42,42.09,0.2038,0.08,15.75,2.96,15.19,4.33,0.2689,0.5325,0.3821,0.034,2.35,-0.23,0.8436
2007-07-31,4068226506,4068226506,1,156949000000,46387000000,92259000000,55250000000,62286000000,2404000000,0,14655000000,31560000000,93012000000,2952000000,2952000000,0.72,0.72,0.22,4745000000,-3738000000,-1659000000,-469000000,6094000000,3665000000,48.58,51.44,45.73,0.2039,0.0805,15.31,3.33,17.6,4.11,0.2587,0.5067,0.3969,0.0341,2.36,0.27,0.8396
2007-04-30,4108777695,4108777695,1,155422000000,47579000000,93241000000,54700000000,59911000000,2270000000,0,14585000000,33115000000,86410000000,2826000000,2826000000,0.69,0.68,0.22,1847000000,-3442000000,799000000,-810000000,6563000000,2987000000,47.74,50.42,45.06,0.1943,0.0763,14.58,3.2,17.62,3.89,0.2611,0.5527,0.3855,0.0324,2.35,-0.28,0.8698
2007-01-31,4124451341,4124451341,1,151193000000,46588000000,87460000000,51754000000,61573000000,2160000000,0,13759000000,30735000000,98285000000,3939000000,3939000000,0.95,0.95,0.17,10099000000,-3752000000,-4932000000,1465000000,7373000000,4117000000,47.25,49.7,44.8,0.1962,0.0768,14.93,3.35,18.03,3.67,0.2478,0.4992,0.4072,0.0324,2.37,1.45,0.9002
2006-10-31,4168025494,4168025494,1,151119000000,49623000000,90724000000,58163000000,58763000000,1632000000,0,13257000000,27776000000,84467000000,2647000000,2647000000,0.63,0.63,0.1675,2805000000,-3952000000,462000000,-709000000,5908000000,4343000000,47.81,52.15,43.48,0.1974,0.0761,14.1,3.54,18.68,3.5,0.2487,0.4727,0.3889,0.0321,2.37,-0.37,0.8532
2006-07-31,4169031858,4169031858,1,144788000000,46172000000,86862000000,54139000000,56372000000,1554000000,0,13269000000,27982000000,85430000000,2083000000,2083000000,0.5,0.5,0.1675,3520000000,-3796000000,1001000000,759000000,6617000000,3592000000,46.16,50,42.31,0.2005,0.0768,13.52,3.61,16.91,3.34,0.2482,0.4964,0.3893,0.0321,2.39,-0.02,0.8528
2006-04-30,4167775477,4167775477,1,140485000000,43532000000,85631000000,51865000000,53314000000,1540000000,0,12902000000,29036000000,80468000000,2615000000,2615000000,0.63,0.63,0.1675,3740000000,-2963000000,-1370000000,-556000000,5858000000,3220000000,46.7,48.87,44.52,0.2231,0.0851,12.79,3.66,17.43,3.17,0.2259,0.5446,0.3795,0.0351,2.42,0.12,0.8393
2006-01-31,4167233525,4167233525,1,138187000000,43824000000,83549000000,48826000000,53171000000,1467000000,0,12188000000,30171000000,90201000000,3591000000,3591000000,0.86,0.86,0.15,9519000000,-4088000000,-3520000000,1879000000,6414000000,3109000000,47.76,50.57,44.95,0.2269,0.0869,12.76,3.98,18.58,3,0.2227,0.5674,0.3848,0.0356,2.44,1.54,0.8976
2005-10-31,4163490196,4163490196,1,131799000000,44924000000,80502000000,50315000000,49918000000,1379000000,0,10467000000,26796000000,76253000000,2374000000,2374000000,0.57,0.57,0.15,1646000000,-3964000000,1161000000,-1138000000,4535000000,3932000000,46.14,49.8,42.49,0.2225,0.0866,11.99,4.03,18.17,2.85,0.2246,0.5368,0.3787,0.035,2.47,-0.55,0.8929
2005-07-31,4162697163,4162697163,1,124765000000,40393000000,75665000000,49165000000,47721000000,1379000000,0,10413000000,23708000000,77520000000,2805000000,2805000000,0.67,0.67,0.15,3955000000,-3635000000,446000000,718000000,5673000000,3701000000,48.75,50.51,47,0.2266,0.0883,11.46,4.32,19.58,2.7,0.2195,0.4968,0.3825,0.0356,2.48,0.06,0.8216
2005-04-30,4182021601,4182021601,1,122215000000,39641000000,73663000000,49168000000,47191000000,1361000000,0,10786000000,21628000000,71680000000,2461000000,2461000000,0.58,0.58,0.15,2513000000,-2496000000,-509000000,-533000000,4955000000,2772000000,50.16,53.51,46.81,0.2288,0.0898,11.28,4.3,20.81,2.55,0.2158,0.4583,0.3861,0.0359,2.5,-0.06,0.8062
2005-01-31,4233002095,4233002095,1,120223000000,38491000000,69504000000,42888000000,49396000000,1323000000,0,10803000000,23669000000,82819000000,3164000000,3164000000,0.75,0.75,0.13,7596000000,-3495000000,-3418000000,849000000,5488000000,2680000000,54.86,57.7,52.02,0.2284,0.0901,11.67,5.18,23.96,2.4,0.215,0.4792,0.4109,0.0357,2.53,1.16,0.8975
2004-10-31,4234867066,4234867066,1,118089000000,40977000000,71751000000,47016000000,44886000000,1452000000,0,10191000000,22147000000,69261000000,2286000000,2286000000,0.54,0.54,0.13,2575000000,-3203000000,530000000,-70000000,4639000000,3566000000,53.15,54.97,51.33,0.2258,0.0892,10.6,5.23,24.05,2.27,0.208,0.4934,0.3801,0.035,2.55,-0.23,0.8716
2004-07-31,4242513158,4242513158,1,110059000000,35616000000,65479000000,43007000000,43144000000,1436000000,0,10124000000,20144000000,70466000000,2651000000,2651000000,0.62,0.62,0.13,4006000000,-2955000000,-114000000,881000000,4709000000,3049000000,54.72,57.68,51.76,0.2233,0.0895,10.17,5.51,25.45,2.14,0.1968,0.4669,0.392,0.0349,2.57,0.23,0.8281
2004-04-30,4269432743,4269432743,1,107580000000,31566000000,63737000000,32081000000,42384000000,1459000000,0,10134000000,20500000000,65443000000,2166000000,2166000000,0.5,0.5,0.13,867000000,-2698000000,393000000,-1371000000,3828000000,2645000000,57.87,61.05,54.69,0.2192,0.09,9.93,5.7,27.96,2.01,0.1843,0.4837,0.394,0.0351,2.57,-0.42,0.9839
2004-01-31,4296710566,4296710566,1,104912000000,34421000000,59805000000,37418000000,43623000000,1484000000,0,9882000000,20099000000,75190000000,2721000000,2721000000,0.64,0.63,0.09,8304000000,-2714000000,-3953000000,1887000000,5199000000,2424000000,54.89,59.04,50.74,0.2148,0.0894,10.15,5.64,27.31,1.88,0.1727,0.4607,0.4158,0.035,2.55,1.37,0.9199
2003-10-31,4327781117,4327781117,1,104821000000,36790000000,61227000000,39225000000,42172000000,1422000000,0,9446000000,19948000000,63035000000,2028000000,2028000000,0.46,0.46,0.09,1375000000,-2642000000,-55000000,-1160000000,3312000000,2757000000,57.67,60.08,55.27,0.2157,0.0898,9.74,5.91,29.42,1.79,0.1724,0.473,0.4023,0.0348,2.58,-0.32,0.9379
2003-07-31,4369200025,4369200025,1,98786000000,32153000000,54811000000,32833000000,42594000000,1381000000,0,9573000000,20207000000,63232000000,2444000000,2444000000,0.56,0.56,0.09,3664000000,-1102000000,-595000000,1984000000,4472000000,2650000000,54.66,57.32,52,0.2161,0.0898,9.75,5.95,29.39,1.7,0.1698,0.4744,0.4312,0.0344,2.61,0.23,0.9793
2003-04-30,4378918630,4378918630,1,96473000000,31348000000,54900000000,32222000000,40200000000,1373000000,0,9317000000,20939000000,57224000000,1861000000,1861000000,0.42,0.42,0.09,2653000000,-1854000000,-960000000,-270000000,2488000000,1996000000,51.66,56.58,46.74,0.2135,0.0879,9.18,5.76,28.54,1.61,0.1707,0.5209,0.4167,0.0332,2.65,0.15,0.9729
2003-01-31,4385693565,4385693565,1,94685000000,30483000000,53986000000,32617000000,39337000000,1362000000,0,9521000000,19608000000,71522000000,2529000000,2529000000,0.57,0.57,0.08,7066000000,-2956000000,-3173000000,663000000,2758000000,1998000000,51.34,55.57,47.1,0.2141,0.0883,8.97,5.96,29.68,1.52,0.1676,0.4985,0.4155,0.0326,2.71,1.16,0.9346
2002-10-31,4413963363,4413963363,1,95660000000,34778000000,56270000000,37209000000,38044000000,1346000000,0,9173000000,17730000000,59330000000,1820000000,1820000000,0.41,0.41,0.075,492000000,-2571000000,1824000000,-193000000,2095000000,2444000000,51.47,57.33,45.6,0.211,0.0873,8.62,6.16,31.19,1.44,0.1699,0.466,0.3977,0.0321,2.72,-0.44,0.9347
2002-07-31,4422644717,4422644717,1,88585000000,29796000000,50353000000,30034000000,36966000000,1266000000,0,9031000000,19079000000,60255000000,2038000000,2038000000,0.46,0.46,0.075,2813000000,-2203000000,-754000000,-130000000,2288000000,2352000000,51.58,58.55,44.6,0.207,0.0852,8.36,6.4,33.28,1.37,0.1751,0.5161,0.4173,0.0315,2.7,0.1,0.9921
2002-04-30,4448040209,4448040209,1,85141000000,28895000000,48101000000,28626000000,35848000000,1192000000,0,8477000000,18250000000,55418000000,1652000000,1652000000,0.37,0.37,0.075,2161000000,-1979000000,-119000000,257000000,2418000000,2106000000,59.77,63.75,55.8,0.2008,0.082,8.06,7.58,40.11,1.29,0.1829,0.5091,0.421,0.0306,2.68,0.01,1.0094
2002-01-31,4451225876,4451225876,1,83451000000,28246000000,47142000000,27282000000,35102000000,1207000000,0,8595000000,18732000000,64764000000,2188000000,2188000000,0.49,0.49,0.07,6317000000,-1127000000,-5004000000,128000000,2161000000,2332000000,56.05,59.86,52.24,0.1985,0.0802,7.89,7.29,39.2,1.22,0.1873,0.5336,0.4206,0.0303,2.64,0.9,1.0353
2001-10-31,4457088064,4457088064,1,88345000000,32620000000,52934000000,32869000000,34277000000,1134000000,0,8777000000,18811000000,53214000000,1481000000,1481000000,0.33,0.33,0.07,997000000,-2092000000,1298000000,199000000,2033000000,2177000000,50,55.99,44,0.1986,0.0792,7.69,6.75,35.46,1.15,0.1859,0.5488,0.388,0.0306,2.59,-0.26,0.9924
2001-07-31,4466960022,4466960022,1,81576000000,27996000000,47392000000,27423000000,33078000000,1106000000,0,8543000000,18736000000,53269000000,1622000000,1622000000,0.36,0.36,0.07,2718000000,-2001000000,-427000000,357000000,1834000000,1988000000,51.61,55.88,47.34,0.203,0.0801,7.41,7.22,36.6,1.08,0.1823,0.5664,0.4055,0.0311,2.58,0.16,1.0209
2001-04-30,4470957535,4470957535,1,79428000000,27281000000,46379000000,28640000000,31964000000,1085000000,0,8606000000,16629000000,48565000000,1380000000,1380000000,0.31,0.31,0.07,228000000,-1926000000,1155000000,-577000000,1477000000,1886000000,51.3,55.7,46.91,0.2105,0.0819,7.15,7.32,36.64,1.01,0.176,0.5202,0.4024,0.032,2.56,-0.37,0.9525
2001-01-31,4470462986,4470462986,1,78130000000,26555000000,45647000000,28949000000,31343000000,1140000000,0,9059000000,15655000000,57079000000,2004000000,2004000000,0.44,0.43,0.06,5791000000,-2304000000,-2494000000,993000000,2054000000,2196000000,51.06,58.44,43.69,0.2174,0.0831,7.01,7.81,36.47,0.94,0.1703,0.4995,0.4012,0.0326,2.55,0.8,0.9173
2000-10-31,4466664364,4466664364,1,79051000000,29429000000,48735000000,31466000000,29234000000,1082000000,0,8994000000,16385000000,46181000000,1369000000,1369000000,0.31,0.31,0.06,1770000000,-2164000000,395000000,1000000,1311000000,2122000000,50.44,57.63,43.25,0.2179,0.0814,6.54,8.02,36.55,0.88,0.1708,0.5605,0.3698,0.032,2.55,-0.08,0.9353
2000-07-31,4466335662,4466335662,1,73407000000,25245000000,44231000000,26736000000,28096000000,1080000000,0,9265000000,16684000000,46588000000,1596000000,1596000000,0.36,0.36,0.06,1162000000,-1927000000,715000000,-50000000,1310000000,1994000000,56.5,62,51,0.2255,0.0824,6.29,9.29,43.46,0.82,0.1652,0.5938,0.3827,0.0325,2.53,-0.19,0.9442
2000-04-30,4464876693,4464876693,1,72363000000,25101000000,44147000000,27624000000,27141000000,1075000000,0,9604000000,15706000000,43447000000,1326000000,1326000000,0.3,0.3,0.06,881000000,-2319000000,942000000,-496000000,1360000000,1730000000,54.03,63.56,44.5,0.2233,0.0795,6.08,9.32,43.22,0.76,0.1673,0.5787,0.3751,0.0319,2.49,-0.19,0.9087
2000-01-31,4454034171,4454034171,1,70349000000,24356000000,43236000000,25803000000,25834000000,1279000000,0,9392000000,16674000000,51869000000,1719000000,1719000000,0.43,0.43,0.05,4433000000,-2001000000,-2011000000,421000000,1856000000,2170000000,62.09,69.44,54.75,0.2262,0.0824,5.8,11.39,53.07,0.7,0.1656,0.6454,0.3672,0.0322,2.56,0.51,0.9439
1999-10-31,4453743366,4453743366,1,72369000000,26955000000,46344000000,28992000000,24279000000,1746000000,0,9837000000,16559000000,40907000000,1299000000,1299000000,0.29,0.29,0.05,1043000000,-9765000000,8649000000,-73000000,1435000000,1662000000,48.63,57.06,40.19,0.231,0.0867,5.45,9.42,44.01,0.65,0.1621,0.682,0.3355,0.0334,2.6,-0.14,0.9297
1999-07-31,4448731409,4448731409,1,66265000000,22833000000,41543000000,24667000000,22948000000,1774000000,0,9317000000,16042000000,38910000000,1249000000,1249000000,0.28,0.28,0.05,1172000000,-3998000000,2367000000,-459000000,1508000000,1241000000,45.16,49.19,41.13,0.2297,0.0898,5.16,9.12,42.81,0.6,0.1614,0.6991,0.3463,0.033,2.72,-0.02,0.9256
1999-04-30,4450133947,4450133947,1,52023000000,22346000000,28238000000,17745000000,22017000000,1768000000,0,0,9779000000,35123000000,1110000000,1110000000,0.25,0.25,0.05,1546000000,-1082000000,-376000000,88000000,1967000000,1110000000,46.45,52.44,40.47,0.2288,0.0942,4.95,9.8,46.92,0.55,0.1586,0.4442,0.4232,0.0327,2.88,0.1,1.2593
1999-01-31,4449818854,4449818854,1,49996000000,21132000000,27085000000,16762000000,21112000000,1799000000,0,0,9607000000,41247000000,1559000000,1559000000,0.35,0.35,0.04,4904000000,-1788000000,-2246000000,870000000,1879000000,1082000000,38.22,43,33.44,0.2238,0.0913,4.74,8.63,41.32,0.5,0.1576,0.455,0.4223,0.0318,2.87,0.86,1.2607
1998-10-31,2223453506,4446907012,2,51239000000,23518000000,29714000000,19353000000,19714000000,1811000000,0,0,9590000000,33924000000,1009000000,1009000000,0.45,0.45,0.0775,471000000,-875000000,529000000,125000000,1009000000,1026000000,30.55,34.53,26.56,0.2172,0.0877,4.43,7.04,34.91,0.46,0.1628,0.4865,0.3847,0.0309,2.84,-0.12,1.2152
1998-07-31,2252851199,4505702398,2,46874000000,19937000000,25529000000,14796000000,19543000000,1802000000,0,0,9934000000,33880000000,1034000000,1034000000,0.46,0.46,0.0775,1347000000,-1029000000,-205000000,113000000,884000000,866000000,29.73,34.5,24.97,0.2118,0.0855,4.34,7.06,36.26,0.42,0.1665,0.5083,0.4169,0.0304,2.81,0.11,1.3475
1998-04-30,2235710587,4471421174,2,46044000000,19690000000,25383000000,14833000000,18819000000,1842000000,0,0,9748000000,30157000000,828000000,828000000,0.37,0.37,0.0775,858000000,-726000000,-808000000,-676000000,771000000,760000000,23.68,26.94,20.41,0.2053,0.0831,4.21,5.73,30.36,0.38,0.1712,0.518,0.4087,0.0298,2.78,0.02,1.3274
1998-01-31,2239826615,4479653230,2,45384000000,19352000000,24943000000,14460000000,18503000000,1938000000,0,0,9674000000,36727000000,1287000000,1287000000,0.57,None,0.07,3875000000,-1829000000,-1327000000,719000000,1447000000,742000000,19.45,20.88,18.03,0.2006,0.082,4.13,4.97,26.64,0.34,0.174,0.5228,0.4077,0.0296,2.77,0.7,1.3383
1997-10-31,2245907170,4491814340,2,46172000000,21634000000,26708000000,16865000000,17555000000,1909000000,0,0,9085000000,28777000000,792000000,792000000,0.35,None,0.0675,738000000,-1373000000,433000000,-202000000,728000000,716000000,17.73,19.38,16.09,0.1934,0.0802,3.91,4.63,25.15,0.3,0.1709,0.5175,0.3802,0.0291,2.76,0,1.2828
1997-07-31,2253460633,4506921266,2,40673000000,18534000000,22251000000,12535000000,17263000000,1159000000,0,0,9249000000,28386000000,795000000,795000000,0.35,None,0.0675,1227000000,-538000000,-485000000,204000000,930000000,666000000,16.71,19.28,14.13,0.1904,0.0795,3.83,4.46,24.39,0.27,0.167,0.5358,0.4244,0.0289,2.75,0.12,1.4786
1997-04-30,2264666319,4529332638,2,39777000000,17833000000,21735000000,11998000000,16982000000,1060000000,0,0,9264000000,25409000000,652000000,652000000,0.29,None,0.0675,1283000000,-681000000,-759000000,-157000000,726000000,512000000,13.25,14.94,11.56,0.1893,0.0782,3.75,3.51,19.92,0.24,0.1616,0.5455,0.4269,0.0288,2.71,0.17,1.4863
1997-01-31,2265535740,4531071480,2,39604000000,17993000000,21436000000,10957000000,17143000000,1025000000,0,0,10016000000,32143000000,1095000000,1095000000,0.47,None,0.05,2967000000,-586000000,-1574000000,807000000,883000000,890000000,12.28,13.5,11.06,0.1894,0.0769,3.78,3.44,19.49,0.2,0.1553,0.5843,0.4329,0.0288,2.67,0.46,1.6421
1996-10-31,2293855353,4587710706,2,42207000000,21024000000,25826000000,14177000000,16381000000,0,0,0,10107000000,25644000000,684000000,684000000,0.3,None,0.0525,518000000,-127000000,-339000000,52000000,76000000,358000000,13.16,14.06,12.25,0.1869,0.074,3.57,3.83,21.4,0.18,0.1639,0.617,0.3881,0.0283,2.62,0.03,1.483
1996-07-31,2293719958,4587439916,2,38898000000,17958000000,23107000000,11668000000,15791000000,0,0,0,10700000000,25587000000,706000000,706000000,0.31,None,0.0525,805000000,-685000000,-128000000,-8000000,24000000,662000000,12.29,13.13,11.44,0.1892,0.0732,3.44,3.7,20.48,0.15,0.1661,0.6776,0.406,0.0283,2.58,0.03,1.5391
1996-04-30,2293531782,4587063564,2,38249000000,17779000000,23033000000,11670000000,15216000000,0,0,0,10619000000,22772000000,571000000,571000000,0.25,None,0.0525,1640000000,-670000000,-1021000000,-51000000,32000000,733000000,11.34,12.25,10.44,0.1921,None,3.32,3.52,19.06,0.13,0.1685,0.6979,0.3978,0.0284,2.57,0.2,1.5235
1996-01-31,2293548492,4587096984,2,37541000000,17331000000,22785000000,11454000000,14756000000,0,0,0,10600000000,28673000000,942000000,942000000,0.4,None,0.05,1839000000,-654000000,-1115000000,70000000,83000000,734000000,11.01,12.38,9.63,0.198,None,3.22,3.59,None,0.1,0.1675,0.7184,0.3931,0.0289,2.57,0.24,1.5131
1995-10-31,2294544832,4589089664,2,40018000000,20213000000,25927000000,14825000000,14091000000,0,0,0,10216000000,22913000000,612000000,612000000,0.27,None,0.05,-309000000,-969000000,1285000000,7000000,13000000,1122000000,11.91,13,10.81,None,None,3.07,4.09,None,0.08,None,0.725,0.3521,None,None,-0.31,1.3634
1995-07-31,2295757065,4591514130,2,35318000000,16509000000,21938000000,10923000000,13380000000,0,0,0,10192000000,22723000000,633000000,633000000,0.28,None,0.05,836000000,-971000000,127000000,-8000000,6000000,951000000,12.63,13.75,11.5,None,None,2.91,4.43,None,0.05,None,0.7617,0.3788,None,None,-0.03,1.5114
1995-04-30,2297345364,4594690728,2,34382000000,16161000000,21266000000,10495000000,13116000000,0,0,0,9992000000,20440000000,553000000,553000000,0.24,None,0.05,17000000,-738000000,690000000,-31000000,14000000,759000000,12.28,13,11.56,None,None,2.85,4.43,None,0.03,None,0.7618,0.3815,None,None,-0.16,1.5399
1995-01-31,2297580232,4595160464,2,32819000000,15338000000,20093000000,9973000000,12726000000,0,0,0,9709000000,None,None,None,None,None,0,None,None,None,None,45000000,0,11.25,12.06,10.44,None,None,2.77,None,None,0,None,0.7629,0.3878,None,None,None,1.538
