"Quarter end","Shares","Shares split adjusted","Split factor","Assets","Current Assets","Liabilities","Current Liabilities","Shareholders equity","Non-controlling interest","Preferred equity","Goodwill & intangibles","Long-term debt","Revenue","Earnings","Earnings available for common stockholders","EPS basic","EPS diluted","Dividend per share","Cash from operating activities","Cash from investing activities","Cash from financing activities","Cash change during period","Cash at end of period","Capital expenditures","Price","Price high","Price low","ROE","ROA","Book value of equity per share","P/B ratio","P/E ratio","Cumulative dividends per share","Dividend payout ratio","Long-term debt to equity ratio","Equity to assets ratio","Net margin","Asset turnover","Free cash flow per share","Current ratio"
2019-03-31,80786179,80786179,1,2173916000,397499000,1256543000,197916000,917373000,0,0,1347802000,685317000,292163000,-6814000,-6814000,-0.08,-0.08,0.05,-13192000,-67637000,-11885000,-92712000,14402000,13844000,19.48,23.41,15.56,0.0437,0.0189,11.36,1.7,81.17,15.91,0.4049,0.747,0.422,0.0321,0.59,-0.33,2.0084
2018-12-31,80664685,80664685,1,2130061000,475601000,1203896000,198059000,926165000,0,0,1312966000,685764000,368113000,21979000,21979000,0.29,0.28,0.05,67123000,-83106000,-6631000,-22614000,107114000,13974000,16.7,18.44,14.96,0.0223,0.0094,11.48,1.49,417.5,15.86,0.7973,0.7404,0.4348,0.0169,0.58,0.66,2.4013
2018-09-30,80672505,80672505,1,2068030000,560932000,1162378000,210193000,905652000,0,0,1171517000,686212000,302726000,19131000,19131000,0.23,0.23,0.05,51232000,-14527000,-32681000,4024000,129743000,14762000,14.68,16.92,12.44,0.006,0.0035,11.23,1.32,None,15.81,2.2252,0.7577,0.4379,0.0052,0.5,0.45,2.6687
2018-06-30,81961648,81961648,1,2089925000,569556000,1178061000,201372000,911864000,0,0,1172864000,686659000,283395000,5720000,5720000,0.06,0.06,0.05,17541000,-18244000,-3963000,-4666000,125719000,20384000,12.52,14.34,10.69,-0.0438,-0.0193,11.13,1.13,None,15.76,None,0.753,0.4363,None,0.48,-0.03,2.8284
2018-03-31,81687400,81687400,1,2083982000,561043000,1179294000,194177000,904688000,0,0,1174602000,687106000,254191000,-27081000,-26449000,-0.33,-0.33,0.05,5015000,-11607000,-11722000,-18314000,130385000,11362000,14.34,16.95,11.74,-0.0404,-0.0187,11.08,1.25,None,15.71,None,0.7595,0.4341,None,0.48,-0.08,2.8893
2017-12-31,81515443,81515443,1,2129548000,605534000,1192063000,210788000,936853000,632000,0,1181924000,687619000,205563000,9567000,7088000,0.08,0.08,0,8018000,-275581000,289727000,22164000,148699000,2067000,16.57,19.26,13.88,-0.0139,-0.0058,11.49,1.46,78.9,15.66,None,0.734,0.4399,None,0.48,0.07,2.8727
2017-09-30,81900211,81900211,1,1686610000,354932000,757636000,108678000,926831000,2143000,0,1043775000,393179000,216450000,-26684000,-26684000,-0.32,-0.32,0,3839000,-16991000,-9962000,-23114000,126535000,16315000,18.64,20.35,16.92,0.0187,0.0106,11.32,1.6,27.41,15.66,0,0.4242,0.5495,0.0189,0.54,-0.15,3.2659
2017-06-30,82178523,82178523,1,1741381000,380057000,783832000,99027000,955406000,2143000,0,1073446000,395599000,231820000,8545000,8429000,0.1,0.1,0,19518000,-1911000,-226000,17381000,149649000,5192000,20.2,23.75,16.64,0.06,0.0335,11.63,1.76,28.45,15.66,0,0.4141,0.5486,0.0597,0.55,0.17,3.8379
2017-03-31,82360405,82360405,1,1714263000,341799000,766809000,90921000,947454000,0,0,1078941000,389719000,211001000,-1939000,-1939000,-0.02,-0.02,0,9477000,-4584000,-6977000,-2084000,132268000,4103000,21.06,24.15,17.97,0.0636,0.0355,11.5,1.82,26.66,15.66,0,0.4113,0.5527,0.063,0.55,0.07,3.7593
2016-12-31,81953732,81953732,1,1728373000,345895000,782438000,104131000,945935000,0,0,1084676000,386614000,272692000,38337000,37806000,0.45,0.45,0,65505000,-7926000,-18165000,39414000,134352000,6518000,16.02,19.41,12.62,0.0714,0.0397,11.54,1.43,160.2,15.66,0,0.4087,0.5473,0.0703,0.56,0.72,3.3217
2016-09-30,82898180,82898180,1,1684874000,292214000,758401000,106904000,926473000,0,0,1090369000,387339000,233040000,12522000,12348000,0.15,0.15,0,43627000,-8014000,-13714000,21899000,88378000,8014000,16.37,17.8,14.93,0.0076,0.0044,11.18,1.48,None,15.66,0,0.4181,0.5499,0.008,0.52,0.43,2.7334
2016-06-30,83536591,83536591,1,1687289000,277583000,762888000,104859000,924401000,0,0,1096853000,390825000,227817000,11488000,11329000,0.14,0.13,0,31020000,-50718000,-10075000,-29773000,66479000,7043000,16.18,17.69,14.66,-0.0328,-0.0176,11.07,1.48,None,15.66,None,0.4228,0.5479,None,0.49,0.29,2.6472
2016-03-31,84019238,84019238,1,1673425000,290644000,755189000,97205000,918236000,0,0,1059217000,391656000,209498000,4888000,4835000,0.06,0.06,0,6341000,-6770000,-11380000,-11809000,96252000,6317000,17.42,19.25,15.59,-0.0798,-0.0431,10.93,1.62,None,15.66,None,0.4265,0.5487,None,0.42,0,2.99
2015-12-31,83922107,83922107,1,1680860000,302630000,779877000,119823000,900983000,0,0,1064974000,392487000,204808000,-21532000,-21532000,-0.24,-0.24,0,23651000,9353000,-6285000,26719000,108061000,-8346000,19.91,22.56,17.27,-0.102,-0.0541,10.74,1.87,None,15.66,None,0.4356,0.536,None,0.47,0.38,2.5256
2015-09-30,83869865,83869865,1,1681710000,294273000,789256000,111504000,892454000,0,0,1064348000,396812000,189691000,-24443000,-24443000,-0.3,-0.3,0,48189000,-56470000,-11797000,-20078000,81342000,6458000,19.55,23.1,16.01,-0.0638,-0.0332,10.64,1.78,None,15.66,None,0.4446,0.5307,None,0.56,0.5,2.6391
2015-06-30,84245967,84245967,1,1698720000,332136000,773830000,97145000,924890000,0,0,1030432000,400467000,106657000,-31402000,-31402000,-0.38,-0.38,1.03,-62952000,-3684000,8567000,-58069000,101420000,5432000,23.57,25.41,21.73,-0.0359,-0.0187,10.98,3.85,294.63,15.66,None,0.433,0.5445,None,0.65,-0.81,3.419
2015-03-31,84185791,84185791,1,1032526000,336200000,515571000,138129000,515298000,1657000,0,293324000,195500000,214500000,-5100000,-5100000,-0.09,-0.09,0,-18000,-10311000,11359000,1030000,159489000,3339000,24.09,28.44,19.73,0.011,0.006,6.12,2.66,150.56,14.63,0,0.3794,0.4991,0.0066,0.88,-0.04,2.434
2014-12-31,57226020,57226020,1,1032731000,328660000,512798000,134538000,518276000,1657000,0,295521000,196000000,245728000,15717000,15477000,0.27,0.25,0,31021000,-4069000,7138000,34090000,158459000,5023000,19.28,23.34,15.22,0.0194,0.0108,9.06,2.04,321.33,14.63,0,0.3782,0.5018,0.0118,0.89,0.45,2.4429
2014-09-30,56625067,56625067,1,978443000,289880000,441592000,136660000,535189000,1662000,0,298595000,196500000,207600000,-1341000,-1341000,-0.02,-0.02,0,30719000,-3832000,5980000,32867000,124369000,-1225000,19.04,21.76,16.31,0.0051,0.0028,9.45,2.01,None,14.63,0,0.3672,0.547,0.0033,0.88,0.56,2.1212
2014-06-30,56198476,56198476,1,954857000,260264000,421454000,114377000,531638000,1765000,0,294714000,197000000,211946000,-3235000,-3235000,-0.06,-0.06,0,10855000,-105660000,-812000,-95617000,91502000,5625000,18.61,21.16,16.06,-0.009,-0.005,9.46,1.95,620.33,14.63,None,0.3706,0.5568,None,0.86,0.09,2.2755
2014-03-31,56103852,56103852,1,951164000,352430000,414969000,112682000,534231000,1964000,0,198521000,197500000,203794000,-612000,-612000,-0.01,-0.01,0,29460000,-46976000,-16620000,-34136000,187119000,2584000,18.79,21.4,16.17,0.003,0.0016,9.52,1.93,None,14.63,0,0.3697,0.5617,0.0019,0.85,0.48,3.1277
2013-12-31,56145327,56145327,1,966130000,402054000,418393000,113121000,545773000,1964000,0,165828000,198000000,220830000,7863000,7952000,0.15,0.15,0,7570000,-5066000,16615000,19119000,221255000,4991000,19.62,21.78,17.45,-0.0009,-0.0005,9.72,2.17,63.29,14.63,None,0.3628,0.5649,None,0.83,0.05,3.5542
2013-09-30,55690820,55690820,1,963737000,360148000,458500000,152383000,503023000,2214000,0,167563000,145325000,189535000,-8851000,-8851000,-0.16,-0.16,0,21043000,-3393000,-33615000,-15965000,202136000,3362000,16.39,18.35,14.44,0.0354,0.0189,9.03,1.74,24.1,14.63,0,0.2889,0.522,0.0219,0.86,0.32,2.3634
2013-06-30,57090713,57090713,1,992931000,384136000,452988000,132334000,537729000,2214000,0,169300000,160950000,207853000,3185000,3096000,0.05,0.05,0,15810000,-7190000,-11719000,-3099000,218101000,7190000,13.78,15.73,11.82,0.0732,0.0396,9.42,1.46,19.14,14.63,0,0.2993,0.5416,0.0442,0.88,0.15,2.9028
2013-03-31,56999706,56999706,1,1002779000,382634000,462146000,124667000,538419000,2214000,0,171038000,173575000,198653000,-2671000,-2671000,-0.05,-0.05,0,-10918000,-4234000,-6290000,-21442000,221200000,4979000,11.2,12.04,10.37,0.0782,0.0422,9.45,1.16,16.23,14.63,0,0.3224,0.5369,0.046,0.9,-0.28,3.0692
2012-12-31,55910474,55910474,1,1030768000,402700000,490858000,146033000,537696000,2214000,0,172749000,180200000,259753000,27185000,27185000,0.48,0.47,0,48304000,-13828000,-1502000,32974000,242642000,16495000,10.15,11.13,9.17,0.0759,0.0408,9.62,1.07,29.85,14.63,0,0.3351,0.5216,0.0437,0.92,0.57,2.7576
2012-09-30,54957479,54957479,1,984209000,370357000,458352000,147056000,523377000,2480000,0,174501000,184175000,219644000,12002000,11506000,0.21,0.21,0,56340000,-11724000,-2054000,42562000,209668000,8064000,10.09,11.25,8.92,0.0361,0.0199,9.52,1.08,None,14.63,0,0.3519,0.5318,0.0221,0.87,0.88,2.5185
2012-06-30,54570610,54570610,1,957549000,335339000,446997000,128606000,508072000,2480000,0,176875000,188150000,216934000,5416000,5191000,0.09,0.09,0,47329000,-5487000,-14715000,27127000,167106000,4940000,9.21,9.95,8.47,-0.0071,-0.0038,9.31,1,None,14.63,None,0.3703,0.5306,None,0.87,0.78,2.6075
2012-03-31,55309155,55309155,1,963218000,330680000,450504000,125868000,510234000,2480000,0,178673000,192125000,207127000,-4415000,-4415000,-0.08,-0.08,0,20609000,-1385000,-7134000,12090000,139979000,711000,9.09,9.99,8.18,-0.0209,-0.0128,9.23,0.96,None,14.63,None,0.3765,0.5297,None,0.88,0.36,2.6272
2011-12-31,54363107,54363107,1,970528000,325410000,453527000,125048000,514521000,2480000,0,180449000,196100000,197397000,6292000,6292000,0.12,0.12,0,10286000,-222412000,192541000,-19585000,127889000,4296000,7.7,8.94,6.46,-0.0284,-0.0189,9.46,0.79,None,14.63,None,0.3811,0.5301,None,0.89,0.11,2.6023
2011-09-30,54719315,54719315,1,748716000,316496000,210017000,110599000,536069000,2630000,0,22154000,0,167871000,-10722000,-10722000,-0.19,-0.19,0,16492000,-7566000,-18426000,-9500000,147474000,2118000,8.29,9.78,6.79,0.0067,0.0048,9.8,0.85,28.59,14.63,0,0,0.716,0.0052,0.94,0.26,2.8617
2011-06-30,57317080,57317080,1,768673000,324379000,205704000,107098000,560339000,2630000,0,22473000,0,183034000,-2212000,-2212000,-0.04,-0.04,0,-4209000,-4299000,-16113000,-24621000,156974000,2775000,9.04,9.99,8.08,0.0365,0.0259,9.78,0.93,4.81,14.63,0,0,0.729,0.0276,0.94,-0.12,3.0288
2011-03-31,59138929,59138929,1,796750000,343167000,217741000,119081000,576379000,2630000,0,22791000,0,180358000,-8895000,-8895000,-0.15,-0.15,0,-7782000,-6216000,-9331000,-23329000,181595000,1256000,9.7,10.46,8.94,0.1979,0.151,9.75,0.96,4.83,14.63,0,0,0.7234,0.1475,0.93,-0.15,2.8818
2010-12-31,58462940,58462940,1,827542000,362579000,236010000,138484000,588902000,2630000,0,23107000,850000,205503000,25637000,25637000,0.38,0.38,0,16493000,16776000,2167000,35436000,204924000,6177000,8.99,10.27,7.72,0.2259,0.1621,10.07,0.95,4.81,14.63,0,0.0014,0.7116,0.1543,0.97,0.18,2.6182
2010-09-30,57926242,57926242,1,818356000,346376000,265029000,149550000,550594000,2733000,0,23444000,893000,183587000,6245000,6245000,0.1,0.1,0,60254000,-11845000,-1371000,47038000,169488000,4538000,7.62,8.43,6.81,0.2168,0.1473,9.51,0.8,4.46,14.63,0,0.0016,0.6728,0.135,0.99,0.96,2.3161
2010-06-30,57494514,57494514,1,801419000,312409000,253992000,129000000,544694000,2733000,0,23785000,935000,188785000,99507000,88835000,1.56,1.55,0,-42365000,166535000,-6193000,117977000,122450000,1913000,9.44,11.45,7.43,0.2101,0.1366,9.47,1.23,47.2,14.63,0,0.0017,0.6797,0.1225,1,-0.77,2.4218
2010-03-31,56925807,56925807,1,772419000,250461000,331175000,136446000,437888000,3356000,0,24136000,11376000,199015000,-880000,-880000,-0.02,-0.02,0,31589000,-16389000,-23637000,-8437000,5968000,4847000,7.96,9.7,6.22,0.024,0.0131,7.69,1.02,None,14.63,0,0.026,0.5669,0.013,1.01,0.47,1.8356
2009-12-31,54824704,54824704,1,786348000,258175000,353097000,135260000,429895000,3356000,0,239067000,35916000,216667000,12208000,12208000,0.24,0.24,0,-6883000,5298000,5582000,3997000,14405000,4110000,7.23,8.43,6.04,-0.5009,-0.2591,7.84,0.91,None,14.63,None,0.0835,0.5467,None,0.99,-0.2,1.9087
2009-09-30,54623691,54623691,1,790633000,246292000,355343000,135033000,432039000,3251000,0,239412000,29455000,186401000,-3261000,-3261000,-0.06,-0.06,0,47246000,-1233000,-45698000,315000,10408000,11538000,5.36,8.83,1.88,-0.5108,-0.265,7.91,0.69,None,14.63,None,0.0682,0.5464,None,0.96,0.65,1.8239
2009-06-30,54094852,54094852,1,813583000,261996000,389831000,124131000,420501000,3251000,0,239793000,73093000,193924000,2253000,2253000,0.04,0.04,0,8566000,-9645000,1214000,135000,10093000,9747000,2.05,2.5,1.6,-0.468,-0.2604,7.77,0.28,None,14.63,None,0.1738,0.5169,None,0.94,-0.02,2.1106
2009-03-31,53921139,53921139,1,846058000,245072000,450925000,149574000,391882000,3251000,0,240175000,73130000,205368000,-220847000,-220847000,-4.12,-4.12,0,29729000,-28013000,2866000,4582000,9958000,14254000,1.53,2.34,0.72,-0.8506,-0.5116,7.27,0.14,None,14.63,None,0.1866,0.4632,None,0.89,0.29,1.6385
2008-12-31,53820031,53820031,1,1088976000,285536000,355511000,187584000,591569000,141896000,0,241896000,61166000,264926000,-12618000,-12618000,-0.22,-0.22,0.15,3618000,-14118000,259000,-10241000,5376000,24734000,4.44,7.23,1.65,-0.3291,-0.2056,10.99,0.33,None,14.63,None,0.1034,0.5432,None,0.78,-0.39,1.5222
2008-09-30,53818093,53818093,1,1061588000,274692000,342313000,177990000,715766000,3509000,0,271675000,60300000,230278000,-16799000,-16799000,-0.31,-0.31,0,33513000,-13995000,-17410000,2108000,15617000,-9033000,8.37,10.17,6.56,-0.3763,-0.2363,13.3,0.23,None,14.48,None,0.0842,0.6742,None,0.73,0.79,1.5433
2008-06-30,54496473,54496473,1,3114034000,961799000,1005690000,301938000,1975879000,132465000,0,1056298000,386236000,664141000,-531241000,-531241000,-9.78,-9.78,0.42,138892000,-14286000,-132523000,-8115000,49309000,37684000,134.82,146.04,123.6,-0.2542,-0.1591,36.26,2.92,642,14.48,None,0.1955,0.6345,None,0.67,1.86,3.1854
2008-03-31,163200284,54400094,0.333333,4005591000,943019000,1387766000,346236000,2509793000,108032000,0,1841455000,473680000,642474000,84068000,84068000,0.52,0.51,0.14,156528000,-20135000,-110724000,25792000,57424000,30547000,123.82,130.92,116.73,0.0054,0.0034,46.14,2.74,None,14.06,6.5379,0.1887,0.6266,0.0055,0.61,2.32,2.7236
2007-12-31,162787143,54262380,0.333333,4005292000,926793000,1413001000,346802000,2450361000,141930000,0,1854433000,504663000,679196000,-255933000,-255933000,-1.57,-1.57,0.14,178341000,-42785000,-122798000,11948000,31632000,42863000,131.28,139.05,123.51,-0.0006,-0.0004,45.16,2.6,18.31,13.64,None,0.206,0.6118,None,0.59,2.5,2.6724
2007-09-30,162891225,54297074,0.333333,4331285000,819767000,1476614000,357445000,2738570000,116101000,0,2285096000,605892000,596446000,88367000,88367000,0.54,0.54,0.14,184440000,-89571000,-94108000,906000,19684000,32491000,128.24,142.8,113.67,0.1464,0.0899,50.44,2.59,18.67,13.22,0.2187,0.2212,0.6323,0.154,0.58,2.8,2.2934
2007-06-30,163180222,54393407,0.333333,4303034000,815481000,1500349000,354601000,2688374000,114311000,0,2264726000,623881000,640074000,97461000,97461000,0.6,0.59,0.14,120758000,27848000,-152237000,-3472000,18778000,31801000,133.08,141.66,124.5,0.1443,0.0861,49.42,2.79,20.83,12.8,0.2191,0.2321,0.6248,0.1487,0.58,1.64,2.2997
2007-03-31,163445022,54481673,0.333333,4294257000,830864000,1590473000,329476000,2602919000,100865000,0,2263752000,746426000,601424000,68484000,68484000,0.42,0.42,0.12,111872000,-19959000,-100097000,-8200000,22250000,20632000,143.93,160.17,127.68,0.1377,0.0795,47.78,3.04,22.21,12.38,0.2264,0.2868,0.6061,0.1381,0.58,1.67,2.5218
2006-12-31,163666099,54555366,0.333333,4344334000,875319000,1640470000,399268000,2581435000,122429000,0,2270294000,766381000,682985000,133948000,133948000,0.81,0.84,0.12,149728000,56447000,-207230000,-354000,30450000,53061000,147.65,153.27,142.02,0.1441,0.0803,47.32,3.26,36.73,12.02,0.2175,0.2969,0.5942,0.1414,0.57,1.77,2.1923
2006-09-30,163381024,54460341,0.333333,4388555000,931262000,1823298000,376374000,2466547000,98710000,0,2260421000,966168000,583449000,73063000,73063000,0.45,0.44,0.12,148964000,-22548000,-129471000,-2929000,30804000,20738000,133.32,144.06,122.58,0.092,0.0506,45.29,3.01,31.74,11.66,0.3439,0.3917,0.562,0.0867,0.58,2.35,2.4743
2006-06-30,163400390,54466796,0.333333,4420648000,994810000,1907061000,385943000,2415804000,97783000,0,2264415000,1042434000,641914000,71144000,71144000,0.44,0.43,0.12,105352000,235000,-105414000,173000,33733000,19026000,135.51,142.29,128.73,0.0974,0.0538,44.35,3.15,28.96,11.3,0.3231,0.4315,0.5465,0.0899,0.6,1.58,2.5776
2006-03-31,163535184,54511727,0.333333,4435593000,1020128000,1989863000,469646000,2342670000,103060000,0,2250839000,1048483000,589729000,75065000,75065000,0.46,0.45,0.11,150896000,-375635000,238267000,13528000,32771000,10273000,142.49,151.89,133.08,0.1107,0.0613,42.98,3.4,31.04,10.94,0.2832,0.4476,0.5282,0.1009,0.61,2.58,2.1721
2005-12-31,163694580,54564859,0.333333,4032628000,796569000,1654288000,348424000,2287079000,91261000,0,2038979000,825775000,706784000,-603000,-603000,-0,0.02,0.11,98800000,-39600000,-63836000,-4636000,19243000,29828000,143.03,151.5,134.55,0.1107,0.0641,41.91,3.38,22.92,10.61,0.2824,0.3611,0.5671,0.0991,0.65,1.26,2.2862
2005-09-30,163591288,54530429,0.333333,4056964000,694794000,1748966000,368053000,2307998000,0,0,2161839000,857893000,594702000,82156000,82156000,0.5,0.5,0.11,112980000,-20411000,-95124000,-2555000,23879000,22458000,147.66,153.57,141.75,0.1548,0.0913,42.32,3.58,25.64,10.28,0.2014,0.3717,0.5689,0.1413,0.65,1.66,1.8878
2005-06-30,163658654,54552884,0.333333,4056027000,730153000,1806427000,384477000,2249600000,0,0,2162610000,899845000,627343000,97589000,97589000,0.6,0.59,0.11,118928000,-543683000,428019000,3264000,26434000,11426000,151.06,158.73,143.4,0.1476,0.0891,41.24,3.82,27.14,9.95,0.2131,0.4,0.5546,0.1356,0.66,1.97,1.8991
2005-03-31,163690281,54563426,0.333333,3400892000,646915000,1242831000,360755000,2158061000,0,0,1613118000,453137000,585061000,70011000,70011000,0.43,0.42,0.1,116172000,-2580000,-102701000,10891000,23170000,8409000,142.74,147.75,137.73,0.1472,0.0913,39.55,3.71,25.51,9.62,0.2153,0.21,0.6346,0.1355,0.67,1.98,1.7932
2004-12-31,163258624,54419541,0.333333,3424849000,643298000,1328728000,375346000,2096121000,0,0,1614835000,532686000,606739000,91274000,91274000,0.55,0.57,0.1,122494000,-161624000,36671000,-2459000,12279000,20171000,142.92,151.65,134.19,0.1525,0.0941,38.52,3.85,24.75,9.32,0.2079,0.2541,0.612,0.1402,0.67,1.88,1.7139
2004-09-30,163069091,54356363,0.333333,3233233000,586557000,1216912000,348322000,2016321000,0,0,1473436000,492135000,499792000,55594000,55594000,0.34,0.34,0.1,103133000,-13738000,-100155000,-10760000,14738000,14316000,150.9,159.93,141.87,0.1632,0.1005,37.09,4.15,26.4,9.02,0.1879,0.2441,0.6236,0.109,0.92,1.63,1.684
2004-06-30,81496876,54331250,0.666667,3231294000,605161000,1257364000,335212000,1973930000,0,0,1474342000,575432000,547316000,86424000,86424000,1.07,1.05,0.2,44188000,-152710000,112631000,4109000,25498000,22512000,156.76,163.95,149.58,0.1681,0.1021,36.33,4.51,29.36,8.72,0.1767,0.2915,0.6109,0.1274,0.8,0.4,1.8053
2004-03-31,81375797,54250531,0.666667,3031636000,613172000,1147199000,355297000,1884437000,0,0,1237125000,458099000,513656000,70519000,70519000,0.87,0.86,0.175,116349000,-57523000,-55664000,3162000,21389000,19776000,144.36,151.68,137.04,0.1634,0.0977,34.74,4.28,28.73,8.42,0.1754,0.2431,0.6216,0.1485,0.66,1.78,1.7258
2003-12-31,81015651,54010434,0.666667,3009402000,562437000,1186871000,330959000,1822531000,0,0,1237720000,509117000,1319671000,101534000,101534000,1.23,1.26,0.15,68216000,-26164000,-44047000,-1995000,18227000,29831000,135.34,142.74,127.95,0.1607,0.0928,33.74,4.28,29.58,8.16,0.1788,0.2793,0.6056,0.1444,0.64,0.71,1.6994
2003-09-30,80899942,53933294,0.666667,2881803000,486212000,1176065000,316061000,1705738000,0,0,1239439000,550692000,55619000,51859000,51859000,0.65,0.64,0.15,102182000,-16501000,-89434000,-3753000,20222000,19872000,128.12,135.09,121.14,0.1524,0.085,31.63,4.17,28.66,7.93,0.197,0.3228,0.5919,0.2554,0.33,1.53,1.5383
2003-06-30,80699972,53799981,0.666667,2900364000,511780000,1248797000,326603000,1651567000,0,0,1240508000,629007000,54361000,64733000,64733000,0.81,0.8,0.15,89257000,-18841000,-68898000,1518000,23975000,17873000,123.42,135.99,110.85,0.1542,0.0845,30.7,4.23,32.78,7.71,0.2016,0.3809,0.5694,0.1873,0.45,1.33,1.567
2003-03-31,80189976,53459984,0.666667,2881555000,497797000,1320318000,391616000,1561237000,0,0,1240644000,650495000,445194000,52689000,52689000,0.66,0.65,0.15,67483000,-25187000,-35347000,6949000,22457000,21675000,118.53,125.46,111.6,0.1346,0.0729,29.2,4.18,33.48,7.48,0.2389,0.4167,0.5418,0.1241,0.59,0.86,1.2711
2002-12-31,80130676,53420450,0.666667,2870337000,500011000,1354872000,426073000,1515465000,0,0,1238904000,649801000,404444000,75785000,75785000,0.95,0.96,0.15,36779000,-122618000,66986000,-18853000,15508000,35100000,108.93,120.15,97.7,0.1298,0.0699,28.37,3.96,47.46,7.26,0.2549,0.4288,0.528,0.1226,0.57,0.03,1.1735
2002-09-30,80001596,53334397,0.666667,2662194000,489782000,1193913000,401220000,1468281000,0,0,1205951000,512967000,371505000,45676000,45676000,0.57,0.57,0.15,75398000,-25158000,-33883000,16357000,34361000,16537000,109.77,117.45,102.09,0.0866,0.0463,27.53,4.08,59.02,7.03,0.3923,0.3494,0.5515,0.0822,0.56,1.1,1.2207
2002-06-30,79936630,53291086,0.666667,2615842000,454066000,1182415000,790993000,1433427000,0,0,1206759000,113996000,399933000,26956000,26956000,0.34,0.33,0.15,52938000,-11407000,-36857000,4674000,18004000,15385000,120.97,131.25,110.7,0.0719,0.0378,26.9,4.64,57.6,6.81,0.4823,0.0795,0.548,0.068,0.56,0.7,0.574
2002-03-31,79851418,53234278,0.666667,2619717000,439902000,1232781000,842392000,1386936000,0,0,1207478000,113809000,359782000,39880000,39880000,0.5,0.5,0.15,47830000,-32062000,-19857000,-4089000,13330000,21378000,111.53,123.75,99.3,0.0819,0.0426,26.05,4.37,42.98,6.58,0.4278,0.0821,0.5294,0.0779,0.55,0.5,0.5222
2001-12-31,79409029,52939352,0.666667,2643760000,450658000,1291860000,905511000,1351900000,0,0,1203191000,109966000,353600000,9542000,9542000,0.12,0.13,0.15,-9442000,-28833000,40362000,2087000,17419000,22169000,94.54,102.08,87,0.103,0.0527,25.54,3.74,28.65,6.36,0.3447,0.0813,0.5114,0.096,0.55,-0.6,0.4977
2001-09-30,79123591,52749060,0.666667,2585774000,487202000,1251837000,775303000,1333937000,0,0,1191285000,209814000,342099000,22633000,22633000,0.29,0.28,0.15,92102000,-25372000,-67917000,-1187000,15332000,16959000,95.85,107.55,84.15,0.1341,0.0682,25.29,3.71,26.96,6.13,0.2636,0.1573,0.5159,0.1148,0.59,1.42,0.6284
2001-06-30,79334501,52889667,0.666667,2623410000,473253000,1258041000,475203000,1365369000,0,0,1202401000,508555000,374053000,39350000,39350000,0.5,0.49,0.15,47992000,-2963000,-42350000,2679000,16519000,14379000,94.05,103.5,84.6,0.1458,0.0733,25.82,3.8,25.49,5.91,0.2414,0.3725,0.5205,0.118,0.62,0.64,0.9959
2001-03-31,79198716,52799144,0.666667,2610874000,453969000,1302691000,532459000,1308183000,0,0,1212182000,508411000,367379000,66438000,66438000,0.84,0.83,0.15,75415000,-97229000,21542000,-272000,13840000,14716000,90.97,99.9,82.05,0.1545,0.0761,24.78,3.75,29.44,5.68,0.2291,0.3886,0.5011,0.1171,0.65,1.15,0.8526
2000-12-31,79076359,52717572,0.666667,2572866000,523985000,1295056000,532976000,1277810000,0,0,1209132000,501781000,459641000,48801000,48801000,0.63,0.6,0.14,63805000,-56871000,-11421000,-4487000,14112000,30042000,85.5,94.88,76.13,0.1305,0.0634,24.24,3.56,27.94,5.46,0.2695,0.3927,0.4966,0.0951,0.67,0.64,0.9831
2000-09-30,78734276,52489517,0.666667,2563821000,491107000,1301385000,522070000,1262436000,0,0,1201281000,501788000,409635000,35428000,35428000,0.45,0.45,0.14,76298000,-13087000,-59938000,3273000,18599000,18390000,76.22,81.29,71.16,0.1311,0.0625,24.05,3.23,26.6,5.25,0.2738,0.3975,0.4924,0.0944,0.66,1.1,0.9407
2000-06-30,78558669,52372446,0.666667,2564679000,475737000,1330491000,548570000,1234188000,0,0,1208648000,501855000,439224000,45620000,45620000,0.58,0.58,0.14,58323000,-38869000,-23798000,-4344000,15326000,11131000,71.45,77.45,65.45,0.1256,0.0589,23.57,3.02,25.2,5.04,0.2924,0.4066,0.4812,0.0903,0.65,0.9,0.8672
2000-03-31,78269434,52179622,0.666667,2613455000,477290000,1379427000,570360000,1234028000,0,0,1222746000,501842000,410859000,33604000,33604000,0.43,0.43,0.14,57317000,-43077000,-5026000,9214000,19670000,15014000,68.91,74.25,63.57,0.1278,0.0594,23.65,3.09,24.7,4.83,0.2948,0.4067,0.4722,0.0923,0.64,0.81,0.8368
1999-12-31,78221091,52147394,0.666667,2520204000,477284000,1355929000,577468000,1164275000,0,0,1191718000,501847000,439657000,45808000,45808000,0.59,0.58,0.14,51580000,-47058000,-8792000,-4270000,10456000,21213000,69.66,77.07,62.25,0.1307,0.0604,22.33,3.18,25.52,4.62,0.2981,0.431,0.462,0.0935,0.65,0.58,0.8265
1999-09-30,78109209,52072806,0.666667,2481270000,443678000,1338801000,554890000,1142469000,0,0,1181638000,501869000,369899000,24893000,24893000,0.32,0.32,0.14,59014000,-30396000,-26278000,2340000,14726000,22312000,74.48,79.5,69.47,0.1315,0.0606,21.94,3.5,27.28,4.41,0.3027,0.4393,0.4604,0.0947,0.64,0.7,0.7996
1999-06-30,78181902,52121268,0.666667,2391385000,423120000,1283125000,524127000,1108260000,0,0,1189988000,503295000,388313000,44231000,44231000,0.57,0.56,0.14,21150000,-41114000,17890000,-2074000,12386000,22295000,69.52,77.34,61.7,0.135,0.0625,21.26,3.35,27.1,4.2,0.3006,0.4541,0.4634,0.0971,0.64,-0.02,0.8073
1999-03-31,78345085,52230056,0.666667,2331241000,363461000,1248083000,494190000,1083158000,0,0,1187634000,501831000,373423000,32001000,32001000,0.41,0.4,0.14,61771000,1724000,-64454000,-959000,13441000,14006000,68.06,75.38,60.75,0.1283,0.06,20.74,3.32,28.01,3.99,0.3139,0.4633,0.4646,0.0933,0.64,0.91,0.7355
1998-12-31,78311159,52207439,0.666667,2345112000,407333000,1276380000,532491000,1068732000,0,0,1193257000,501834000,397405000,43634000,43634000,0.56,0.54,0.14,58468000,-36831000,-22093000,-456000,14400000,24096000,67.78,77.82,57.75,0.1222,0.0575,20.47,3.34,26.42,3.78,0.327,0.4696,0.4557,0.0902,0.64,0.66,0.765
1998-09-30,78491432,52327621,0.666667,2268106000,380718000,1205043000,483345000,1063063000,0,0,1208558000,501840000,343423000,26078000,26078000,0.33,0.32,0.14,53983000,-7052000,-49753000,-2822000,14861000,17066000,74.16,84,64.32,0.1292,0.061,20.32,3.64,26.44,3.57,0.3073,0.4721,0.4687,0.0975,0.63,0.71,0.7877
1998-06-30,80360800,53573866,0.666667,2261912000,370332000,1169390000,352490000,1092522000,0,0,1218511000,601845000,366918000,36424000,36424000,0.45,0.45,0.13,34262000,-23811000,-10269000,182000,17683000,13717000,81.47,87.75,75.2,0.1418,0.0724,20.39,4.09,28.59,3.36,0.278,0.5509,0.483,0.1108,0.65,0.38,1.0506
1998-03-31,80800401,53866934,0.666667,2252190000,356500000,1180329000,370249000,1071861000,0,0,1227957000,601849000,346809000,25078000,25078000,0.31,0.31,0.13,89903000,-15121000,-71602000,3180000,17501000,12090000,75.28,82.97,67.59,0.147,0.0808,19.9,3.86,25.61,3.16,0.2747,0.5615,0.4759,0.1177,0.69,1.44,0.9629
1997-12-31,80754343,53836228,0.666667,2280833000,379114000,1231871000,429960000,1048962000,0,0,1237482000,601852000,359554000,50522000,50522000,0.63,None,0.13,33336000,-717533000,683921000,-276000,14321000,19284000,66.89,73.41,60.38,0.1556,0.093,19.48,3.46,22.87,2.97,0.2662,0.5738,0.4599,0.127,0.73,0.26,0.8817
1997-09-30,80188298,53458865,0.666667,1522910000,317953000,489397000,234966000,1033513000,0,0,597028000,52671000,286181000,38578000,38578000,0.48,None,0.13,68378000,14659000,-82234000,803000,14597000,15182000,60.38,65.91,54.84,0.1594,0.1055,19.33,3.25,20.97,2.77,0.2668,0.051,0.6786,0.0801,1.32,1,1.3532
1997-06-30,81014813,54009875,0.666667,1502360000,334519000,500146000,296224000,1002214000,0,0,581170000,31819000,305512000,38579000,38579000,0.48,None,0.13,40253000,-35237000,-10368000,-5352000,13794000,13258000,55.51,62.63,48.38,0.1475,0.0993,18.56,3.09,18.88,2.58,0.2716,0.0317,0.6671,0.0915,1.09,0.5,1.1293
1997-03-31,80973272,53982181,0.666667,1478606000,315730000,508203000,299853000,970403000,0,0,585546000,31806000,290710000,30023000,30023000,0.37,None,0.13,54941000,-37121000,-8819000,9001000,19146000,8896000,52.6,56.25,48.95,0.1421,0.0973,17.98,3,17.89,2.38,0.2655,0.0328,0.6563,0.1128,0.86,0.85,1.0529
1996-12-31,80925172,53950114,0.666667,1463613000,309024000,519022000,323402000,944591000,0,0,590452000,31793000,1083654000,50279000,50279000,0.62,None,0.13,58021000,-31124000,-33086000,-6189000,10145000,11379000,63.85,78.57,49.13,0.134,0.0944,17.51,2.67,23.01,2.19,0.2661,0.0337,0.6454,0.1403,0.67,0.86,0.9555
1996-09-30,80537644,53691762,0.666667,1790344000,307069000,508724000,298899000,1281620000,0,0,591746000,31804000,12793000,35919000,35919000,0.45,None,0.13,54879000,-25414000,-28725000,740000,16334000,5147000,66.19,71.25,61.13,0.1194,0.086,23.87,2.83,25.22,1.99,0.2831,0.0248,0.7159,2.7886,0.03,0.93,1.0273
1996-06-30,80468252,53645501,0.666667,1764428000,268338000,511252000,200664000,1253176000,0,0,596454000,131815000,14134000,41890000,41890000,0.52,None,0.13,55260000,-40687000,-11850000,2723000,15594000,19378000,65.72,70.5,60.95,0.1156,0.0813,23.36,2.89,26.08,1.8,0.2994,0.1052,0.7102,2.6473,0.03,0.67,1.3373
1996-03-31,80301602,53534401,0.666667,1652598000,266429000,435135000,208986000,1217463000,0,0,490692000,31824000,11277000,29315000,29315000,0.37,None,0.13,73157000,-68379000,-21928000,-17150000,12871000,17396000,61.23,65.25,57.2,0.1135,0.0787,22.74,2.75,24.44,1.6,0.3119,0.0261,0.7367,2.5625,0.03,1.04,1.2749
1995-12-31,80148381,53432254,0.666667,1655552000,334245000,464126000,266119000,1191426000,0,0,495773000,2177000,14732000,40491000,40491000,0.51,None,0.13,75456000,-23351000,-36663000,15442000,30021000,-13611000,55.6,60.95,50.25,0.1161,0.0784,22.3,2.56,25.56,1.41,0.3,0.0018,0.7197,2.5219,0.03,1.67,1.256
1995-09-30,80019813,53346542,0.666667,1781074000,354332000,620027000,261712000,1161047000,0,0,595979000,63461000,12488000,27634000,27634000,0.35,None,0.13,61964000,-58984000,-13474000,-10494000,14579000,21287000,48.95,51.95,45.95,0.1039,0.0678,21.76,2.3,22.51,1.21,0.3293,0.0547,0.6519,2.2068,0.03,0.76,1.3539
1995-06-30,80004063,53336042,0.666667,1699059000,296535000,561934000,224186000,1137125000,0,0,603047000,63433000,13632000,36139000,36139000,0.45,None,0.13,38116000,-31804000,-9466000,-3154000,25073000,29293000,45.28,48.57,42,0.1046,0.0674,21.32,2.18,18.41,1.02,0.3196,0.0558,0.6693,2.1781,0.03,0.17,1.3227
1995-03-31,79916152,53277434,0.666667,1672594000,271955000,567368000,186847000,1105226000,0,0,609949000,110455000,12036000,29114000,29114000,0.36,None,0.11,40314000,-18952000,-9744000,11618000,28227000,20331000,44.63,49.13,40.13,0.1216,None,20.74,2.19,18.37,0.82,0.2729,0.0999,0.6608,2.3905,0.03,0.38,1.4555
1994-12-31,79863075,53242050,0.666667,1722960000,297028000,639492000,258824000,1083468000,0,0,616113000,110431000,14655000,23657000,23657000,0.29,None,0.11,81761000,-40722000,-37135000,3904000,16609000,37664000,43.88,46.5,41.25,0.1248,None,20.35,2.17,None,0.66,0.2773,0.1019,0.6288,2.3278,0.03,0.83,1.1476
1994-09-30,79795451,53196967,0.666667,1730276000,272982000,656591000,215819000,1073685000,0,0,637046000,110358000,12483000,26105000,26105000,0.35,None,0.11,45363000,-11122000,-34019000,222000,12705000,18808000,43.78,45.75,41.82,None,None,20.18,2.41,None,0.49,None,0.1028,0.6205,None,None,0.5,1.2649
1994-06-30,74803337,49868891,0.666667,1622984000,255962000,717522000,200479000,905462000,0,0,542301000,151582000,13828000,47824000,47824000,0.64,None,0.11,47151000,12060000,-60893000,-1682000,12483000,18663000,39.38,44.25,34.5,None,None,18.16,2.26,None,0.33,None,0.1674,0.5579,None,None,0.57,1.2768
1994-03-31,74771476,49847650,0.666667,1639240000,248723000,770363000,250517000,868877000,0,0,548625000,151560000,11737000,25097000,25097000,0.34,None,0.11,74582000,-35802000,-43221000,-4441000,14165000,20433000,40.6,43.88,37.32,None,None,17.43,2.35,None,0.16,None,0.1744,0.53,None,None,1.09,0.9928
1993-12-31,74761328,49840885,0.666667,1676482000,272995000,816847000,288323000,859635000,0,0,552989000,151535000,None,None,None,None,None,0,None,None,None,None,18606000,0,42.01,46.32,37.7,None,None,17.25,None,None,0,None,0.1763,0.5128,None,None,None,0.9468
