"Quarter end","Shares","Shares split adjusted","Split factor","Assets","Current Assets","Liabilities","Current Liabilities","Shareholders equity","Non-controlling interest","Preferred equity","Goodwill & intangibles","Long-term debt","Revenue","Earnings","Earnings available for common stockholders","EPS basic","EPS diluted","Dividend per share","Cash from operating activities","Cash from investing activities","Cash from financing activities","Cash change during period","Cash at end of period","Capital expenditures","Price","Price high","Price low","ROE","ROA","Book value of equity per share","P/B ratio","P/E ratio","Cumulative dividends per share","Dividend payout ratio","Long-term debt to equity ratio","Equity to assets ratio","Net margin","Asset turnover","Free cash flow per share","Current ratio"
2019-04-28,936104929,936104929,1,18775000000,10062000000,10574000000,3605000000,8201000000,0,0,3584000000,5311000000,3539000000,666000000,666000000,0.71,0.7,0.21,800000000,-129000000,-747000000,-76000000,3116000000,118000000,41.27,45.75,36.8,0.4637,0.1901,8.76,4.77,10.47,4.82,0.2223,0.6476,0.4368,0.221,0.86,0.73,2.7911
2019-01-27,949392609,949392609,1,18922000000,10285000000,10713000000,3776000000,8209000000,0,0,3567000000,5310000000,3753000000,771000000,771000000,0.81,0.8,0.2,834000000,-66000000,-1016000000,-248000000,3192000000,133000000,34.13,39.48,28.79,0.5463,0.2162,8.65,4.79,10.44,4.61,0.1719,0.6469,0.4338,0.235,0.92,0.74,2.7238
2018-10-28,958606093,958606093,1,17773000000,10747000000,10934000000,4068000000,6839000000,0,0,3581000000,5309000000,4014000000,876000000,876000000,0.89,0.88,0.2,1077000000,-129000000,-882000000,66000000,3440000000,165000000,40.98,50.39,31.57,0.4536,0.1795,7.13,5.9,12.42,4.41,0.1794,0.7763,0.3848,0.192,0.93,0.95,2.6418
2018-07-29,982990521,982990521,1,17883000000,10889000000,11058000000,4322000000,6825000000,0,0,3631000000,5308000000,4468000000,1173000000,1173000000,1.18,1.17,0.2,633000000,-674000000,-1455000000,-1496000000,3374000000,133000000,50.75,56.94,44.57,0.4311,0.1812,6.94,7.26,17.03,4.21,0.1486,0.7777,0.3816,0.1987,0.91,0.51,2.5194
2018-04-29,1008047762,1008047762,1,18498000000,11891000000,11456000000,4580000000,7042000000,0,0,3681000000,5306000000,4567000000,1129000000,1129000000,1.1,1.09,0.1,611000000,22000000,-2562000000,-1929000000,4870000000,121000000,53.77,62.4,45.13,0.3774,0.1655,6.99,6.64,20.29,4.01,0.1319,0.7535,0.3807,0.1924,0.86,0.49,2.5963
2018-01-28,1050687501,1050687501,1,19663000000,13029000000,11157000000,4399000000,8506000000,0,0,3730000000,5305000000,4204000000,135000000,135000000,0.13,0.13,0.1,1466000000,1352000000,-1029000000,1789000000,6799000000,203000000,54.57,60.89,48.25,0.3296,0.1501,8.1,6.17,17.21,3.91,0.1482,0.6237,0.4326,0.1853,0.81,1.2,2.9618
2017-10-29,1056340714,1056340714,1,19419000000,12918000000,10070000000,4115000000,9349000000,0,0,3368000000,5304000000,3969000000,982000000,982000000,0.93,0.91,0.1,699000000,-529000000,-438000000,-268000000,5010000000,124000000,49.36,56.69,42.03,0.4044,0.1908,8.85,6.04,17.57,3.81,0.1246,0.5673,0.4814,0.2362,0.81,0.54,3.1392
2017-07-30,1066487165,1066487165,1,19078000000,12731000000,10362000000,4371000000,8716000000,0,0,3818000000,5303000000,3744000000,925000000,925000000,0.86,0.85,0.1,1366000000,-349000000,-683000000,334000000,5278000000,80000000,44.23,47.45,41.01,0.3848,0.1824,8.17,5.79,18.28,3.71,0.1404,0.6084,0.4569,0.2208,0.83,1.21,2.9126
2017-04-30,1074631708,1074631708,1,18240000000,12018000000,10028000000,4097000000,8212000000,0,0,3820000000,5302000000,3546000000,824000000,824000000,0.76,0.76,0.1,898000000,-1281000000,1836000000,1453000000,4944000000,77000000,37.79,41.33,34.25,0.353,0.1711,7.64,5.31,19.38,3.61,0.1632,0.6456,0.4502,0.2041,0.84,0.76,2.9334
2017-01-29,1079831003,1079831003,1,15244000000,9094000000,7557000000,3808000000,7687000000,0,0,3843000000,3125000000,3278000000,703000000,703000000,0.65,0.65,0.1,646000000,-367000000,-194000000,85000000,3491000000,64000000,31.61,35.04,28.18,0.3023,0.1511,7.12,4.72,20.39,3.51,0.2024,0.4065,0.5043,0.1805,0.84,0.54,2.3881
2016-10-30,1076570134,1076570134,1,14588000000,8353000000,7371000000,3632000000,7217000000,0,0,3341000000,3143000000,3297000000,610000000,610000000,0.56,0.55,0.1,797000000,11000000,-230000000,578000000,3406000000,88000000,28.27,30.57,25.97,0.2479,0.1259,6.7,4.48,22.09,3.41,0.2543,0.4355,0.4947,0.159,0.79,0.66,2.2998
2016-07-31,1080893856,1080893856,1,13699000000,7399000000,6880000000,2964000000,6819000000,0,0,3926000000,3343000000,2821000000,505000000,505000000,0.47,0.46,0.1,981000000,-322000000,-301000000,358000000,2828000000,50000000,23.25,26.9,19.61,0.2055,0.1045,6.31,3.86,21.33,3.31,0.3075,0.4902,0.4978,0.1462,0.71,0.86,2.4963
2016-05-01,1089143904,1089143904,1,13075000000,6728000000,6510000000,2611000000,6565000000,0,0,3972000000,3343000000,2450000000,320000000,320000000,0.29,0.29,0.1,481000000,-5000000,-968000000,-492000000,2470000000,47000000,18.6,21.56,15.64,0.1734,0.0927,6.03,2.93,17.06,3.21,0.3595,0.5092,0.5021,0.1329,0.7,0.4,2.5768
2016-01-31,1130724579,1130724579,1,13326000000,6910000000,6158000000,2307000000,7168000000,0,0,4016000000,3343000000,2257000000,286000000,286000000,0.25,0.25,0.1,207000000,-109000000,-1933000000,-1835000000,2962000000,68000000,17.63,19.41,15.85,0.1691,0.095,6.34,2.66,15.74,3.11,0.3583,0.4664,0.5379,0.1376,0.69,0.12,2.9952
2015-10-25,1149133389,1149133389,1,15308000000,9261000000,7695000000,3798000000,7613000000,0,0,4064000000,3342000000,2368000000,336000000,336000000,0.28,0.28,0.1,471000000,-57000000,1809000000,2223000000,4797000000,51000000,16,17.62,14.37,0.1721,0.0999,6.62,2.41,15.24,3.01,0.3493,0.439,0.4973,0.1426,0.7,0.37,2.4384
2015-07-26,1200619417,1200619417,1,13153000000,7043000000,5176000000,3020000000,7977000000,0,0,4115000000,1547000000,2490000000,329000000,329000000,0.27,0.27,0.1,334000000,-84000000,-744000000,-494000000,2574000000,51000000,18.88,20.38,17.37,0.1608,0.0979,6.64,2.78,18.51,2.91,0.3764,0.1939,0.6065,0.1357,0.72,0.24,2.3321
2015-04-26,1231598278,1231598278,1,13587000000,7447000000,5236000000,2696000000,8351000000,0,0,4164000000,1947000000,2442000000,364000000,364000000,0.3,0.29,0.1,298000000,-90000000,-69000000,139000000,3067000000,64000000,23.56,25.63,21.49,0.1587,0.0963,6.78,3.59,25.06,2.81,0.3861,0.2331,0.6146,0.136,0.71,0.19,2.7622
2015-01-25,1228696722,1228696722,1,13073000000,6933000000,5001000000,2521000000,8072000000,0,0,4209000000,1947000000,2359000000,348000000,348000000,0.28,0.28,0.1,60000000,-50000000,-83000000,-73000000,2929000000,49000000,23.22,25.4,21.04,0.1501,0.0904,6.57,3.61,26.69,2.71,0.4187,0.2412,0.6175,0.1263,0.72,0.01,2.7501
2014-10-26,1221471983,1221471983,1,13174000000,6967000000,5306000000,2823000000,7868000000,0,0,4255000000,1947000000,2264000000,256000000,256000000,0.2,0.21,0.1,407000000,-53000000,-78000000,276000000,3002000000,63000000,21.02,23.11,18.92,0.1417,0.0844,6.44,3.33,25.95,2.61,0.4541,0.2475,0.5972,0.1182,0.71,0.28,2.4679
2014-07-27,1218394316,1218394316,1,12851000000,6640000000,5167000000,2755000000,7684000000,0,0,4273000000,1947000000,2265000000,301000000,301000000,0.25,0.24,0.1,584000000,-192000000,-119000000,273000000,2726000000,65000000,20.97,23.27,18.67,0.1355,0.0805,6.31,3.42,29.54,2.51,0.4856,0.2534,0.5979,0.1136,0.71,0.43,2.4102
2014-04-27,1217401400,1217401400,1,12555000000,6401000000,5080000000,2662000000,7475000000,0,0,4312000000,1947000000,2353000000,262000000,262000000,0.22,0.21,0.1,437000000,-69000000,-59000000,309000000,2453000000,65000000,18.78,20.84,16.72,0.1205,0.0714,6.14,3.14,48.15,2.41,0.5584,0.2605,0.5954,0.1018,0.7,0.31,2.4046
2014-01-26,1211068250,1211068250,1,12199000000,6014000000,4958000000,2477000000,7241000000,0,0,4351000000,1946000000,2190000000,253000000,253000000,0.21,0.21,0.1,372000000,153000000,-92000000,433000000,2144000000,48000000,17.26,18.01,16.5,0.0674,0.0398,5.98,2.93,82.19,2.31,0.9894,0.2687,0.5936,0.0585,0.68,0.27,2.4279
2013-10-27,1204183467,1204183467,1,12043000000,5642000000,4955000000,2443000000,7088000000,0,0,4397000000,1946000000,1988000000,183000000,183000000,0.15,0.15,0.1,19000000,57000000,-110000000,-34000000,1711000000,57000000,16.54,18.1,14.97,0.0365,0.0217,5.89,2.86,None,2.21,1.7846,0.2745,0.5886,0.0341,0.64,-0.03,2.3095
2013-07-28,1202826487,1202826487,1,11751000000,5237000000,4797000000,2202000000,6954000000,0,0,4442000000,1946000000,1975000000,168000000,168000000,0.14,0.14,0.1,364000000,-34000000,-130000000,200000000,1745000000,40000000,15.55,16.69,14.4,-0.0626,-0.0374,5.78,2.71,None,2.11,None,0.2798,0.5918,None,0.61,0.27,2.3783
2013-04-28,1201600676,1201600676,1,11695000000,5113000000,4797000000,2201000000,6898000000,0,0,4488000000,1946000000,1973000000,-129000000,-129000000,-0.11,-0.11,0.09,224000000,-61000000,-141000000,22000000,1545000000,51000000,13.48,14.15,12.8,-0.0529,-0.0321,5.74,2.27,1348,2.01,None,0.2821,0.5898,None,0.62,0.14,2.323
2013-01-27,1200044358,1200044358,1,11714000000,4765000000,4573000000,1965000000,7141000000,0,0,4820000000,1946000000,1573000000,34000000,34000000,0.03,0.03,0.09,16000000,253000000,-138000000,131000000,1523000000,49000000,11.49,12.83,10.15,0.0033,0.002,5.95,1.9,164.14,1.92,16.5271,0.2725,0.6096,0.0032,0.64,-0.03,2.4249
2012-10-28,1197659704,1197659704,1,12102000000,5102000000,4867000000,2265000000,7235000000,0,0,4873000000,1946000000,1646000000,-515000000,-515000000,-0.41,-0.41,0.09,411000000,37000000,-582000000,-137000000,1392000000,41000000,11.35,12.05,10.65,0.0132,0.0082,6.04,1.68,13.84,1.83,3.899,0.269,0.5978,0.0125,0.66,0.31,2.2525
2012-07-29,1237495151,1237495151,1,13320000000,5865000000,4981000000,2408000000,8339000000,0,0,5349000000,1946000000,2343000000,218000000,218000000,0.17,0.17,0.09,656000000,-281000000,-609000000,-232000000,1529000000,45000000,11,11.99,10.01,0.1251,0.079,6.74,1.62,10.89,1.74,0.3908,0.2334,0.6261,0.1166,0.68,0.49,2.4356
2012-04-29,1281712814,1281712814,1,13877000000,6330000000,5174000000,2666000000,8703000000,0,0,5403000000,1946000000,2541000000,289000000,289000000,0.22,0.22,0.08,603000000,-259000000,-261000000,80000000,1761000000,39000000,12.35,13.21,11.49,0.1541,0.0965,6.79,1.84,10.65,1.65,0.3109,0.2236,0.6272,0.1378,0.7,0.44,2.3743
2012-01-29,1291121831,1291121831,1,13597000000,6157000000,4947000000,2494000000,8650000000,0,0,5394000000,1947000000,2189000000,117000000,117000000,0.09,0.09,0.08,181000000,-4157000000,-302000000,-4279000000,1681000000,37000000,11.43,12.73,10.13,0.1799,0.1149,6.7,1.7,7.88,1.57,0.2724,0.2251,0.6362,0.1534,0.75,0.11,2.4687
2011-10-30,1305637099,1305637099,1,13861000000,10355000000,5061000000,2794000000,8800000000,0,0,1546000000,1947000000,2182000000,455000000,455000000,0.35,0.34,0.08,698000000,492000000,-250000000,942000000,5960000000,69000000,11.23,12.62,9.85,0.2309,0.1505,6.74,1.73,7.69,1.49,0.2117,0.2213,0.6349,0.1831,0.82,0.48,3.7062
2011-07-31,1317531478,1317531478,1,14103000000,10273000000,5552000000,3278000000,8551000000,0,0,1558000000,1947000000,2787000000,476000000,476000000,0.36,0.36,0.08,599000000,252000000,1606000000,2460000000,5018000000,-32000000,13.75,15.24,12.27,0.2416,0.1607,6.49,2.21,11.55,1.41,0.2043,0.2277,0.6063,0.1728,0.93,0.48,3.1339
2011-05-01,1318250161,1318250161,1,11957000000,7944000000,3775000000,3251000000,8182000000,0,0,1572000000,204000000,2862000000,489000000,489000000,0.37,0.37,0.08,704000000,45000000,-166000000,583000000,2558000000,57000000,15.66,16.85,14.46,0.2058,0.1413,6.21,2.64,15.35,1.33,0.2423,0.0249,0.6843,0.1448,0.98,0.49,2.4436
2011-01-30,1319407222,1319407222,1,11274000000,7142000000,3435000000,2914000000,7839000000,0,0,1609000000,204000000,2686000000,506000000,506000000,0.38,0.38,0.07,425000000,-79000000,-230000000,116000000,1974000000,-15000000,14.23,16.1,12.37,0.1816,0.1255,5.94,2.51,20.33,1.25,0.264,0.026,0.6953,0.1311,0.96,0.33,2.4509
2010-10-31,1327685208,1327685208,1,10943345000,6765315000,3407232000,2887876000,7536113000,0,0,1623247000,204271000,2886435000,468015000,468015000,0.35,0.35,0.07,525119000,-14775000,-214335000,293327000,1857664000,35037000,11.36,12.35,10.37,0.1281,0.0891,5.68,2.08,25.24,1.18,0.3707,0.0271,0.6886,0.0982,0.91,0.37,2.3427
2010-08-01,1336068013,1336068013,1,10726148000,6551748000,3448009000,2889472000,7278139000,0,0,1636827000,204438000,2517790000,123096000,123096000,0.09,0.09,0.07,298901000,-137297000,-192548000,-32092000,1564337000,36170000,12.89,14,11.78,0.0843,0.0596,5.45,2.37,40.28,1.11,0.5515,0.0281,0.6785,0.0742,0.8,0.2,2.2675
2010-05-02,1342979263,1342979263,1,10449749000,6173294000,3128668000,2575820000,7321081000,0,0,1682654000,204847000,2295540000,264004000,264004000,0.2,0.2,0.06,526960000,-219972000,-109616000,197372000,1596429000,44707000,13.14,14.47,11.8,0.0602,0.0434,5.45,2.47,None,1.04,0.7485,0.028,0.7006,0.0632,0.69,0.36,2.3966
2010-01-31,1343270238,1343270238,1,10003838000,5849263000,2855695000,2277948000,7148143000,0,0,1710426000,210547000,1848902000,82751000,82751000,0.06,0.06,0.06,371873000,-489568000,-59632000,-177327000,1399054000,53167000,13.38,14.87,11.89,-0.0126,-0.0092,5.32,2.53,None,0.98,None,0.0295,0.7145,None,0.57,0.24,2.5678
2009-10-25,1341259033,1341259033,1,9574243000,5688947000,2479635000,1939457000,7094608000,0,0,1477348000,200654000,1526394000,137862000,137862000,0.1,0.1,0.06,239869000,-171116000,-47842000,20911000,1576381000,60623000,13.34,14.01,12.66,-0.0428,-0.0311,5.29,2.54,None,0.92,None,0.0283,0.741,None,0.51,0.13,2.9333
2009-07-26,1333714002,1333714002,1,9580281000,5764792000,2566672000,2038983000,7013609000,0,0,1499091000,201200000,1133740000,-54865000,-54865000,-0.04,-0.04,0.06,193713000,-27054000,-78165000,88494000,1555470000,59705000,12,13.49,10.5,-0.0292,-0.0208,5.26,2.26,432345564227567616,0.86,None,0.0287,0.7321,None,0.54,0.1,2.8273
2009-04-26,1333034685,1333034685,1,9749099000,5914806000,2653200000,2132833000,7095899000,0,0,1171740000,201165000,1020077000,-255390000,-255390000,-0.19,-0.19,0.06,84300000,69836000,-53356000,100780000,1466976000,54781000,10.13,11.92,8.34,0.001,0.0007,5.32,1.83,24.71,0.8,42.4426,0.0283,0.7279,0.0012,0.59,0.02,2.7732
2009-01-25,1329348434,1329348434,1,10427603000,6279668000,3070932000,2529731000,7356671000,0,0,1171740000,201895000,1333396000,-132934000,-132934000,-0.1,-0.1,0.06,-185217000,241023000,-101976000,-45428000,1366196000,73318000,10.73,13.31,8.14,0.075,0.0521,5.53,1.89,15.33,0.74,0.5683,0.0274,0.7055,0.0767,0.68,-0.19,2.4823
2008-10-26,1328871245,1328871245,1,11006318000,6664157000,3457360000,2945552000,7548958000,0,0,1174673000,201576000,2043677000,231095000,231095000,0.18,0.17,0.06,126317000,463047000,-318621000,271092000,1411624000,78394000,15.34,19.33,11.36,0.127,0.0887,5.68,2.73,18.94,0.68,0.336,0.0267,0.6859,0.1182,0.75,0.04,2.2624
2008-07-27,1341659938,1341659938,1,10998441000,6623875000,3457646000,2911376000,7540795000,0,0,1175777000,201926000,1848168000,164768000,164768000,0.12,0.12,0.06,320418000,78913000,-357015000,42273000,1140532000,71813000,18.88,20.79,16.96,0.1508,0.1072,5.62,3.32,18.33,0.62,0.2831,0.0268,0.6856,0.1362,0.79,0.19,2.2752
2008-04-27,1355444622,1355444622,1,10970950000,6606938000,3260146000,2707425000,7710804000,0,0,1176122000,202000000,2149998000,302507000,302507000,0.22,0.22,0.06,874002000,-907965000,-83357000,-117390000,1098259000,63555000,19.51,21.53,17.48,0.1923,0.1379,5.69,3.54,17.74,0.56,0.2248,0.0262,0.7028,0.1593,0.87,0.6,2.4403
2008-01-27,1353612157,1353612157,1,10352488000,6191806000,2893757000,2353470000,7458731000,0,0,1017705000,202476000,2087397000,262376000,262376000,0.19,0.19,0.06,389731000,290019000,-667044000,12927000,1215649000,74144000,17.88,19.42,16.33,0.2113,0.1521,5.51,3.16,14.9,0.5,0.2014,0.0271,0.7205,0.1644,0.93,0.23,2.6309
2007-10-28,1382752583,1382752583,1,10654075000,6605624000,2832666000,2373423000,7821409000,0,0,1000176000,202281000,2367044000,421761000,421761000,0.29,0.28,0.06,677398000,-396718000,-190639000,90047000,1202722000,60548000,20.91,22.96,18.86,0.2342,0.168,5.66,3.9,17.14,0.44,0.1781,0.0259,0.7341,0.1757,0.96,0.45,2.7832
2007-07-29,1378105310,1378105310,1,10365383000,6811435000,2977246000,2548763000,7388137000,0,0,652900000,204354000,2560984000,473515000,473515000,0.34,0.34,0.06,637567000,-254386000,-202671000,180631000,1112675000,72970000,20.1,21.8,18.4,0.2478,0.1757,5.36,3.95,16.61,0.38,0.1676,0.0277,0.7128,0.1757,1,0.41,2.6724
2007-04-29,1381967470,1381967470,1,9896223000,6358992000,2858483000,2458054000,7037740000,0,0,652723000,204341000,2529561000,411444000,411444000,0.3,0.29,0.05,513134000,-277581000,-372142000,-136571000,932044000,72365000,18.64,19.68,17.61,0.2423,0.1734,5.09,3.74,15.8,0.32,0.1606,0.029,0.7112,0.18,0.96,0.32,2.587
2007-01-28,1396873999,1396873999,1,9808003000,6405585000,2841292000,2444196000,6966711000,0,0,572558000,204692000,2277267000,403476000,403476000,0.29,0.29,0.05,381197000,-47928000,-126537000,207152000,1068615000,58901000,18.31,19.54,17.08,0.2301,0.1672,4.99,3.83,18.68,0.27,0.148,0.0294,0.7103,0.1854,0.9,0.23,2.6207
2006-10-29,1392743007,1392743007,1,9480837000,6081019000,2829437000,2436045000,6651400000,0,0,572558000,204708000,2518293000,449029000,449029000,0.31,0.3,0.05,659095000,1444510000,-2551053000,-446994000,861463000,59379000,17.07,19.02,15.12,0.1861,0.1381,4.78,3.02,20.57,0.22,0.1588,0.0308,0.7016,0.1654,0.83,0.43,2.4963
2006-07-30,1533915756,1533915756,1,11773857000,7407679000,3107913000,2431807000,8665944000,0,0,548848000,406970000,2543443000,512040000,512040000,0.33,0.33,0.05,361940000,131177000,-561346000,-68223000,1308457000,39551000,16.91,19.05,14.76,0.1507,0.115,5.65,3.07,23.16,0.17,0.1669,0.047,0.736,0.1571,0.73,0.21,3.0462
2006-04-30,1563791354,1563791354,1,11451756000,7335623000,2833086000,2187529000,8618670000,0,0,347677000,406905000,2247686000,412814000,412814000,0.26,0.26,0.03,502954000,231474000,-465047000,269381000,1376680000,31731000,18.94,20.46,17.41,0.1328,0.1029,5.51,3.47,29.14,0.12,0.1633,0.0472,0.7526,0.1572,0.65,0.3,3.3534
2006-01-29,1586574509,1586574509,1,11209908000,9541395000,2542329000,1878503000,8667579000,0,0,347049000,407380000,1857592000,142780000,142780000,0.09,0.09,0.03,411738000,183216000,-478001000,116957000,1107299000,48821000,18.43,20.82,16.03,0.1187,0.0925,5.46,3.31,25.25,0.09,0.1358,0.047,0.7732,0.1505,0.61,0.23,5.0793
2005-10-30,1606934422,1606934422,1,11269157000,9448683000,2340608000,1765414000,8928549000,0,0,338982000,407380000,1718120000,246714000,246714000,0.16,0.15,0.03,197778000,-41808000,-421359000,-265404000,990342000,62884000,17.47,18.58,16.36,0.1327,0.1032,5.56,3.13,21.05,0.06,0.0801,0.0456,0.7923,0.173,0.6,0.08,5.3521
2005-07-31,1622490129,1622490129,1,11618649000,9744469000,2547004000,1977319000,9071645000,0,0,337825000,414290000,1631938000,369591000,369591000,0.23,0.23,0.03,336411000,-289343000,-464249000,-408003000,1255746000,59036000,16.78,18.48,15.08,0.1541,0.1189,5.59,3,19.51,0.03,0.0343,0.0457,0.7808,0.1897,0.63,0.17,4.9281
2005-05-01,1643950624,1643950624,1,11916158000,10004942000,2734214000,2162080000,9181944000,0,0,337825000,414302000,1861189000,304830000,304830000,0.18,0.18,0,475967000,172511000,-419547000,228865000,1663749000,45415000,16.21,17.92,14.5,0.1617,0.124,5.59,2.91,18.01,0,0,0.0451,0.7705,0.1843,0.67,0.26,4.6275
2005-01-30,1667823234,1667823234,1,12098549000,10200599000,2798715000,2222359000,9299834000,0,0,337825000,416244000,1780576000,288765000,288765000,0.17,0.17,0,236984000,-20483000,-265996000,-58408000,1634484000,32315000,16.53,17.89,15.17,0.1716,0.1317,5.58,2.99,21.19,0,0,0.0448,0.7687,0.1891,0.7,0.12,4.59
2004-10-31,1679234804,1679234804,1,12093445000,10281519000,2831418000,2287981000,9262027000,0,0,257321000,410436000,2203348000,455008000,455008000,0.27,0.25,0,507074000,224486000,-496674000,234402000,2281844000,40304000,16.62,17.63,15.61,0.1535,0.1179,5.52,3.1,37.77,0,0,0.0443,0.7659,0.1686,0.7,0.28,4.4937
2004-08-01,1698233465,1698233465,1,11918469000,10141443000,2815056000,2206852000,9103413000,0,0,249157000,454491000,2236152000,440571000,440571000,0.26,0.26,0,682636000,-127816000,34093000,599364000,2047442000,37389000,17.91,19.97,15.86,0.0878,0.0678,5.36,3.51,111.94,0,0,0.0499,0.7638,0.0726,0.93,0.38,4.5954
2004-05-02,1694478319,1694478319,1,11207449000,9393357000,2571073000,1969794000,8636376000,0,0,230676000,454491000,2018105000,373348000,373348000,0.22,0.22,0,220268000,-273884000,52743000,-22393000,1448078000,36731000,20.55,22.84,18.27,0.0329,0.0257,5.1,4.21,None,0,0,0.0526,0.7706,0.0295,0.87,0.11,4.7687
2004-02-01,1685821514,1685821514,1,10630979000,8779836000,2412065000,1809020000,8218914000,0,0,223521000,455815000,1555448000,82376000,82376000,0.05,0.05,0,217293000,-175548000,51034000,105614000,1470471000,76153000,23.16,25.61,20.72,-0.0207,-0.0163,4.88,4.83,None,0,None,0.0555,0.7731,None,0.81,0.08,4.8534
2003-10-26,1681469908,1681469908,1,10311622000,8370773000,2243588000,1640877000,8068034000,0,0,223521000,456422000,4477291000,-149147000,-149147000,-0.09,-0.09,0,265251000,-248391000,62669000,79812000,1364857000,71971000,20.05,22.22,17.88,-0.0394,-0.0313,4.8,4.24,None,0,None,0.0566,0.7824,None,0.77,0.11,5.1014
2003-07-27,1663143162,1663143162,1,9823379000,7807742000,1958286000,1259604000,7865093000,0,0,223521000,557161000,1094907000,-36802000,-36802000,-0.02,-0.02,0,135640000,-251032000,-27160000,-142576000,1285045000,92191000,16.48,19.3,13.66,-0.0022,-0.0017,4.73,3.44,206,0,None,0.0708,0.8007,None,0.47,0.03,6.1986
2003-04-27,1657391045,1657391045,1,9923895000,7859088000,1985973000,1276914000,7937922000,0,0,0,570153000,1107177000,-62126000,-62126000,-0.04,-0.04,0,313412000,-122178000,-52988000,134673000,1427621000,24237000,13.71,15.81,11.6,0.0169,0.0133,4.79,2.83,91.4,0,0,0.0718,0.7999,0.0266,0.5,0.17,6.1548
2003-01-26,1655200035,1655200035,1,10024914000,7878747000,2008435000,1298408000,8016479000,0,0,0,573745000,1054209000,-65670000,-65670000,-0.04,-0.04,0,87451000,-109672000,25858000,8157000,1292948000,76881000,15.26,17.49,13.03,0.0315,0.0247,4.84,3.14,95.38,0,0,0.0716,0.7997,0.0486,0.51,0.01,6.068
2002-10-27,1650306172,1650306172,1,10224765000,8072793000,2205116000,1501456000,8019649000,0,0,0,573853000,1445698000,147242000,147242000,0.09,0.09,0,188337000,-27794000,-37575000,120178000,1284791000,58961000,13.26,16.17,10.35,0.0345,0.0268,4.86,2.78,None,0,0,0.0716,0.7843,0.0531,0.5,0.08,5.3766
2002-07-28,1648001009,1648001009,1,10209820000,8003700000,2352635000,1641356000,7857185000,0,0,0,579388000,1459682000,115227000,115227000,0.07,0.07,0,182292000,-67651000,1252000,122158000,1164613000,158707000,20.77,27.31,14.23,-0.0239,-0.0185,4.77,4.45,None,0,None,0.0737,0.7696,None,0.5,0.01,4.8763
2002-04-28,1645112230,1645112230,1,9857203000,7715128000,2182067000,1477002000,7675136000,0,0,0,577276000,1156472000,52030000,52030000,0.03,0.03,0,20401000,-103348000,23761000,-58980000,1042455000,112826000,24.21,27.76,20.66,-0.0352,-0.0272,4.67,5.21,None,0,None,0.0752,0.7786,None,0.49,-0.06,5.2235
2002-01-27,819900761,1639801522,2,9810153000,7710671000,2192936000,1509204000,7617217000,0,0,0,562321000,1000460000,-45495000,-45495000,-0.06,-0.06,0,101108000,-493789000,143404000,-254869000,1101435000,86586000,19.98,23.34,16.63,-0.0124,-0.0095,4.65,4.31,70.11,0,None,0.0738,0.7765,None,0.56,0.01,5.1091
2001-10-28,819002393,1638004786,2,9828510000,7782174000,2221773000,1532816000,7606737000,0,0,0,564805000,1368810000,-305533000,-305533000,-0.39,-0.39,0,451977000,-310191000,-158072000,-8732000,1356304000,172949000,19.38,25,13.75,0.0662,0.0491,4.64,4.06,22.8,0,0,0.0743,0.7739,0.0692,0.71,0.17,5.077
2001-07-29,816269159,1632538318,2,10233286000,8241027000,2438672000,1746274000,7794614000,0,0,0,565893000,1333871000,28525000,28525000,0.04,0.03,0,294019000,-937153000,33951000,-612274000,1365036000,184344000,24.87,28.76,20.98,0.1957,0.1402,4.77,5.21,20.99,0,0,0.0726,0.7617,0.1649,0.85,0.07,4.7192
2001-04-29,813127436,1626254872,2,10546566000,8653436000,2794432000,2103261000,7752134000,0,0,0,566427000,1909435000,226730000,226730000,0.28,0.27,0,838634000,-467572000,-22914000,328344000,1977310000,189531000,24.13,29.36,18.91,0.2878,0.1997,4.77,5.2,18.28,0,0,0.0731,0.735,0.1982,1.01,0.4,4.1143
2001-01-28,809993944,1619987888,2,10773019000,8982803000,3254217000,2560273000,7518802000,0,0,0,569502000,2731132000,558107000,558107000,0.69,0.66,0,-4326000,131603000,-113590000,1362000,1648966000,163796000,22.13,26.57,17.69,0.3495,0.2372,4.64,5.04,18.6,0,0,0.0757,0.6979,0.2158,1.1,-0.1,3.5085
2000-10-29,809213532,1618427064,2,10545730000,8839147000,3441382000,2759711000,7104348000,0,0,0,573126000,2975396000,662431000,662431000,0.79,0.74,0,693224000,-333665000,-50079000,304769000,1647604000,157723000,32.09,43.16,21.03,0.3515,0.2362,4.39,8.49,31.69,0,0,0.0807,0.6737,0.2158,1.09,0.33,3.2029
2000-07-30,811134656,1622269312,2,9218823000,7552363000,3088839000,2378624000,6129984000,0,0,0,574336000,2732028000,603781000,603781000,0.75,0.7,0,405354000,-329518000,81399000,156022000,1342835000,112140000,43.44,50.94,35.94,0.33,0.2197,3.78,12.78,53.3,0,0,0.0937,0.6649,0.2096,1.05,0.18,3.1751
2000-04-30,807554777,1615109554,2,8129834000,6489092000,2636814000,1925161000,5493020000,0,0,0,575847000,2190031000,468871000,468871000,0.58,0.54,0,369180000,-56744000,35460000,345680000,1186813000,91597000,45.88,57.44,34.31,0.2957,0.1951,3.4,14.9,72.25,0,0,0.1048,0.6757,0.1968,0.99,0.17,3.3707
2000-01-30,386486616,1545946464,4,7057999000,5462528000,2301453000,1588011000,4756546000,0,0,0,585097000,1666957000,328469000,328469000,0.85,0.8,0,184057000,-292509000,82362000,-26988000,796284000,21795000,29.02,36.11,21.94,0.2532,0.1645,3.08,10.33,61.74,0,0,0.123,0.6739,0.1767,0.93,0.1,3.4399
1999-10-31,385753585,1543014340,4,6706504000,5060461000,2369902000,1669393000,4336602000,0,0,0,584357000,1565523000,307709000,307709000,0.81,0.77,0,413852000,-351209000,177424000,245273000,823272000,58180000,19.21,22.45,15.98,0.2044,0.1312,2.81,7.94,128.07,0,0,0.1347,0.6466,0.1537,0.85,0.23,3.0313
1999-08-01,378415371,1513661484,4,5766871000,4403876000,2098988000,1402027000,3667883000,0,0,0,611920000,1433510000,244416000,244416000,0.65,0.61,0,260853000,-234227000,33562000,59435000,577999000,52687000,16.45,19.64,13.27,0.0753,0.0481,2.42,7.31,548.33,0,0,0.1668,0.636,0.0636,0.76,0.14,3.1411
1999-05-02,375438435,1501753740,4,5323506000,3960882000,1937701000,1239930000,3385805000,0,0,0,613336000,1117626000,141639000,141639000,0.38,0.36,0,106448000,-191010000,42310000,-43837000,518564000,53846000,15.07,17.17,12.97,0.017,0.0109,2.25,6.98,463.69,0,0,0.1811,0.636,0.0162,0.67,0.04,3.1944
1999-01-31,372974320,1491897280,4,4960737000,3597539000,1740622000,1042959000,3220115000,0,0,0,616902000,742477000,52885000,52885000,0.14,0.14,0,152196000,-212828000,47248000,-12804000,562401000,39267000,11.88,15.8,7.97,0.0172,0.0109,2.16,5.66,80.54,0,0,0.1916,0.6491,0.0158,0.69,0.08,3.4494
1998-10-25,371763263,1487053052,4,4929692000,3518955000,1809071000,1118326000,3120621000,0,0,0,616572000,673195000,-186729000,-186729000,-0.51,-0.51,0,203439000,-45813000,21008000,188148000,575205000,73172000,7.18,8.78,5.59,0.0729,0.0455,2.1,3.23,18.29,0,0,0.1976,0.633,0.0571,0.8,0.09,3.1466
1998-07-26,367557208,1470228832,4,5039756000,3583178000,1779553000,1057345000,3260203000,0,0,0,611812000,884491000,47517000,47517000,0.13,0.13,0,471407000,-390739000,-1277000,77693000,387057000,81830000,8.34,9.88,6.8,0.1913,0.117,2.22,3.83,17.28,0,0,0.1877,0.6469,0.1286,0.91,0.26,3.3888
1998-04-26,365627382,1462509528,4,5140099000,3686876000,1949540000,1222782000,3190559000,0,0,0,616495000,1176316000,141221000,141221000,0.39,0.37,0,38327000,22743000,-81041000,-18949000,309364000,140969000,8.64,9.72,7.56,0.2475,0.15,2.18,4.08,18.89,0,0,0.1932,0.6207,0.1528,0.98,-0.07,3.0152
1998-01-25,366266123,1465064492,4,5186574000,3806818000,2082490000,1356238000,3104084000,0,0,0,618343000,1307685000,228893000,228893000,0.62,0.6,0,103211000,-160464000,-61673000,-119730000,328313000,152636000,8.07,9.61,6.53,0.2487,0.1517,2.12,4.01,24.64,0,0,0.1992,0.5985,0.1535,0.99,-0.03,2.8069
1997-10-26,366074967,1464299868,4,5070766000,3770357000,2128595000,1402088000,2942171000,0,0,0,623090000,1280396000,180135000,180135000,0.47,None,0,60749000,-359737000,533932000,234979000,448043000,155427000,10.93,13.5,8.36,0.1889,0.1174,2.01,5.97,41.84,0,0,0.2118,0.5802,0.1223,0.96,-0.06,2.6891
1997-07-27,182285084,1458280672,8,4249419000,3045519000,1575820000,1231363000,2673599000,0,0,0,228095000,1057241000,186631000,186631000,0.98,None,0,165845000,-125596000,-29864000,10404000,213064000,107416000,8.97,11.58,6.36,0.1569,0.1006,1.83,5.18,35.35,0,0,0.0853,0.6292,0.1071,0.94,0.04,2.4733
1997-04-27,181509733,1452077864,8,3891861000,2751310000,1386481000,1051072000,2505380000,0,0,0,227808000,900862000,102131000,102131000,0.54,None,0,89050000,-221165000,-33041000,-166698000,202660000,45856000,6.15,6.8,5.51,0.1558,0.1011,1.73,3.66,19.68,0,0,0.0909,0.6437,0.1007,1,0.03,2.6176
1997-01-26,181086654,1448693232,8,3778485000,2620207000,1346291000,1002978000,2432194000,0,0,0,233677000,835776000,29577000,29577000,0.16,None,0,386068000,-340367000,-80313000,-34530000,369358000,30665000,4.63,6.04,3.23,0.1987,0.1286,1.68,2.82,11.33,0,0,0.0961,0.6437,0.1161,1.11,0.25,2.6124
1996-10-27,180916829,1447334632,8,3637987000,2693069000,1267562000,935227000,2370425000,0,0,0,275485000,860958000,73072000,73072000,0.41,None,0,274947000,-172708000,63809000,165040000,403888000,87700000,3.3,3.72,2.88,0.275,0.1751,1.64,2.08,7.14,0,0,0.1162,0.6516,0.1447,1.21,0.13,2.8796
1996-07-28,179800000,1438400000,8,3485253000,2578333000,1192549000,859414000,2292704000,0,0,0,280499000,1115424000,169066000,169066000,0.92,None,0,280293000,-221960000,-19673000,38855000,238848000,115629000,3.93,5.06,2.81,0.3353,0.2094,1.59,2.67,8.82,0,0,0.1223,0.6578,0.1598,1.31,0.11,3.0001
1996-04-28,179377000,1435016000,8,3333817000,2500223000,1217714000,885947000,2116103000,0,0,0,282156000,1127855000,185821000,185821000,1.01,None,0,-28079000,-28140000,-9858000,-66887000,199993000,131460000,4.75,5.51,4,0.3501,0.2141,1.47,3.52,12.28,0,0,0.1333,0.6347,0.1611,1.33,-0.11,2.8221
1996-01-28,179442000,1435536000,8,3242511000,2504677000,1299311000,969573000,1943200000,0,0,0,279576000,1040580000,171626000,171626000,0.93,None,0,164868000,-179984000,-3921000,-18965000,266880000,117746000,5.42,6.92,3.92,0.3454,0.2055,1.35,4.37,17.04,0,0,0.1439,0.5993,0.1557,1.32,0.03,2.5833
1995-10-29,179366057,1434928456,8,2965379000,2311613000,1181876000,861731000,1783503000,0,0,0,279807000,982650000,155398000,155398000,0.84,None,0,102062000,-167094000,89537000,23482000,285845000,120988000,6.53,7.39,5.67,0.3259,0.1917,1.24,5.78,25.18,0,0,0.1569,0.6014,0.1483,1.29,-0.01,2.6825
1995-07-30,89171379,1426742064,16,2638131000,2058203000,1030814000,759963000,1607317000,0,0,0,231103000,897684000,139212000,139212000,1.57,None,0,3191000,-267035000,355313000,91609000,262363000,63260000,5.23,6.71,3.76,0.3043,0.1762,1.13,6.15,25.67,0,0,0.1438,0.6093,0.142,1.24,-0.04,2.7083
1995-04-30,84744283,1355908528,16,2052156000,1507066000,901737000,623004000,1150419000,0,0,0,239743000,675439000,93635000,93635000,1.08,None,0,38458000,-70541000,14106000,-19815000,170754000,49645000,3.13,3.85,2.41,0.2791,None,0.85,4.06,17.7,0,0,0.2084,0.5606,0.1343,1.19,-0.01,2.419
1995-01-29,84203000,1347248000,16,1820048000,1331835000,788271000,544789000,1031777000,0,0,0,208059000,506108000,65808000,65808000,0.76,None,0,-1012000,17631000,13933000,30249000,190569000,31664000,2.86,3.28,2.44,0.2634,None,0.77,3.97,17.6,0,0,0.2017,0.5669,0.1326,1.15,-0.02,2.4447
1994-10-30,84119287,1345908592,16,1702665000,1230537000,736401000,496433000,966264000,0,0,0,209114000,467798000,63098000,63098000,0.74,None,0,71912000,-106579000,120947000,86811000,160320000,59077000,2.98,3.28,2.69,None,None,0.72,4.58,None,0,0,0.2164,0.5675,None,None,0.01,2.4788
1994-07-31,83734000,1339744000,16,1466676000,1037859000,593183000,455764000,873493000,0,0,0,112295000,440228000,58136000,58136000,0.68,None,0,20837000,-51122000,6250000,-23097000,73509000,69136000,2.75,3.08,2.42,None,None,0.65,4.58,None,0,None,0.1286,0.5956,None,None,-0.04,2.2772
1994-05-01,83402000,1334432000,16,1361012000,988025000,555785000,420259000,805227000,0,0,0,110730000,411332000,55071000,55071000,0.65,None,0,34378000,-136051000,103424000,1828000,96606000,31280000,2.79,3.23,2.35,None,None,0.6,5.58,None,0,None,0.1375,0.5916,None,None,0,2.351
1994-01-30,80674000,1290784000,16,1142197000,794340000,501442000,359004000,640755000,0,0,0,119043000,340449000,44391000,44391000,0.53,None,0,-16103000,-2110000,-6440000,-24819000,94778000,20947000,2.3,2.73,1.88,None,None,0.5,None,None,0,None,0.1858,0.561,None,None,-0.03,2.2126
