"Quarter end","Shares","Shares split adjusted","Split factor","Assets","Current Assets","Liabilities","Current Liabilities","Shareholders equity","Non-controlling interest","Preferred equity","Goodwill & intangibles","Long-term debt","Revenue","Earnings","Earnings available for common stockholders","EPS basic","EPS diluted","Dividend per share","Cash from operating activities","Cash from investing activities","Cash from financing activities","Cash change during period","Cash at end of period","Capital expenditures","Price","Price high","Price low","ROE","ROA","Book value of equity per share","P/B ratio","P/E ratio","Cumulative dividends per share","Dividend payout ratio","Long-term debt to equity ratio","Equity to assets ratio","Net margin","Asset turnover","Free cash flow per share","Current ratio"
2019-03-31,101433207,101433207,1,7557192000,596208000,3714210000,909914000,3761362000,81620000,0,727573000,1983727000,576957000,26316000,24602000,0.26,0.26,0.2,250091000,-629811000,-400016000,-779736000,20930000,345370000,68.55,77.1,60.01,0.1912,0.1012,37.08,1.97,8.24,5.34,0.1126,0.5274,0.4977,0.2647,0.38,-0.94,0.6552
2018-12-31,95755298,95755298,1,6062084000,1424139000,2732298000,708707000,3329786000,0,0,620232000,1488554000,624121000,316182000,311722000,3.32,3.32,0.18,393181000,-433454000,-23007000,-63280000,800666000,433454000,78.41,101.19,55.62,0.2604,0.1397,34.77,2.48,11.48,5.14,0.0832,0.447,0.5493,0.3338,0.41,-0.42,2.0095
2018-09-30,95602883,95602883,1,5818435000,1427715000,2792613000,845345000,3025822000,0,0,620232000,1488147000,591488000,148354000,146285000,1.56,1.56,0.18,453474000,19388000,-19739000,453123000,863946000,-19388000,92.13,103.73,80.53,0.2282,0.1201,31.65,3.04,14.79,4.96,0.0864,0.4918,0.52,0.2827,0.42,4.95,1.6889
2018-06-30,95356074,95356074,1,5531393000,990142000,2644895000,736959000,2886498000,0,0,620232000,1487739000,556274000,140997000,139105000,1.48,1.48,0.16,321246000,-359297000,-14936000,-52987000,410823000,359297000,93.18,103.91,82.45,0.2203,0.1152,30.27,3.23,16.15,4.78,0.0784,0.5154,0.5218,0.2732,0.42,-0.4,1.3436
2018-03-31,95430045,95430045,1,5260364000,977990000,2508771000,658298000,2751593000,0,0,620232000,1487330000,567134000,186318000,183652000,1.96,1.96,0.16,383093000,-312255000,-7562000,63276000,463810000,312255000,109.94,130.16,89.73,0.2156,0.112,28.83,4.09,21.18,4.62,0.0705,0.5405,0.5231,0.2653,0.42,0.74,1.4856
2017-12-31,95438121,95438121,1,5042639000,935635000,2474361000,679574000,2568278000,0,0,620232000,1486920000,550940000,174696000,171615000,1.83,1.83,0.08,340759000,-341262000,-21771000,-22274000,400534000,341262000,118.72,127.89,109.55,0.2047,0.1054,26.91,4.71,29.61,4.46,0.0628,0.579,0.5093,0.2532,0.41,-0.01,1.3768
2017-09-30,95260901,95260901,1,4769054000,894132000,2366991000,592625000,2402063000,0,0,620232000,1486509000,463681000,91399000,89827000,0.96,0.96,0.08,251005000,-333811000,-13981000,-96787000,422808000,333811000,102.96,116.43,89.49,0.1671,0.0846,25.22,4.24,35.38,4.38,0.1016,0.6188,0.5037,0.2141,0.39,-0.87,1.5088
2017-06-30,95278037,95278037,1,4562980000,927876000,2251225000,526221000,2311755000,0,0,620232000,1486097000,456452000,97262000,95619000,1.02,1.02,0.08,255286000,-275847000,-38752000,-59313000,519595000,283929000,107.57,123.92,91.22,0.1222,0.0622,24.26,4.63,None,4.3,0.1399,0.6428,0.5066,0.1677,0.37,-0.3,1.7633
2017-03-31,95108619,95108619,1,4393999000,949227000,2183050000,507322000,2210949000,0,0,620232000,1488500000,447176000,130972000,128717000,1.38,1.38,0.08,249514000,-314977000,-8505000,-73968000,578908000,306895000,129.51,144.3,114.72,-0.0421,-0.0207,23.25,6.03,None,4.22,None,0.6732,0.5032,None,0.33,-0.6,1.8711
2016-12-31,95121492,95121492,1,4237724000,969304000,2194735000,522352000,2042989000,0,0,620232000,1487939000,382155000,60436000,60436000,0.65,0.65,0.16,169894000,-208014000,-7700000,-45820000,652876000,208014000,132.78,146.96,118.59,-0.1751,-0.0898,21.48,5.4,None,4.14,None,0.7283,0.4821,None,0.28,-0.4,1.8557
2016-09-30,94964174,94964174,1,4538747000,966503000,2205465000,441318000,2333282000,0,0,620232000,1487371000,335717000,-12818000,-12818000,-0.14,-0.14,0.08,215627000,-154418000,-4252000,56957000,698696000,154418000,124.57,136.95,112.19,-0.4359,-0.2289,24.57,5.04,None,3.98,None,0.6375,0.5141,None,0.25,0.64,2.19
2016-06-30,94986852,94986852,1,4531823000,917607000,2185021000,403326000,2346802000,0,0,620232000,1486795000,298873000,-270290000,-270290000,-2.91,-2.91,0.08,128644000,-157165000,-6379000,-34900000,641739000,157165000,108.34,123.48,93.21,-0.6612,-0.3522,24.71,3.93,None,3.9,None,0.6335,0.5178,None,0.23,-0.3,2.2751
2016-03-31,94815010,94815010,1,4901261000,931090000,2286930000,357092000,2614331000,0,0,620232000,1486211000,240600000,-186131000,-186131000,-2,-2,0.08,85060000,-172813000,-14990000,-102743000,676639000,172813000,86.42,100.07,72.77,-0.6686,-0.3626,27.57,2.93,None,3.82,None,0.5685,0.5334,None,0.22,-0.93,2.6074
2015-12-31,94819854,94819854,1,5243286000,1077930000,2445608000,410067000,2797678000,0,0,620232000,1485620000,311279000,-630508000,-630508000,-6.29,-6.29,0.16,114954000,-218891000,-15993000,-119930000,779382000,218891000,104.95,124.91,85,-0.6639,-0.3568,29.51,2.89,None,3.74,None,0.531,0.5336,None,0.22,-1.1,2.6287
2015-09-30,94559630,94559630,1,6336362000,1238461000,2902395000,481108000,3433967000,0,0,620232000,1500000000,356055000,-763284000,-763284000,-8.21,-8.21,0.16,206001000,-163843000,274000,42432000,899312000,163843000,108.05,118.87,97.23,-0.4207,-0.2234,36.32,2.43,None,3.58,None,0.4368,0.5419,None,0.22,0.45,2.5742
2015-06-30,94456420,94456420,1,7568504000,1267449000,3372341000,498884000,4196163000,0,0,620232000,1500000000,424283000,-600215000,-600215000,-6.47,-6.47,0.16,257372000,-237097000,715673000,735948000,856880000,237097000,120.39,132.18,108.59,-0.186,-0.097,44.42,2.58,None,3.42,None,0.3575,0.5544,None,0.24,0.21,2.5406
2015-03-31,87673459,87673459,1,7860051000,561185000,3773913000,553195000,4086138000,0,0,620232000,1500000000,361002000,-414941000,-414941000,-4.84,-4.84,0.16,113173000,-388774000,-9329000,-284930000,120932000,388774000,105.31,118.87,91.74,-0.0124,-0.0055,46.61,2.05,18.22,3.26,None,0.3671,0.5199,None,0.26,-3.14,1.0144
2014-12-31,87597134,87597134,1,8725293000,931804000,4224661000,776327000,4500632000,0,0,620232000,1500000000,538551000,75792000,72904000,0.84,0.84,0.16,347395000,-492642000,-12548000,-157795000,405862000,492642000,112.57,129.12,96.02,0.1146,0.0608,51.38,2.22,15.46,3.1,0.1088,0.3333,0.5158,0.2051,0.29,-1.66,1.2003
2014-09-30,87248508,87248508,1,8644094000,1110537000,4214120000,815643000,4429974000,0,0,620232000,1500000000,649740000,144315000,141904000,1.65,1.65,0.16,502201000,-59259000,-7840000,435102000,563657000,59259000,137.98,150.71,125.25,0.1483,0.08,50.77,2.8,19.11,2.94,0.0835,0.3386,0.5125,0.2606,0.3,5.08,1.3615
2014-06-30,87021935,87021935,1,8399007000,686352000,4112376000,801190000,4286631000,0,0,620232000,1500000000,636669000,148640000,146320000,1.71,1.7,0.16,421745000,-748776000,451056000,124025000,128555000,748776000,127.62,143.75,111.49,0.1524,0.0834,49.26,2.68,18.21,2.78,0.0814,0.3499,0.5104,0.268,0.31,-3.76,0.8567
2014-03-31,87033110,87033110,1,7618635000,514678000,3470898000,728986000,4147737000,0,0,620232000,1025000000,599216000,138457000,136170000,1.59,1.59,0.14,348024000,-439790000,91765000,-1000,4530000,439790000,107.04,121.71,92.38,0.1535,0.0854,47.66,2.32,16.57,2.62,0.0809,0.2471,0.5444,0.2769,0.3,-1.05,0.706
2013-12-31,87012034,87012034,1,7253135000,469139000,3230927000,683167000,4022208000,0,0,620232000,924000000,516602000,206827000,201627000,2.34,2.34,0.14,383600000,-399784000,16184000,0,4531000,399784000,103.57,113.03,94.11,0.1469,0.0816,46.23,2.36,19.73,2.48,0.0846,0.2297,0.5545,0.2771,0.29,-0.19,0.6867
2013-09-30,86838423,86838423,1,7054364000,496873000,3238079000,705880000,3816285000,0,0,620232000,900000000,561336000,138370000,135995000,1.59,1.59,0.14,370962000,-375204000,4241000,-1000,4531000,375204000,81.38,97.6,65.17,0.1242,0.0684,43.95,1.91,17.58,2.34,0.0998,0.2358,0.541,0.2347,0.29,-0.05,0.7039
2013-06-30,86503109,86503109,1,6796370000,486541000,3117373000,671816000,3678997000,0,0,620232000,892000000,493757000,129565000,127434000,1.5,1.49,0.14,322708000,-346832000,10124000,-14000000,4532000,346832000,69.8,76.61,62.98,0.1134,0.062,42.53,1.7,17.99,2.2,0.1083,0.2425,0.5413,0.2259,0.27,-0.28,0.7242
2013-03-31,86449746,86449746,1,6569949000,444497000,3015356000,645625000,3554593000,0,0,620232000,870000000,426356000,89927000,88542000,1.04,1.04,0.12,247078000,-409217000,111133000,-51006000,18532000,409217000,68.33,79.69,56.96,0.0982,0.0536,41.12,1.7,16.79,2.06,0.1233,0.2448,0.541,0.2066,0.26,-1.88,0.6885
2012-12-31,86406418,86406418,1,6305152000,470137000,2830416000,645862000,3474736000,0,0,620232000,750000000,440868000,99152000,99152000,1.13,1.13,0.12,356616000,-203134000,-89355000,64127000,69538000,203134000,60,64.26,55.74,0.1058,0.058,40.21,1.54,13.86,1.94,0.112,0.2158,0.5511,0.2179,0.27,1.78,0.7279
2012-09-30,86540753,86540753,1,6313255000,427558000,2935308000,651752000,3377947000,0,0,691432000,830000000,406912000,84262000,84262000,0.97,0.97,0.12,261216000,-428924000,76187000,-91521000,5411000,428924000,56.97,63.91,50.03,0.114,0.0632,39.03,1.49,11.75,1.82,0.1019,0.2457,0.5351,0.2303,0.27,-1.94,0.656
2012-06-30,85987555,85987555,1,6031304000,453712000,2739330000,610349000,3291974000,0,0,691432000,750000000,353122000,64302000,64302000,0.75,0.74,0.12,323040000,-373073000,142559000,92526000,96932000,373073000,61.46,76.74,46.19,0.1312,0.0745,38.28,1.63,10.16,1.7,0.0867,0.2278,0.5458,0.2533,0.29,-0.58,0.7434
2012-03-31,85718280,85718280,1,5736449000,465123000,2505987000,587758000,3230462000,0,0,691432000,572000000,423036000,106107000,106107000,1.24,1.23,0.1,251892000,-409941000,160049000,2000000,4406000,409941000,71.86,87.85,55.87,0.1689,0.0979,37.69,1.97,11.61,1.58,0.0662,0.1771,0.5631,0.2952,0.33,-1.84,0.7914
2011-12-31,85701346,85701346,1,5428577000,457895000,2297964000,616339000,3130613000,0,0,691432000,405000000,430271000,116869000,116869000,1.37,1.39,0.1,320752000,-422720000,47214000,-54754000,2406000,422720000,61.01,71.22,50.8,0.1804,0.106,36.53,1.74,9.9,1.48,0.0614,0.1294,0.5767,0.3015,0.35,-1.19,0.7429
2011-09-30,85742139,85742139,1,5111552000,501876000,2098145000,576323000,3013407000,0,0,691432000,350000000,433809000,128152000,128152000,1.49,1.49,0.1,332432000,-275182000,-13240000,44010000,57160000,275182000,74.27,93.24,55.29,0.189,0.1122,35.14,2.2,12.04,1.38,0.0581,0.1161,0.5895,0.3057,0.37,0.67,0.8708
2011-06-30,85568583,85568583,1,4884128000,553722000,1996527000,598339000,2887601000,0,0,691432000,350000000,467213000,166749000,166749000,1.95,1.94,0.1,373814000,-408893000,-5917000,-40996000,13150000,408893000,99.8,117.94,81.65,0.198,0.1182,33.75,3.14,17.54,1.28,0.0547,0.1212,0.5912,0.3158,0.37,-0.41,0.9254
2011-03-31,85539995,85539995,1,4569771000,505870000,1848224000,539702000,2721547000,0,0,691432000,350000000,426596000,118162000,118162000,1.38,1.37,0.08,265277000,-322651000,-2606000,-59980000,54146000,322651000,102.78,117.95,87.6,0.1916,0.1153,31.82,3.37,15.32,1.18,0.0556,0.1286,0.5956,0.307,0.38,-0.67,0.9373
2010-12-31,85520628,85520628,1,4358247000,561767000,1748415000,512313000,2609832000,0,0,691432000,350000000,408029000,117585000,117585000,1.36,1.36,0.08,243764000,-280727000,2993000,-33970000,114126000,319668000,78.17,90.86,65.48,0.2366,0.1429,30.52,2.65,11.75,1.1,0.0442,0.1341,0.5988,0.3562,0.4,-0.89,1.0965
2010-09-30,84700678,84700678,1,4149694000,567182000,1647435000,493621000,2502259000,0,0,691432000,350000000,378583000,128216000,128216000,1.5,1.5,0.08,314408000,-283987000,-24382000,6039000,148096000,259854000,70,77.11,62.88,0.2457,0.1481,29.54,2.49,12.48,1.02,0.0419,0.1399,0.603,0.3662,0.4,0.64,1.149
2010-06-30,84094582,84094582,1,3870633000,527559000,1502981000,421477000,2367652000,0,0,691432000,350000000,378501000,124620000,124620000,1.47,1.46,0.08,273153000,-201395000,7757000,79515000,142057000,194409000,70.07,81.5,58.64,0.2203,0.131,28.15,2.63,15.2,0.94,0.0462,0.1478,0.6117,0.3362,0.39,0.94,1.2517
2010-03-31,83883540,83883540,1,3708120000,519095000,1470058000,417174000,2238062000,0,0,691432000,367832000,448570000,204361000,204361000,2.42,2.39,0.06,299107000,-211449000,-27660000,59998000,62542000,203627000,55.89,63.09,48.68,0.1908,0.1108,26.68,2.3,None,0.86,0.0519,0.1644,0.6036,0.3094,0.36,1.14,1.2443
2009-12-31,83839327,83839327,1,3444537000,407258000,1406431000,388763000,2038106000,0,0,691432000,392793000,328796000,104645000,104645000,1.3,1.3,0.06,209531000,-74739000,-135210000,-418000,2544000,64021000,46.08,54.55,37.62,-0.1617,-0.0917,24.31,1.99,None,0.8,None,0.1927,0.5917,None,0.3,1.74,1.0476
2009-09-30,83511991,83511991,1,3396162000,381509000,1462979000,324862000,1933183000,0,0,691432000,523753000,249134000,38705000,38705000,0.46,0.46,0.06,271300000,-85679000,-185619000,2000,2962000,77373000,34.73,44.41,25.06,-0.73,-0.4092,23.15,1.53,None,0.74,None,0.2709,0.5692,None,0.27,2.32,1.1744
2009-06-30,83401551,83401551,1,3402804000,447036000,1510303000,272718000,1892501000,0,0,691432000,706712000,222685000,38807000,38807000,0.46,0.46,0.06,111790000,-82907000,-28881000,2000,2960000,80454000,26.43,35.2,17.66,-0.7311,-0.4207,22.69,1.19,None,0.68,None,0.3734,0.5562,None,0.32,0.38,1.6392
2009-03-31,83296484,83296484,1,3360560000,451834000,1506527000,298168000,1854033000,0,0,691432000,712672000,209179000,-494100000,-494100000,-6.05,-6.05,0.06,82556000,-200769000,119958000,1745000,2958000,193725000,23.11,30.86,15.35,-0.5506,-0.3241,22.26,0.82,None,0.62,None,0.3844,0.5517,None,0.36,-1.33,1.5154
2008-12-31,83350488,83350488,1,4164933000,514944000,1815568000,469589000,2349365000,0,0,691432000,591223000,300339000,-1048699000,-1048699000,-12.85,-12.85,0.06,226779000,-536468000,109519000,-200170000,1213000,529394000,35.66,48.94,22.38,-0.2824,-0.1692,28.19,0.87,11.5,0.56,None,0.2517,0.5641,None,0.37,-3.63,1.0966
2008-09-30,83271632,83271632,1,5579040000,674331000,2175616000,527122000,3403424000,0,0,691432000,486587000,576549000,-232129000,-232129000,-2.85,-2.85,0.06,443157000,-405512000,-5063000,32582000,201383000,385572000,57.42,72,42.85,0.081,0.0492,40.87,1.32,8.42,0.5,0.0659,0.143,0.61,0.1314,0.37,0.69,1.2793
2008-06-30,83077382,83077382,1,5969272000,695253000,2348007000,545901000,3621265000,0,0,691432000,486778000,616383000,229308000,229308000,2.81,2.68,0.06,382307000,-366567000,5774000,21514000,168801000,356536000,64.42,74.5,54.35,0.1736,0.1052,43.59,1.57,12.71,0.44,0.0285,0.1344,0.6067,0.3104,0.34,0.31,1.2736
2008-03-31,82850823,82850823,1,5598448000,564704000,2200406000,459205000,3398042000,0,0,691432000,486968000,477076000,149835000,149835000,1.84,1.76,0.06,315245000,-288171000,-2837000,24237000,147287000,284177000,46.78,56.53,37.03,0.134,0.0813,41.01,1.19,11.47,0.38,0.0345,0.1433,0.607,0.2696,0.3,0.37,1.2297
2007-12-31,82779666,82779666,1,5362794000,564577000,2103507000,424571000,3259287000,0,0,691432000,487159000,438454000,129978000,129978000,1.59,1.51,0.04,301511000,-137125000,-41359000,123027000,123050000,113966000,39.87,42.86,36.88,0.1108,0.0673,39.37,1.05,12.12,0.32,0.0383,0.1495,0.6078,0.2421,0.28,2.27,1.3298
2007-09-30,82489091,82489091,1,5213961000,393436000,2078277000,372349000,3135684000,0,0,691432000,526349000,343753000,73156000,73156000,0.9,0.87,0.04,248614000,-267890000,-112000,-19388000,23000,257066000,37.92,42.01,33.83,0.09,0.0549,38.01,1.02,10.74,0.28,0.0483,0.1679,0.6014,0.2136,0.26,-0.1,1.0566
2007-06-30,83121178,83121178,1,5070454000,397914000,1974115000,355079000,3096339000,0,0,691432000,487540000,342084000,78707000,78707000,0.96,0.93,0.04,258086000,-216056000,-29970000,12060000,19411000,220858000,39.93,42.87,36.99,0.0987,0.0609,37.25,1.1,11.15,0.24,0.0449,0.1575,0.6107,0.2336,0.26,0.45,1.1206
2007-03-31,83286560,83286560,1,4931675000,382761000,1912202000,321449000,3019473000,0,0,691432000,508720000,306875000,64628000,64628000,0.79,0.77,0.04,186469000,-254325000,70159000,2303000,7351000,252371000,36.06,38.07,34.06,0.1027,0.0638,36.25,1.01,8.8,0.2,0.0443,0.1685,0.6123,0.2423,0.26,-0.79,1.1907
2006-12-31,83245444,83245444,1,4829750000,416757000,1853607000,354588000,2976143000,0,0,691432000,443667000,295631000,58745000,58745000,0.72,0.72,0.04,201283000,-247410000,43091000,-3036000,5048000,246850000,35.51,38.46,32.56,0.1215,0.0759,35.75,1.01,6.66,0.16,0.0383,0.1491,0.6162,0.2728,0.28,-0.55,1.1753
2006-09-30,82850019,82850019,1,4603855000,354221000,1697170000,307397000,2906685000,0,0,691432000,399613000,322882000,93957000,93957000,1.15,1.11,0.04,215352000,-206381000,-6276000,2695000,8084000,256098000,38.3,43.03,33.57,0.1655,0.1036,35.08,1.13,7.69,0.12,0.0218,0.1375,0.6314,0.3668,0.28,-0.49,1.1523
2006-06-30,82714939,82714939,1,4455282000,328249000,1662762000,341128000,2792520000,0,0,691432000,403560000,313381000,82866000,82866000,1.01,0.98,0.04,233769000,-328048000,48993000,-45286000,5389000,319163000,41.62,47.4,35.84,0.1617,0.1,33.76,1.27,8.36,0.08,0.0155,0.1445,0.6268,0.3216,0.31,-1.03,0.9622
2006-03-31,82595668,82595668,1,4338483000,391667000,1628463000,408229000,2710020000,0,0,716988000,351506000,335250000,110151000,110151000,1.33,1.29,0.04,228015000,-227963000,-11024000,-10972000,50675000,221765000,43.5,47.8,39.21,0.1575,0.0954,32.81,1.39,9.28,0.04,0.0084,0.1297,0.6246,0.313,0.3,0.08,0.9594
2005-12-31,82828642,82828642,1,4180335000,429028000,1584882000,397418000,2595453000,0,0,717391000,352451000,270080000,168408000,168408000,2.03,1.95,0,287259000,-169069000,-84016000,34174000,61647000,162092000,41.08,46.31,35.85,0.1627,0.0981,31.34,1.39,10.61,0,0,0.1358,0.6209,0.2935,0.33,1.51,1.0795
2005-09-30,82395826,82395826,1,4048505000,351746000,1621564000,427854000,2426941000,0,0,716818000,438396000,404377000,64075000,64075000,0.78,0.76,0,218269000,-127324000,-120777000,-29832000,27473000,123212000,42.14,45.98,38.3,0.1347,0.0807,29.45,1.5,10.48,0,0,0.1806,0.5995,0.1986,0.41,1.15,0.8221
2005-06-30,82076316,82076316,1,3997660000,342477000,1694054000,316252000,2303606000,0,0,730399000,572489000,252458000,52477000,52477000,1.01,0.98,0,102778000,-101288000,-57210000,-55720000,57305000,109660000,37.19,40.55,33.82,0.1664,0.1008,28.07,2.08,9.56,0,0,0.2485,0.5762,0.2252,0.45,-0.08,1.0829
2005-03-31,41774841,41774841,1,1160353000,232587000,414742000,134541000,745611000,0,0,44967000,0,191707000,43365000,43365000,1.04,1,0,96428000,-99772000,623000,-2721000,113025000,96716000,38.52,42.56,34.48,0.2471,0.1586,17.85,2.3,10.73,0,0,0,0.6426,0.2287,0.69,-0.01,1.7287
2004-12-31,41764211,41764211,1,1105446000,236447000,404734000,143002000,700712000,0,0,44967000,0,198544000,48075000,48075000,1.16,1.13,0,102207000,-79762000,1104000,23549000,115746000,74778000,37.53,41.45,33.6,0.2428,0.1568,16.78,2.4,13.03,0,0,0,0.6339,0.2276,0.69,0.66,1.6535
2004-09-30,41600675,41600675,1,1001941000,190276000,351025000,120794000,650916000,0,0,44967000,0,170273000,39182000,39182000,0.94,0.91,0,113958000,-82104000,2262000,34116000,92197000,74792000,32.23,35.25,29.2,0.2095,0.1369,15.65,2.19,12.89,0,0,0,0.6497,0.2124,0.64,0.94,1.5752
2004-06-30,41393306,41393306,1,947063000,167286000,339109000,125942000,607954000,0,0,44967000,0,170193000,36470000,36470000,0.88,0.85,0,81446000,-62011000,153000,19588000,58081000,61907000,28.24,30.25,26.24,0.1915,0.1266,14.69,2.05,13.13,0,0,0,0.6419,0.2042,0.62,0.47,1.3283
2004-03-31,41370235,41370235,1,862530000,135517000,291795000,96080000,570735000,0,0,44967000,0,135919000,29865000,29865000,0.72,0.7,0,63047000,-69224000,4250000,-1927000,38493000,69328000,26.9,29.75,24.05,0.172,0.1154,13.8,2.08,12.28,0,0,0,0.6617,0.2022,0.57,-0.15,1.4105
2003-12-31,41317563,41317563,1,805508000,123204000,270768000,85509000,534740000,0,0,44967000,0,106652000,18304000,18304000,0.48,0.42,0,35153000,-52754000,1163000,-16438000,40420000,53795000,23.82,28.14,19.5,0.1853,None,12.94,1.89,None,0,0,0,0.6639,0.2083,0.6,-0.45,1.4408
2003-09-30,41638226,41638226,1,772565000,125386000,246785000,79314000,525780000,0,0,44967000,0,112113000,22541000,22541000,0.54,0.53,0,51862000,-42726000,232000,9368000,56858000,42726000,21.47,23.7,19.24,None,None,12.63,1.78,None,0,None,0,0.6806,None,None,0.22,1.5809
2003-06-30,41593608,41593608,1,738285000,114739000,235756000,75138000,502529000,0,0,44852000,0,99063000,21040000,21040000,0.51,0.5,0,65465000,-33361000,-3911000,28193000,47490000,33653000,21.6,24.4,18.8,None,None,12.08,1.87,None,0,None,0,0.6807,None,None,0.76,1.527
2003-03-31,41512899,41512899,1,716884000,102004000,237485000,76431000,479399000,0,0,45940000,5000000,136384000,32748000,32748000,0.75,0.74,0,53833000,-30800000,-26063000,-3030000,17231000,30508000,18.75,20.42,17.07,None,None,11.55,1.75,None,0,None,0.0104,0.6687,None,None,0.56,1.3346
2002-12-31,41495615,41495615,1,674286000,87545000,229406000,68253000,444880000,0,0,45836000,32000000,None,None,None,None,None,0,32826000,-24166000,-3705000,4955000,20261000,21921000,15.75,18,13.49,None,None,10.72,1.5,None,0,None,0.0719,0.6598,None,None,0.26,1.2827
2002-09-30,40707779,40707779,1,650737000,65901000,222360000,60547000,428377000,0,0,52966000,36000000,32547000,9930000,9930000,0.37,0.37,0,None,None,None,None,15306000,0,None,None,None,None,None,10.52,None,None,0,None,0.084,0.6583,None,None,None,1.0884
