"Quarter end","Shares","Shares split adjusted","Split factor","Assets","Current Assets","Liabilities","Current Liabilities","Shareholders equity","Non-controlling interest","Preferred equity","Goodwill & intangibles","Long-term debt","Revenue","Earnings","Earnings available for common stockholders","EPS basic","EPS diluted","Dividend per share","Cash from operating activities","Cash from investing activities","Cash from financing activities","Cash change during period","Cash at end of period","Capital expenditures","Price","Price high","Price low","ROE","ROA","Book value of equity per share","P/B ratio","P/E ratio","Cumulative dividends per share","Dividend payout ratio","Long-term debt to equity ratio","Equity to assets ratio","Net margin","Asset turnover","Free cash flow per share","Current ratio"
2017-12-31,360543323,360543323,1,16453000000,2306000000,13386000000,1874000000,2988000000,79000000,0,754000000,11180000000,1801000000,-292000000,-292000000,-0.79,-0.79,0,124000000,14000000,-280000000,-142000000,284000000,57000000,14.88,15.16,14.6,-0.109,-0.0194,8.29,1.65,None,0,None,3.7416,0.1816,None,0.5,0.19,1.2305
2017-09-30,360581879,360581879,1,16792000000,2388000000,13469000000,1794000000,3244000000,79000000,0,795000000,11281000000,2586000000,225000000,225000000,0.63,0.63,0,561000000,-144000000,-285000000,132000000,426000000,61000000,13.9,14.94,12.86,-0.0072,-0.0013,9,1.67,106.92,0,None,3.4775,0.1932,None,0.47,1.39,1.3311
2017-06-30,360670156,360670156,1,17975000000,3187000000,14906000000,2873000000,2996000000,73000000,0,820000000,11307000000,2084000000,-216000000,-216000000,-0.61,-0.61,0,152000000,-38000000,-63000000,51000000,294000000,-15000000,11.82,14.35,9.3,0.0148,0.0025,8.31,1.33,17.91,0,0,3.774,0.1667,0.0057,0.45,0.46,1.1093
2017-03-31,360793424,360793424,1,18576000000,3521000000,15294000000,3120000000,3212000000,70000000,0,868000000,11344000000,2281000000,-56000000,-56000000,-0.16,-0.16,0,94000000,-13000000,-256000000,-175000000,243000000,40000000,11.56,12.6,10.53,0.0744,0.0127,8.9,1.27,44.46,0,0,3.5318,0.1729,0.0317,0.4,0.15,1.1285
2016-12-31,359054117,359054117,1,19317000000,4432000000,15978000000,3702000000,3268000000,71000000,0,837000000,11431000000,1582000000,24000000,24000000,0.07,0.07,0,363000000,-1078000000,572000000,-143000000,418000000,152000000,11.8,13.22,10.39,0.03,0.005,9.1,1.32,196.67,0,0,3.4979,0.1692,0.0137,0.36,0.59,1.1972
2016-09-30,359087745,359087745,1,17988000000,3715000000,14717000000,2314000000,3204000000,67000000,0,0,11623000000,2355000000,295000000,295000000,0.83,0.83,0,547000000,-165000000,-36000000,346000000,561000000,114000000,13.54,15.12,11.97,0.0069,0.0011,8.92,1.68,None,0,0,3.6277,0.1781,0.0032,0.36,1.21,1.6054
2016-06-30,359139572,359139572,1,17979000000,3288000000,15027000000,2573000000,2889000000,63000000,0,0,11644000000,1164000000,-29000000,-29000000,-0.08,-0.08,0,94000000,-65000000,-58000000,-29000000,215000000,90000000,14.64,16.07,13.22,-0.0003,-0.0001,8.04,1.8,122,0,None,4.0305,0.1607,None,0.34,0.01,1.2779
2016-03-31,359026393,359026393,1,18659000000,3775000000,15686000000,3085000000,2915000000,58000000,0,0,11672000000,1615000000,-198000000,-198000000,-0.56,-0.56,0,26000000,-611000000,-77000000,-662000000,244000000,133000000,14.01,16.49,11.53,0.0155,0.0026,8.12,1.61,21.55,0,0,4.0041,0.1562,0.0073,0.35,-0.3,1.2237
2015-12-31,356660646,356660646,1,18833000000,4095000000,15666000000,3048000000,3109000000,58000000,0,0,11868000000,1436000000,-47000000,-47000000,-0.13,-0.13,0,315000000,-391000000,323000000,247000000,906000000,154000000,14.18,16.6,11.75,0.0761,0.0129,8.72,1.6,10.66,0,0,3.8173,0.1651,0.0363,0.36,0.45,1.3435
2015-09-30,356841902,356841902,1,17898000000,3598000000,14687000000,2423000000,3153000000,58000000,0,0,11465000000,1948000000,273000000,273000000,0.77,0.76,0,529000000,-204000000,-88000000,237000000,659000000,132000000,16.91,19.73,14.09,0.1559,0.0272,8.84,2.07,8.09,0,0,3.6362,0.1762,0.0705,0.39,1.11,1.4849
2015-06-30,360092812,360092812,1,17757000000,3447000000,14756000000,2536000000,2944000000,57000000,0,0,11493000000,1442000000,19000000,19000000,0.05,0.05,0,36000000,-118000000,-292000000,-374000000,422000000,117000000,20.59,23.51,17.66,0.2567,0.0465,8.18,2.43,8.69,0,0,3.9039,0.1658,0.1155,0.4,-0.22,1.3592
2015-03-31,372345009,372345009,1,18382000000,3972000000,15177000000,2844000000,3152000000,53000000,0,0,11520000000,1646000000,-10000000,-10000000,-0.03,-0.03,0,-17000000,-128000000,224000000,79000000,796000000,162000000,21.52,22.89,20.16,0.2846,0.0535,8.47,2.4,9.12,0,0,3.6548,0.1715,0.1236,0.43,-0.48,1.3966
2014-12-31,376193256,376193256,1,18378000000,4220000000,14947000000,3199000000,3378000000,53000000,0,0,11083000000,1939000000,210000000,210000000,0.56,0.55,0,350000000,-634000000,-528000000,-812000000,717000000,138000000,21.98,24.37,19.6,0.2783,0.0541,8.98,2.44,13.74,0,0,3.2809,0.1838,0.1178,0.46,0.56,1.3192
2014-09-30,389569531,389569531,1,17172000000,3616000000,13612000000,1760000000,3508000000,52000000,0,0,11260000000,2187000000,614000000,614000000,1.54,1.52,0,155000000,1450000000,-518000000,1087000000,1529000000,96000000,22.66,24.04,21.27,0.1861,0.0375,9,2.72,29.05,0,0,3.2098,0.2043,0.0849,0.44,0.15,2.0545
2014-06-30,402545769,402545769,1,17370000000,3702000000,13956000000,2146000000,3355000000,59000000,0,0,11260000000,1939000000,139000000,139000000,0.33,0.33,0,226000000,-131000000,-168000000,-73000000,442000000,139000000,22.36,24.24,20.48,0.0948,0.0195,8.33,2.82,77.1,0,0,3.3562,0.1931,0.0448,0.44,0.22,1.7251
2014-03-31,423378759,423378759,1,17067000000,2702000000,13655000000,1873000000,3354000000,58000000,0,0,11286000000,1965000000,-17000000,-17000000,-0.04,-0.04,0,123000000,-769000000,220000000,-426000000,515000000,119000000,19.76,21.06,18.46,0.0345,0.0073,7.92,2.38,395.2,0,0,3.3649,0.1965,0.0174,0.42,0.01,1.4426
2013-12-31,422950351,422950351,1,16559000000,2856000000,12991000000,1531000000,3514000000,54000000,0,0,10908000000,1438000000,-97000000,-97000000,-0.21,-0.21,0,134000000,-125000000,-92000000,-83000000,941000000,103000000,19.88,21.03,18.74,0.0038,0.0008,8.31,2.31,42.3,0,0,3.1042,0.2122,0.0022,0.38,0.07,1.8654
2013-09-30,435207726,435207726,1,16803000000,3035000000,13003000000,1484000000,3739000000,61000000,0,0,10869000000,2050000000,306000000,306000000,0.7,0.7,0,590000000,-187000000,-94000000,309000000,1024000000,137000000,20.28,21.97,18.59,0.056,0.0127,8.59,2.53,28.56,0,0,2.9069,0.2225,0.0339,0.37,1.04,2.0451
2013-06-30,439023991,439023991,1,16758000000,2939000000,13174000000,1731000000,3523000000,61000000,0,0,10851000000,1572000000,-70000000,-70000000,-0.16,-0.16,0,-18000000,-159000000,-70000000,-247000000,715000000,159000000,20.74,22.16,19.33,0.0889,0.0206,8.02,2.47,115.22,0,0,3.08,0.2102,0.0554,0.37,-0.4,1.6979
2013-03-31,455255545,455255545,1,16569000000,2756000000,12692000000,1513000000,3816000000,61000000,0,0,10633000000,1241000000,-125000000,-125000000,-0.28,-0.28,0,-157000000,-122000000,-43000000,-322000000,962000000,176000000,19.29,20.62,17.95,0.0214,0.005,8.38,2.2,43.84,0,0,2.7864,0.2303,0.0151,0.33,-0.73,1.8215
2012-12-31,456236512,456236512,1,16549000000,2832000000,12493000000,1318000000,3994000000,62000000,0,0,10635000000,1367000000,100000000,100000000,0.21,0.21,0,45000000,231000000,-89000000,187000000,1284000000,128000000,17.67,18.87,16.47,0.0498,0.0118,8.75,2.03,98.17,0,0,2.6627,0.2413,0.0363,0.32,-0.18,2.1487
2012-09-30,465563811,465563811,1,16593000000,2687000000,12479000000,1351000000,4052000000,62000000,0,0,10567000000,1996000000,437000000,437000000,0.95,0.94,0,640000000,-188000000,58000000,510000000,1097000000,128000000,17.54,18.66,16.42,0.0211,0.005,8.7,2.25,None,0,0,2.6078,0.2442,0.0154,0.33,1.1,1.9889
2012-06-30,466616007,466616007,1,16887000000,2934000000,13184000000,2173000000,3641000000,62000000,0,0,10488000000,879000000,-329000000,-329000000,-0.69,-0.69,0,-103000000,-199000000,-181000000,-483000000,587000000,200000000,17.46,19.03,15.9,-0.0386,-0.0093,7.8,1.96,97,0,None,2.8805,0.2156,None,0.34,-0.65,1.3502
2012-03-31,482831387,482831387,1,17456000000,3484000000,13095000000,2209000000,4299000000,62000000,0,0,10392000000,1236000000,-9000000,-9000000,-0.02,-0.02,0,71000000,-314000000,61000000,-182000000,1070000000,181000000,16.02,17.6,14.45,0.0225,0.0057,8.9,1.79,None,0,0,2.4173,0.2463,0.015,0.38,-0.23,1.5772
2011-12-31,481338627,481338627,1,17371000000,3562000000,13007000000,2162000000,4304000000,60000000,0,0,10321000000,1459000000,-13000000,-13000000,-0.05,-0.05,0,239000000,-176000000,-96000000,-33000000,1252000000,190000000,14.73,16.68,12.79,-0.0434,-0.0111,8.94,1.61,None,0,None,2.398,0.2478,None,0.4,0.1,1.6475
2011-09-30,487845813,487845813,1,17231000000,3430000000,12712000000,1873000000,4458000000,61000000,0,0,10303000000,2209000000,190000000,190000000,0.39,0.39,0,297000000,-239000000,80000000,138000000,1285000000,170000000,14.89,17.08,12.7,-0.0448,-0.0117,9.14,1.58,None,0,None,2.3111,0.2587,None,0.4,0.26,1.8313
2011-06-30,459500298,459500298,1,16898000000,3084000000,12509000000,1872000000,4328000000,61000000,0,0,10190000000,1633000000,-70000000,-70000000,-0.14,-0.14,0,90000000,-283000000,60000000,-133000000,1147000000,197000000,16.05,17.1,15,-0.0384,-0.01,9.42,1.62,None,0,None,2.3544,0.2561,None,0.39,-0.23,1.6474
2011-03-31,445840678,445840678,1,16849000000,3086000000,12391000000,1850000000,4423000000,35000000,0,0,10023000000,1499000000,-297000000,-297000000,-0.61,-0.61,0,149000000,-138000000,-58000000,-47000000,1280000000,144000000,14.84,16.25,13.42,-0.0484,-0.0126,9.92,1.56,247.33,0,None,2.2661,0.2625,None,0.38,0.01,1.6681
2010-12-31,487000000,487000000,1,17256000000,3429000000,12587000000,1789000000,4643000000,26000000,0,0,10104000000,1446000000,-23000000,-23000000,-0.05,-0.05,0,146000000,754000000,-487000000,413000000,1327000000,-776000000,12.91,13.93,11.88,0.0068,0.0018,9.53,1.36,645.5,0,0,2.1762,0.2691,0.0047,0.38,1.89,1.9167
2010-09-30,487000000,487000000,1,18382000000,4342000000,13762000000,2786000000,4620000000,0,0,0,10043000000,2130000000,217000000,217000000,0.45,0.45,0,627000000,-1723000000,1039000000,-57000000,914000000,94000000,13.16,14.13,12.2,0.0029,0.0008,9.49,1.47,219.33,0,0,2.1738,0.2513,0.0019,0.39,1.09,1.5585
2010-06-30,486000000,486000000,1,16649000000,4289000000,12310000000,2773000000,4339000000,0,0,0,8827000000,1430000000,-115000000,-115000000,-0.24,-0.24,0,-114000000,-16000000,-16000000,-146000000,971000000,31000000,12.61,14.27,10.95,0.0076,0.002,8.93,1.35,90.07,0,0,2.0343,0.2606,0.0053,0.37,-0.3,1.5467
2010-03-31,486000000,486000000,1,17479000000,4458000000,12946000000,3074000000,4536000000,-3000000,0,0,9239000000,1539000000,-48000000,-48000000,-0.1,-0.1,0,270000000,154000000,-296000000,128000000,1117000000,66000000,11.57,12.42,10.71,0.0156,0.0039,9.33,1.26,37.32,0,0,2.0368,0.2595,0.0109,0.36,0.42,1.4502
2009-12-31,485000000,485000000,1,16650000000,4099000000,12204000000,2749000000,4448000000,-2000000,0,0,8996000000,1569000000,-41000000,-41000000,-0.09,-0.09,0,224000000,-86000000,-62000000,76000000,989000000,39000000,11.2,12.25,10.14,0.0331,0.0079,9.17,1.21,65.88,0,0,2.0225,0.2671,0.0227,0.35,0.38,1.4911
2009-09-30,485000000,485000000,1,17701000000,4905000000,13202000000,3446000000,4500000000,-1000000,0,0,9064000000,1847000000,238000000,238000000,0.49,0.49,0,573000000,-27000000,-1115000000,-569000000,913000000,43000000,11.93,13.75,10.1,0.0181,0.0041,9.28,1.29,None,0,0,2.0142,0.2542,0.0116,0.35,1.09,1.4234
2009-06-30,485000000,485000000,1,19975000000,6968000000,15477000000,4741000000,4498000000,0,0,0,9955000000,1471000000,-79000000,-79000000,-0.16,-0.16,0,-116000000,-110000000,82000000,-144000000,1482000000,46000000,10.79,14.95,6.64,-0.0047,-0.001,9.27,1.15,20.36,0,None,2.2132,0.2252,None,0.41,-0.33,1.4697
2009-03-31,485000000,485000000,1,21289000000,8022000000,16730000000,5934000000,4558000000,1000000,0,0,9735000000,1677000000,31000000,31000000,0.07,0.07,0,80000000,-27000000,-84000000,-31000000,1626000000,51000000,7.05,9.34,4.76,0.0593,0.0122,9.4,0.78,352.5,0,0,2.1358,0.2141,0.0264,0.46,0.06,1.3519
2008-12-31,485000000,485000000,1,20738000000,7500000000,16366000000,5616000000,4370000000,2000000,0,0,9756000000,1968000000,-109000000,-109000000,-0.23,-0.23,0,139000000,-18000000,685000000,806000000,1657000000,51000000,9.91,13.48,6.35,0.0025,0.0005,9.01,1.05,None,0,0,2.2325,0.2107,0.001,0.49,0.18,1.3355
2008-09-30,485000000,485000000,1,18989000000,5324000000,14398000000,4415000000,4588000000,3000000,0,0,9133000000,3190000000,136000000,136000000,0.28,0.28,0,941000000,65000000,-525000000,481000000,851000000,24000000,17.45,22.83,12.08,None,-0.0012,9.46,2.31,2.3,0,None,1.9906,0.2416,None,0.51,1.89,1.2059
2008-06-30,485000000,485000000,1,22621000000,8325000000,18947000000,7452000000,3671000000,3000000,0,0,10104000000,2828000000,197000000,197000000,0.41,0.41,0,-324000000,64000000,349000000,89000000,370000000,16000000,20.56,23.36,17.77,None,0.1856,7.57,2.75,3.35,0,0,2.7524,0.1623,0.3969,0.47,-0.7,1.1171
2008-03-31,485000000,485000000,1,18991000000,4925000000,15367000000,4542000000,3621000000,3000000,0,0,9723000000,1951000000,-214000000,-214000000,-0.44,-0.44,0,-262000000,405000000,-1777000000,-1634000000,281000000,52000000,17.26,19.51,15,None,0.1582,7.47,None,3.07,0,0,2.6852,0.1907,0.3537,0.45,-0.65,1.0843
2007-12-31,485000000,485000000,1,18482000000,4531000000,23131000000,3604000000,-4652000000,3000000,0,0,9946000000,2141000000,-142000000,-142000000,-0.29,-0.29,0,89000000,-5000000,128000000,212000000,1915000000,-486000000,0.99,1.8,0.18,None,0.1458,-9.59,None,0.19,0,0,None,None,0.3379,0.43,1.19,1.2572
2007-09-30,482200119,482200119,1,18233000000,4148000000,22610000000,6461000000,-4385000000,8000000,0,0,3129000000,2239000000,3794000000,3794000000,7.91,7.91,0,268000000,149000000,-118000000,299000000,1703000000,28000000,2.4,3.75,1.05,None,0.1338,-9.09,None,None,0,0,None,None,0.3332,0.4,0.5,0.642
2007-06-30,487258132,487258132,1,18566000000,4033000000,26672000000,6835000000,-8109000000,3000000,0,0,3222000000,1975000000,-500000000,-500000000,-1.04,-1.04,0,57000000,-134000000,-24000000,-101000000,1404000000,96000000,3.07,4.15,1.99,None,-0.0702,-16.64,None,None,0,None,None,None,None,0.39,-0.08,0.5901
2007-03-31,503111670,503111670,1,18594000000,3453000000,25942000000,6508000000,-7617000000,269000000,0,0,3123000000,1615000000,-459000000,-459000000,-0.96,-0.96,0,-232000000,468000000,192000000,428000000,1505000000,17000000,1.64,2.19,1.09,None,-0.0862,-15.14,None,None,0,None,None,None,None,0.37,-0.49,0.5306
2006-12-31,524189920,524189920,1,18590265000,3168329000,25476873000,6057947000,-7152900000,266292000,0,0,3351627000,1599815000,-359367000,-359367000,-0.74,-0.74,0,-10763000,60632000,21031000,70900000,1077327000,43701000,0.86,1.46,0.26,None,-0.0907,-13.65,None,None,0,None,None,None,None,0.34,-0.1,0.523
2006-09-30,538844664,538844664,1,19227714000,3426586000,25773268000,5291486000,-6816266000,270712000,0,96492000,4242574000,2158379000,1662000,1662000,0,0,0,370432000,505000,-208612000,162325000,988975000,26198000,0.4,0.47,0.32,None,-0.5347,-12.65,None,None,0,None,None,None,None,0.38,0.64,0.6476
2006-06-30,568957616,568957616,1,19439649000,3092900000,26027959000,7286336000,-6863594000,275284000,0,97457000,2462013000,1591931000,-817759000,-817759000,-1.71,-1.71,0,-207051000,304000000,-614370000,-517421000,844102000,5239000,0.36,0.52,0.21,None,-0.4967,-12.06,None,None,0,None,None,None,None,0.39,-0.37,0.4245
2006-03-31,568957616,568957616,1,20546729000,3825717000,26336631000,8213579000,-6063976000,274074000,0,98359000,2218094000,1355635000,-589443000,-589443000,-1.23,-1.23,0,3365000,-350698000,923219000,575886000,1361523000,114958000,0.25,0.35,0.15,None,-0.4317,-10.66,None,None,0,None,None,None,None,0.39,-0.2,0.4658
2005-12-31,568957616,568957616,1,20544797000,3428037000,25777498000,7142412000,-5508085000,275384000,0,99303000,2462462000,2392433000,-9255330000,-9255330000,-19.32,-19.32,0,-300388000,94768000,149042000,-57500000,785637000,-105202000,1.63,3.05,0.2,None,-0.3859,-9.68,0.25,None,0,None,None,None,None,0.39,-0.34,0.48
2005-09-30,569382412,569382412,1,27088237000,5038002000,22955072000,4517169000,3729968000,403197000,0,111570000,15756276000,3281590000,-216689000,-216689000,-0.45,-0.45,0,-168714000,1781324000,-1433692000,188556000,843136000,-1716289000,3.07,3.88,2.26,-0.2313,-0.0353,6.55,0.43,None,0,None,4.2242,0.1377,None,0.37,2.72,1.1153
2005-06-30,567964618,567964618,1,27809627000,4057296000,23362252000,4612436000,4062974000,384401000,0,111945000,16481483000,2225957000,-298458000,-298458000,-0.66,-0.66,0,-124667000,-737787000,756011000,-111254000,636208000,283355000,2.52,3.6,1.45,-0.1373,-0.022,7.15,0.31,None,0,None,4.0565,0.1461,None,0.34,-0.72,0.8796
2005-03-31,538016014,538016014,1,27579467000,3612084000,22841113000,3911232000,4349855000,388499000,0,117169000,16633262000,2212678000,-168731000,-168731000,-0.38,-0.38,0,-114592000,-220848000,368710000,29184000,812612000,260762000,3.22,3.8,2.64,-0.0743,-0.0123,8.08,0.38,None,0,None,3.8239,0.1577,None,0.34,-0.7,0.9235
2004-12-31,538017458,538017458,1,27216088000,3563565000,22234970000,3285392000,4587673000,393445000,0,118350000,16940809000,2315316000,-283696000,-283696000,-0.64,-0.64,0,-219975000,-19492000,-466651000,-704394000,783428000,451596000,3.16,4.08,2.24,-0.0523,-0.0088,8.53,0.35,9.88,0,None,3.6927,0.1686,None,0.33,-1.25,1.0847
2004-09-30,534306554,534306554,1,28430919000,4729016000,23294327000,3763397000,4764647000,371945000,0,129082000,17222932000,2557200000,141125000,141125000,0.32,0.32,0,217877000,-214543000,612934000,643791000,1487822000,-497381000,3.67,4.46,2.87,0.0346,0.0058,8.92,0.35,7.2,0,0,3.6147,0.1676,0.0183,0.32,1.34,1.2566
2004-06-30,443828145,443828145,1,27441762000,3294570000,22490310000,2587584000,4600891000,350561000,0,134571000,17739663000,2314634000,-28698000,-28698000,-0.07,-0.07,0,185223000,-96020000,180860000,261227000,844031000,309224000,4.01,4.98,3.04,0.0565,0.0095,10.37,0.36,7.71,0,0,3.8557,0.1677,0.0289,0.33,-0.28,1.2732
2004-03-31,416047134,416047134,1,27362038000,3348453000,22413322000,2564373000,4583362000,365354000,0,134913000,17421666000,2042738000,-71192000,-71192000,-0.17,-0.17,0,-173230000,-71371000,-160091000,-409002000,582804000,244868000,5.38,6.42,4.35,0.0597,0.0099,11.02,0.48,9.78,0,0,3.8011,0.1675,0.03,0.33,-1,1.3058
2003-12-31,415736644,415736644,1,27303932000,3476754000,22271787000,2515403000,4621253000,410892000,0,135084000,17328181000,1860079000,119622000,119622000,0.29,0.24,0,119227000,-678784000,577497000,22134000,991806000,176415000,4.26,5.25,3.28,0.0666,0.0109,11.12,0.4,21.3,0,0,3.7497,0.1693,0.0316,0.34,-0.14,1.3822
2003-09-30,413131672,413131672,1,26036462000,3352996000,20188520000,2298903000,4412440000,1435502000,0,126670000,15658729000,2687127000,237782000,237782000,0.61,0.51,0,58028000,-538778000,1029175000,551699000,969672000,396191000,6.39,8.03,4.76,0.03,0.0049,10.68,0.61,127.8,0,0,3.5488,0.1695,0.0146,0.34,-0.82,1.4585
2003-06-30,383045514,383045514,1,26017342000,2962890000,20474520000,2875204000,3996727000,1546095000,0,129002000,14657171000,2186056000,-23366000,-23366000,-0.06,-0.06,0,-52063000,-814174000,904771000,39916000,417954000,635338000,5.29,7.25,3.33,0.0115,0.0019,10.43,0.51,17.63,0,0,3.6673,0.1536,0.0055,0.34,-1.79,1.0305
2003-03-31,381260990,381260990,1,24162792000,2655800000,18839327000,4295817000,3920368000,1403097000,0,130696000,12474345000,2186277000,-52016000,-52016000,-0.14,-0.14,0,165367000,-483629000,112543000,-201429000,378057000,507043000,3.46,4.42,2.51,0.0362,0.0061,10.28,0.34,17.3,0,0,3.1819,0.1622,0.0178,0.34,-0.9,0.6182
2002-12-31,381168410,381168410,1,23226992000,2236030000,18065906000,3567131000,3851914000,1309172000,0,127655000,11512744000,1282736000,-40978000,-40978000,-0.11,-0.11,0,283451000,-640037000,212621000,-148935000,579486000,603864000,3.12,4.69,1.55,0.0325,0.0053,10.11,0.3,3.55,0,0,2.9888,0.1658,0.0159,0.34,-0.84,0.6268
2002-09-30,377999176,377999176,1,22689326000,2677096000,17445424000,2435159000,3921240000,1322662000,0,128281000,13007943000,2495010000,161347000,161347000,0.43,0.36,0,321570000,-639468000,450506000,130927000,659694000,644354000,4.83,7.29,2.36,0.0827,0.0131,10.37,0.47,3.45,0,0,3.3173,0.1728,0.0355,0.37,-0.85,1.0994
2002-06-30,376699769,376699769,1,22229736000,2691326000,17198339000,2322305000,3867860000,1163537000,0,140984000,13004136000,1941806000,72516000,72516000,0.2,0.19,0,117500000,-1256709000,1252755000,117995000,528767000,1181209000,9.43,13.55,5.3,0.1395,0.0214,10.27,1.19,6.16,0,0,3.3621,0.174,0.0527,0.41,-2.82,1.1589
2002-03-31,373911684,373911684,1,20643535000,2306110000,16523070000,2889009000,2957871000,1162594000,0,221786000,11880310000,1738347000,-74267000,-74267000,-0.24,-0.24,0,345945000,-1301613000,-158486000,-1114645000,410772000,1311660000,11.71,17.28,6.15,0.1637,0.025,7.91,1.2,5.66,0,0,4.0165,0.1433,0.0592,0.42,-2.58,0.7982
2001-12-31,307602191,307602191,1,21309295000,4007702000,17128313000,3228838000,3010569000,1170413000,0,0,11824417000,1831151000,124864000,124864000,0.39,0.57,0,69482000,-1401005000,2384231000,1052708000,1525417000,1737274000,19.43,28.85,10,0.2344,0.0383,9.79,2.05,10.62,0,0,3.9276,0.1413,0.0854,0.45,-5.42,1.2412
2001-09-30,305317613,305317613,1,18809284000,2596039000,14714860000,3469237000,2891927000,1202497000,0,0,9333845000,2916105000,320799000,320799000,1.05,0.88,0,386993000,-3316128000,2163989000,-765146000,476374000,1917075000,32.45,46,18.9,0.2454,0.045,9.47,3.47,22.85,0,0,3.2276,0.1537,0.0933,0.48,-5.01,0.7483
2001-06-30,304986024,304986024,1,16019065000,3509064000,12007839000,3000314000,2847787000,1163439000,0,0,7092611000,1612873000,107665000,107665000,0.36,0.32,0,190762000,-1871254000,2044554000,364062000,1241520000,1794586000,46.78,57.35,36.2,0.1944,0.041,9.34,6.05,36.4,0,0,2.4906,0.1778,0.1008,0.41,-5.26,1.1696
2001-03-31,298652450,298652450,1,11518806000,2096216000,8045753000,1423441000,2309187000,1163866000,0,0,5691109000,1229849000,94777000,94777000,0.33,0.3,0,-90039000,-912131000,1283551000,281381000,870079000,817517000,43.52,58.04,29,0.211,0.047,7.73,5.54,41.35,0,0,2.4646,0.2005,0.1221,0.39,-3.04,1.4726
2000-12-31,284794073,284794073,1,9737257000,1343683000,6340417000,1169192000,2236774000,1160066000,0,0,4430357000,1004817000,107746000,107746000,0.38,0.33,0,412271000,-1684890000,778421000,-494198000,588698000,1393035000,42.61,52.97,32.25,0.2067,0.0478,7.85,6.03,50.58,0,0,1.9807,0.2297,0.1417,0.34,-3.44,1.1492
2000-09-30,281758924,281758924,1,7233967000,1582328000,4079062000,358313000,1991959000,1162946000,0,0,3176253000,678891000,145873000,145873000,0.54,0.47,0,200393000,-535745000,1230471000,895119000,1082896000,659366000,42.25,52.25,32.25,0.1977,0.0463,7.07,10.33,75.78,0,0,1.5945,0.2754,0.1616,0.29,-1.63,4.416
2000-06-30,127896943,255793886,2,5540091000,524931000,3813378000,304178000,1045845000,680868000,0,0,3104831000,363683000,51706000,51706000,0.41,0.37,0,13700000,-768911000,692397000,-62814000,187777000,644957000,26.67,35.22,18.13,0.1615,0.0342,4.09,6.91,59.27,0,0,2.9687,0.1888,0.1293,0.26,-2.47,1.7257
2000-03-31,63779325,255117300,4,4531416000,430116000,2869384000,266325000,985463000,676569000,0,0,2202889000,235402000,18127000,18127000,0.29,0.27,0,23966000,-564613000,441867000,-98780000,250591000,323266000,23.42,30.75,16.09,0.1448,0.0317,3.86,6.15,57.83,0,0,2.2354,0.2175,0.1167,0.27,-1.17,1.615
1999-12-31,63215367,252861468,4,3991606000,526408000,2694556000,275311000,964632000,332418000,0,0,2006190000,247497000,30766000,30766000,0.52,0.48,0,97877000,-609443000,687262000,175696000,349371000,293940000,13.45,16.23,10.67,0.1517,0.0322,3.81,6.06,36.98,0,0,2.0797,0.2417,0.1122,0.29,-0.78,1.912
1999-09-30,62894764,251579056,4,2721989000,333943000,2139812000,162979000,558049000,24128000,0,0,1551750000,263648000,42917000,42917000,0.79,0.74,0,107651000,-290646000,36383000,-146612000,173675000,241640000,9.41,11.97,6.85,0.1713,0.0328,2.22,3.99,29.87,0,0,2.7807,0.205,0.1013,0.32,-0.53,2.049
1999-06-30,27174147,217393176,8,2549750000,473809000,2035623000,127380000,514127000,0,0,0,1551750000,190677000,17560000,17560000,0.65,0.62,0,25176000,-341728000,-62118000,-378670000,320287000,349732000,5.88,7.38,4.39,0.1516,0.0275,2.36,2.72,19.2,0,0,3.0182,0.2016,0.0841,0.33,-1.49,3.7196
1999-03-31,27169147,217353176,8,2562554000,799699000,2092249000,121737000,470305000,0,0,0,1598918000,145913000,3850000,3850000,0.19,0.18,0,33379000,-248600000,817646000,602425000,698957000,121979000,3.92,4.67,3.16,0.1644,0.0274,2.16,2.21,14.79,0,0,3.3997,0.1835,0.0813,0.34,-0.41,6.5691
1998-12-31,20253797,162030376,8,1728946000,209503000,1441980000,122579000,286966000,0,0,0,1065940000,173032000,14034000,14034000,0.69,0.63,0,98302000,-137373000,34983000,-4088000,96532000,82009000,2.8,3.45,2.15,0.1746,0.0269,1.77,1.66,10.93,0,0,3.7145,0.166,0.0822,0.33,0.1,1.7091
1998-09-30,20151581,161212648,8,1675099000,243616000,1402274000,96535000,272825000,0,0,0,1069457000,186174000,23075000,23075000,1.15,1.09,0,49858000,-94361000,44764000,261000,100620000,15434000,2.42,2.69,2.14,0.1674,0.026,1.69,1.57,10.35,0,0,3.9199,0.1629,0.0911,0.29,0.21,2.5236
1998-06-30,20155931,161247448,8,1700251000,241800000,1451131000,96473000,249120000,0,0,0,1093074000,141597000,11626000,11626000,0.58,0.55,0,19528000,-20667000,4538000,3399000,100359000,8198000,2.41,2.66,2.16,0.1586,0.0247,1.54,1.63,10.89,0,0,4.3877,0.1465,0.1035,0.24,0.07,2.5064
1998-03-31,20105390,160843120,8,1678097000,216504000,1440609000,99763000,237488000,0,0,0,1086710000,55145000,-3057000,-3057000,-0.15,-0.15,0,3545000,-154256000,199158000,48447000,96960000,15785000,1.95,2.31,1.59,0.1557,0.0255,1.48,1.31,9.07,0,0,4.5759,0.1415,0.1221,0.21,-0.08,2.1702
1997-12-31,20104890,160839120,8,1380956000,166578000,1141000000,178586000,239956000,0,0,0,742934000,76441000,10192000,10192000,0.56,None,0,42032000,-173314000,-14715000,-145997000,48513000,29751000,2.1,2.66,1.55,0.158,0.0281,1.49,1.47,13.44,0,0,3.0961,0.1738,0.1256,0.22,0.08,0.9328
1997-09-30,20035705,160285640,8,1367967000,293663000,1138416000,170926000,229551000,0,0,0,746446000,92905000,19147000,19147000,0.91,0.91,0,49629000,-8347000,133832000,175114000,198550000,31665000,2.46,2.87,2.06,0.1333,0.0244,1.43,1.88,18.06,0,0,3.2518,0.1678,0.1072,0.23,0.11,1.7181
1997-06-30,19939233,159513864,8,1181068000,115666000,971560000,192846000,209508000,0,0,0,563780000,67744000,9400000,9400000,0.45,None,0,6516000,-204440000,125196000,-72728000,23436000,27639000,2.29,2.61,1.97,0.1001,None,1.31,1.83,6.71,0,0,2.691,0.1774,0.0819,0.23,-0.13,0.5998
1997-03-31,19903733,159229864,8,1014766000,146082000,815263000,77482000,199503000,0,0,0,554303000,39231000,-4040000,-4040000,-0.2,None,0,10284000,-16057000,1927000,-3846000,96164000,29977000,2.49,2.84,2.14,0.0988,None,1.25,1.95,7.17,0,0,2.7784,0.1966,0.0673,0.23,-0.12,1.8854
1996-12-31,19869219,158953752,8,1030215000,171187000,827088000,74969000,203127000,0,0,0,563640000,61663000,3537000,3537000,0.09,None,0,34187000,-57514000,23860000,533000,100010000,10868000,2.25,2.5,2,None,None,1.28,1.89,None,0,0,2.7748,0.1972,None,None,0.15,2.2834
1996-09-30,18050000,144400000,8,1006629000,186778000,834107000,64244000,172522000,0,0,0,578195000,70897000,10732000,10732000,0.76,0.75,0,20659000,-143269000,183684000,61074000,99477000,5128000,2.02,2.05,2,None,None,1.19,1.09,None,0,None,3.3514,0.1714,None,None,0.11,2.9073
1996-06-30,2000000,16000000,8,792812000,104744000,713156000,52858000,79656000,0,50000000,0,472572000,50321000,4717000,4717000,2.09,None,0,7251000,-118412000,80917000,-30244000,38403000,800000,None,None,None,None,None,1.85,None,None,0,None,15.9351,0.0374,None,None,0.4,1.9816
1996-03-31,2000000,16000000,8,605349000,99183000,530416000,100194000,74933000,0,50000000,0,329422000,31673000,-294000,-294000,-0.15,None,0,-2216000,-7639000,56692000,46837000,68647000,7261000,None,None,None,None,None,1.56,None,None,0,None,13.2123,0.0412,None,None,-0.59,0.9899
