"Quarter end","Shares","Shares split adjusted","Split factor","Assets","Current Assets","Liabilities","Current Liabilities","Shareholders equity","Non-controlling interest","Preferred equity","Goodwill & intangibles","Long-term debt","Revenue","Earnings","Earnings available for common stockholders","EPS basic","EPS diluted","Dividend per share","Cash from operating activities","Cash from investing activities","Cash from financing activities","Cash change during period","Cash at end of period","Capital expenditures","Price","Price high","Price low","ROE","ROA","Book value of equity per share","P/B ratio","P/E ratio","Cumulative dividends per share","Dividend payout ratio","Long-term debt to equity ratio","Equity to assets ratio","Net margin","Asset turnover","Free cash flow per share","Current ratio"
2019-03-30,364814439,364814439,1,32498000000,6376000000,18940000000,4614000000,13423000000,135000000,0,18241000000,10810000000,10443000000,426000000,426000000,1.2,1.17,0.375,71000000,-317000000,201000000,-40000000,360000000,338000000,60.98,69.54,52.42,0.1588,0.0671,36.79,1.7,11.55,7.19,0.2533,0.8053,0.413,0.0505,1.33,-0.73,1.3819
2018-12-29,365267394,365267394,1,32335000000,6301000000,19076000000,7430000000,13127000000,132000000,0,18255000000,8075000000,10193000000,551000000,551000000,1.54,1.5,0.45,868000000,-2449000000,1711000000,130000000,400000000,318000000,56.66,63.54,49.77,0.154,0.0658,35.94,1.62,6.93,6.82,0.2541,0.6151,0.406,0.0486,1.35,1.51,0.848
2018-09-29,365111460,365111460,1,29109000000,5688000000,16298000000,5031000000,12803000000,8000000,0,16498000000,7962000000,9999000000,537000000,537000000,1.49,1.46,0.3,1039000000,-483000000,-455000000,100000000,270000000,313000000,62.8,68.81,56.79,0.2453,0.1062,35.07,1.85,8.06,6.37,0.1455,0.6219,0.4398,0.0755,1.41,1.99,1.1306
2018-06-30,365930280,365930280,1,28638000000,6077000000,16201000000,4112000000,12426000000,11000000,0,15903000000,8852000000,10051000000,541000000,541000000,1.52,1.47,0.3,785000000,-737000000,-71000000,-28000000,170000000,328000000,68.51,72.42,64.6,0.2449,0.1021,33.96,2.08,9.1,6.07,0.181,0.7124,0.4339,0.0717,1.42,1.25,1.4779
2018-03-31,367610713,367610713,1,28091000000,5990000000,15935000000,3838000000,12136000000,20000000,0,15635000000,8872000000,9773000000,315000000,315000000,0.88,0.85,0.3,13000000,-264000000,153000000,-95000000,198000000,263000000,76.96,82.51,71.4,0.2491,0.0993,33.01,2.37,10.13,5.77,0.1767,0.731,0.432,0.0697,1.43,-0.68,1.5607
2017-12-30,367513548,367513548,1,28046000000,5993000000,16072000000,3978000000,11955000000,19000000,0,15686000000,8875000000,10229000000,1631000000,1631000000,4.54,4.4,0.3,1126000000,-422000000,-729000000,-25000000,293000000,296000000,77.22,84.65,69.8,0.2654,0.1053,32.53,2.69,16.12,5.47,0.1646,0.7424,0.4263,0.0715,1.47,2.26,1.5065
2017-09-30,367718965,367718965,1,28066000000,6258000000,17507000000,4032000000,10541000000,18000000,0,15567000000,9297000000,10145000000,394000000,394000000,1.12,1.07,0.52,1150000000,-297000000,-769000000,87000000,318000000,287000000,64.58,70.8,58.36,0.1775,0.0703,28.67,2.29,13.6,5.17,0.1988,0.882,0.3756,0.0464,1.52,2.35,1.5521
2017-07-01,359277999,359277999,1,28063000000,6288000000,17926000000,3865000000,10117000000,20000000,0,15636000000,9807000000,9850000000,447000000,447000000,1.24,1.21,0.225,467000000,-3389000000,2908000000,-12000000,231000000,315000000,62.04,66.87,57.2,0.1814,0.0743,28.16,2.27,12.95,4.65,0.1217,0.9694,0.3605,0.0475,1.56,0.42,1.6269
2017-04-01,358202802,358202802,1,22596000000,5017000000,12807000000,3106000000,9771000000,18000000,0,11705000000,5905000000,9083000000,340000000,340000000,0.95,0.92,0.225,-152000000,-264000000,348000000,-64000000,243000000,267000000,64.07,67.14,61,0.1868,0.0807,27.28,2.4,12.89,4.42,0.105,0.6043,0.4324,0.0491,1.64,-1.17,1.6153
2016-12-31,356958659,356958659,1,22257000000,4742000000,12690000000,2972000000,9550000000,17000000,0,11733000000,5901000000,9182000000,593000000,593000000,1.64,1.59,0,1134000000,-214000000,-957000000,-42000000,307000000,200000000,65.53,75.33,55.72,0.1962,0.0849,26.75,2.46,14.47,4.2,0.0867,0.6179,0.4291,0.0515,1.65,2.62,1.5956
2016-10-01,360569167,360569167,1,22373000000,4888000000,12749000000,2762000000,9608000000,16000000,0,11753000000,6200000000,9156000000,391000000,391000000,1.05,1.03,0.15,843000000,-182000000,-510000000,152000000,349000000,180000000,71.44,77.05,65.83,0.1816,0.0781,26.65,2.68,17.3,4.2,0.124,0.6453,0.4294,0.0479,1.63,1.84,1.7697
2016-07-02,367456983,367456983,1,22410000000,4881000000,12604000000,2713000000,9791000000,15000000,0,11773000000,6099000000,9403000000,484000000,484000000,1.29,1.25,0.15,768000000,-150000000,-678000000,-57000000,197000000,160000000,64.94,70.44,59.45,0.1675,0.0717,26.65,2.46,17.5,4.05,0.1234,0.6229,0.4369,0.0428,1.68,1.65,1.7991
2016-04-02,370547647,370547647,1,22511000000,4927000000,12704000000,2610000000,9791000000,16000000,0,11795000000,6270000000,9170000000,432000000,432000000,1.14,1.1,0.15,10000000,-161000000,-785000000,-933000000,254000000,167000000,58.34,68.17,48.52,0.1536,0.0648,26.42,2.17,17.36,3.9,0.1232,0.6404,0.4349,0.0384,1.69,-0.42,1.8877
2016-01-02,363104353,363104353,1,23290000000,5677000000,13513000000,3668000000,9762000000,15000000,0,11814000000,5988000000,9152000000,461000000,461000000,1.18,1.15,0.15,1095000000,-191000000,-404000000,499000000,1187000000,188000000,48.66,54.42,42.89,0.1426,0.0588,26.88,1.84,16.49,3.75,0.1209,0.6134,0.4191,0.0346,1.7,2.5,1.5477
2015-10-03,365655264,365655264,1,23004000000,5381000000,13298000000,3535000000,9691000000,15000000,0,11835000000,6010000000,10506000000,258000000,258000000,0.64,0.63,0.1,898000000,156000000,-832000000,217000000,688000000,218000000,41.91,44.78,39.05,0.129,0.0521,26.5,1.62,15.76,3.6,0.122,0.6202,0.4213,0.0295,1.77,1.86,1.5222
2015-06-27,374369945,374369945,1,23443000000,5589000000,13760000000,4028000000,9667000000,16000000,0,11892000000,6029000000,10071000000,343000000,343000000,0.86,0.83,0.1,864000000,-135000000,-482000000,248000000,471000000,201000000,41.17,45.1,37.24,0.1187,0.0464,25.82,1.65,16.08,3.5,0.1364,0.6237,0.4124,0.0268,1.73,1.77,1.3875
2015-03-28,374014077,374014077,1,23526000000,5668000000,14156000000,4051000000,9355000000,15000000,0,11912000000,6438000000,9979000000,310000000,310000000,0.78,0.75,0.1,-4000000,-202000000,54000000,-158000000,223000000,204000000,39.75,42.41,37.1,0.1193,0.0488,25.01,1.63,16.49,3.4,0.1366,0.6882,0.3976,0.025,1.95,-0.56,1.3992
2014-12-27,374583715,374583715,1,23758000000,5938000000,14621000000,3954000000,9123000000,14000000,0,11946000000,6931000000,10817000000,309000000,309000000,0.77,0.74,0.1,812000000,-89000000,-775000000,-57000000,381000000,231000000,40.2,43.37,37.02,0.118,0.0513,24.36,1.7,16.82,3.3,0.1388,0.7597,0.384,0.0232,2.21,1.55,1.5018
2014-09-27,375667468,375667468,1,23956000000,6221000000,15052000000,3797000000,8890000000,14000000,0,11982000000,7535000000,10105000000,137000000,137000000,0.36,0.34,0.1,635000000,-8350000000,7569000000,-149000000,438000000,195000000,39,41.88,36.12,0.1221,0.0578,23.66,2.05,14.18,3.2,0.1338,0.8476,0.3711,0.023,2.52,1.17,1.6384
2014-06-28,351698308,351698308,1,12055000000,5513000000,5345000000,2612000000,6694000000,16000000,0,2076000000,1784000000,9682000000,260000000,260000000,0.75,0.73,0.075,278000000,-106000000,-21000000,149000000,587000000,144000000,39.57,44.24,34.9,0.1543,0.0824,19.03,2.14,14.66,3.1,0.0964,0.2665,0.5553,0.0272,3.03,0.38,2.1106
2014-03-29,348416118,348416118,1,11886000000,5184000000,5422000000,2505000000,6436000000,28000000,0,2081000000,1888000000,9032000000,213000000,213000000,0.64,0.6,0.075,-96000000,-200000000,-93000000,-387000000,438000000,153000000,38.24,43.45,33.03,0.1555,0.0814,18.47,2.07,16.2,3.02,0.0885,0.2933,0.5415,0.0276,2.94,-0.71,2.0695
2013-12-28,340285912,340285912,1,11844000000,5230000000,5528000000,2606000000,6285000000,31000000,0,2040000000,1890000000,8761000000,254000000,254000000,0.76,0.72,0.075,361000000,-144000000,-540000000,-320000000,825000000,140000000,30.86,34.38,27.33,0.1387,0.0717,18.47,1.71,14.56,2.95,0.0909,0.3007,0.5306,0.0247,2.9,0.65,2.0069
2013-09-28,343817626,343817626,1,12177000000,5604000000,5944000000,3010000000,6201000000,32000000,0,2040000000,1895000000,8822000000,261000000,261000000,0.77,0.7,0.05,542000000,-47000000,-300000000,202000000,1145000000,133000000,28.93,31.83,26.03,0.1269,0.0649,18.04,1.64,14.99,2.87,0.1404,0.3056,0.5092,0.0226,2.87,1.19,1.8618
2013-06-29,352211024,352211024,1,12102000000,5527000000,5855000000,2938000000,6213000000,34000000,0,2046000000,1899000000,8731000000,249000000,249000000,0.72,0.68,0.05,542000000,-263000000,-95000000,181000000,943000000,135000000,24.57,25.88,23.26,0.1154,0.0589,17.64,1.44,16.83,2.82,0.1516,0.3056,0.5134,0.0207,2.85,1.16,1.8812
2013-03-30,354842208,354842208,1,11789000000,5299000000,5675000000,2732000000,6076000000,38000000,0,2007000000,1904000000,8419000000,95000000,95000000,0.27,0.26,0.05,40000000,-181000000,-47000000,-189000000,762000000,133000000,22.11,24.82,19.4,0.0882,0.045,17.12,1.3,13.48,2.77,0.1953,0.3134,0.5154,0.0158,2.85,-0.26,1.9396
2012-12-29,354534541,354534541,1,11874000000,5387000000,5816000000,2846000000,6034000000,24000000,0,2017000000,1907000000,8402000000,173000000,173000000,0.5,0.48,0.16,190000000,-152000000,-158000000,-120000000,951000000,157000000,17.91,19.79,16.02,0.1007,0.0517,17.02,1.07,11.34,2.72,0.167,0.316,0.5082,0.018,2.88,0.09,1.8928
2012-09-29,358767140,358767140,1,11896000000,5403000000,5854000000,2830000000,6012000000,30000000,0,2020000000,1917000000,8373000000,185000000,185000000,0.53,0.51,0.04,468000000,-140000000,-87000000,243000000,1071000000,160000000,16.36,18.56,14.17,0.0989,0.051,16.76,1.01,12.3,2.56,0.0998,0.3189,0.5054,0.0175,2.91,0.86,1.9092
2012-06-30,361939568,361939568,1,11461000000,5005000000,5556000000,2221000000,5871000000,34000000,0,2027000000,2345000000,8308000000,76000000,76000000,0.21,0.21,0.04,265000000,-181000000,29000000,105000000,828000000,186000000,18.62,19.58,17.66,0.0853,0.0441,16.22,1.15,11.42,2.52,0.1185,0.3994,0.5123,0.0149,2.97,0.22,2.2535
2012-03-31,365535346,365535346,1,11170000000,4750000000,5235000000,2170000000,5906000000,29000000,0,2035000000,2136000000,8268000000,166000000,166000000,0.47,0.44,0.04,116000000,-163000000,-90000000,-134000000,723000000,162000000,19.45,20.37,18.52,0.1065,0.0547,16.16,1.24,12.08,2.48,0.0962,0.3617,0.5287,0.0185,2.96,-0.13,2.1889
2011-12-31,368970539,368970539,1,11227000000,4858000000,5418000000,2374000000,5781000000,28000000,0,2036000000,2131000000,8329000000,156000000,156000000,0.43,0.42,0.04,338000000,-176000000,-23000000,141000000,857000000,182000000,18.8,20.91,16.68,0.1065,0.054,15.67,1.23,9.54,2.44,0.0983,0.3686,0.5149,0.0184,2.93,0.42,2.0463
2011-10-01,369790007,369790007,1,11071000000,4780000000,5386000000,2374000000,5657000000,28000000,0,2041000000,2112000000,8404000000,97000000,97000000,0.26,0.26,0.04,360000000,-173000000,-441000000,-265000000,716000000,174000000,17.46,19.24,15.68,0.1333,0.0667,15.3,1.14,7.66,2.4,0.0801,0.3733,0.511,0.0232,2.87,0.5,2.0135
2011-07-02,375268664,375268664,1,11488000000,5172000000,5705000000,2761000000,5752000000,31000000,0,2053000000,2094000000,8247000000,196000000,196000000,0.53,0.51,0.04,432000000,-97000000,-146000000,187000000,981000000,150000000,18.52,19.92,17.12,0.1581,0.0779,15.33,1.24,7.65,2.36,0.0694,0.364,0.5007,0.0278,2.8,0.75,1.8732
2011-04-02,379512232,379512232,1,11226000000,4937000000,5538000000,2479000000,5649000000,39000000,0,2056000000,2105000000,8000000000,159000000,159000000,0.43,0.42,0.04,-117000000,-160000000,-58000000,-328000000,794000000,161000000,18.04,19.82,16.25,0.1741,0.0845,14.88,1.25,7.45,2.32,0.0656,0.3726,0.5032,0.0302,2.8,-0.73,1.9915
2011-01-01,377501649,377501649,1,11190000000,4953000000,5706000000,2645000000,5445000000,39000000,0,2057000000,2124000000,7615000000,298000000,298000000,0.81,0.78,0.04,371000000,-214000000,-13000000,144000000,1122000000,158000000,16.29,17.74,14.84,0.1815,0.0858,14.42,1.19,7.91,2.28,0.0657,0.3901,0.4866,0.0312,2.75,0.56,1.8726
2010-10-02,377230494,377230494,1,10752000000,4618000000,5551000000,2545000000,5166000000,35000000,0,2059000000,2135000000,7441000000,217000000,217000000,0.58,0.57,0.04,324000000,-136000000,-44000000,144000000,978000000,146000000,16.64,18.06,15.22,0.1609,0.0734,13.69,1.28,69.33,2.24,0.0773,0.4133,0.4805,0.0274,2.68,0.47,1.8145
2010-07-03,377452424,377452424,1,10467000000,4364000000,5511000000,2162000000,4924000000,32000000,0,2084000000,2489000000,7438000000,248000000,248000000,0.68,0.65,0.04,609000000,-137000000,-456000000,22000000,834000000,140000000,18.32,20.4,16.25,0.0233,0.0102,13.05,1.46,None,2.2,0.5584,0.5055,0.4704,0.0038,2.67,1.24,2.0185
2010-04-03,376968440,376968440,1,10411000000,4229000000,5623000000,1917000000,4723000000,65000000,0,2094000000,2889000000,6916000000,156000000,156000000,0.43,0.42,0.04,-49000000,-131000000,-362000000,-552000000,812000000,151000000,15.87,19.5,12.24,-0.0013,-0.0006,12.53,1.31,None,2.16,None,0.6117,0.4537,None,2.57,-0.53,2.2061
2010-01-02,376593520,376593520,1,10851000000,4626000000,6212000000,2195000000,4573000000,66000000,0,2099000000,3189000000,6635000000,159000000,159000000,0.44,0.42,0.04,548000000,-96000000,-97000000,360000000,1364000000,113000000,12.61,13.19,12.02,-0.0579,-0.0246,12.14,1.09,None,2.12,None,0.6974,0.4214,None,2.48,1.16,2.1075
2009-10-03,376668272,376668272,1,10595000000,4375000000,6145000000,1993000000,4352000000,98000000,0,2104000000,3333000000,7214000000,-455000000,-455000000,-1.25,-1.25,0.04,341000000,-129000000,-44000000,159000000,1004000000,119000000,12.09,13.23,10.95,-0.1155,-0.0501,11.55,0.95,None,2.08,None,0.7659,0.4108,None,2.49,0.59,2.1952
2009-06-27,376936152,376936152,1,10887000000,4311000000,6072000000,1903000000,4815000000,0,0,2610000000,3336000000,6662000000,134000000,134000000,0.37,0.35,0.04,277000000,-61000000,-192000000,28000000,845000000,87000000,11.61,13.88,9.33,-0.0071,-0.0032,12.77,0.95,None,2.04,None,0.6928,0.4423,None,2.42,0.5,2.2654
2009-03-28,377581765,377581765,1,10937000000,4360000000,6304000000,2010000000,4633000000,0,0,2618000000,3477000000,6307000000,-104000000,-104000000,-0.29,-0.28,0.04,264000000,-36000000,417000000,651000000,817000000,74000000,8.76,9.93,7.59,-0.0331,-0.0148,12.27,0.69,None,2,None,0.7505,0.4236,None,2.45,0.5,2.1692
2008-12-27,377897339,377897339,1,10484000000,3897000000,5690000000,1858000000,4794000000,0,0,2672000000,2997000000,6521000000,-112000000,-112000000,-0.3,-0.3,0.04,143000000,-201000000,-31000000,-84000000,166000000,79000000,8.63,12.87,4.4,-0.0124,-0.0057,12.69,0.65,35.96,1.96,None,0.6252,0.4573,None,2.51,0.17,2.0974
2008-09-27,377630190,377630190,1,10850000000,4361000000,5836000000,2103000000,5014000000,0,0,2639000000,2888000000,6635000000,48000000,48000000,0.14,0.13,0.04,253000000,-84000000,35000000,195000000,250000000,92000000,14.61,17.07,12.14,0.0178,0.0082,13.28,1.09,73.05,1.92,0.6713,0.576,0.4621,0.0032,2.55,0.43,2.0737
2008-06-28,355050287,355050287,1,10648000000,4135000000,5873000000,2330000000,4775000000,0,0,2623000000,2725000000,6849000000,9000000,9000000,0.03,0.03,0.04,-109000000,-125000000,232000000,2000000,55000000,116000000,16.56,19.44,13.68,0.0147,0.0067,13.45,1.24,34.5,1.88,0.8122,0.5707,0.4484,0.0026,2.61,-0.63,1.7747
2008-03-29,355095941,355095941,1,10367000000,3779000000,5613000000,2109000000,4754000000,0,0,2612000000,2689000000,6612000000,-5000000,-5000000,-0.02,-0.02,0.04,-42000000,-118000000,157000000,-2000000,53000000,101000000,15.11,16.95,13.26,0.0364,0.0167,13.39,1.13,21.9,1.84,0.3311,0.5656,0.4586,0.0063,2.65,-0.4,1.7918
2007-12-29,355555336,355555336,1,10250000000,3641000000,5498000000,2127000000,4752000000,0,0,2612000000,2574000000,6766000000,34000000,34000000,0.1,0.1,0.04,186000000,-72000000,-103000000,13000000,55000000,90000000,16.32,18.53,14.11,0.0523,0.0239,13.37,1.23,21.76,1.8,0.2326,0.5417,0.4636,0.009,2.65,0.27,1.7118
2007-09-29,355624782,355624782,1,10227000000,3596000000,5496000000,2115000000,4731000000,0,0,2611000000,2642000000,6883000000,32000000,32000000,0.1,0.09,0.04,373000000,-102000000,-282000000,-6000000,42000000,102000000,20.88,23.91,17.85,0.0579,0.0262,13.3,1.59,42.61,1.76,0.2126,0.5584,0.4626,0.01,2.63,0.76,1.7002
2007-06-30,357244264,357244264,1,10316000000,3652000000,5633000000,1949000000,4683000000,0,0,2640000000,2827000000,6958000000,111000000,111000000,0.32,0.31,0.04,-38000000,-9000000,60000000,14000000,48000000,13000000,21.85,24.08,19.62,0.0395,0.0172,13.11,1.7,728.33,1.72,0.3163,0.6037,0.454,0.0068,2.53,-0.14,1.8738
2007-03-31,356056171,356056171,1,10194000000,3438000000,5617000000,1992000000,4577000000,0,0,2639000000,2755000000,6501000000,68000000,68000000,0.2,0.19,0.04,18000000,-50000000,18000000,-11000000,34000000,51000000,17.57,19.41,15.73,0.0038,0.0016,12.85,1.38,None,1.68,3.3436,0.6019,0.449,0.0007,2.42,-0.09,1.7259
2006-12-30,355303430,355303430,1,10197000000,3365000000,5686000000,2018000000,4511000000,0,0,2647000000,2777000000,6558000000,57000000,57000000,0.17,0.16,0.04,325000000,740000000,-1048000000,17000000,45000000,43000000,15.6,17,14.2,-0.0395,-0.0162,12.7,1.25,None,1.64,None,0.6156,0.4424,None,2.34,0.79,1.6675
2006-09-30,354794750,354794750,1,11121000000,4187000000,6681000000,2846000000,4440000000,0,0,2648000000,2987000000,6471000000,-56000000,-56000000,-0.17,-0.17,0.04,171000000,-40000000,-148000000,-16000000,28000000,61000000,14.88,16.62,13.13,-0.043,-0.0177,12.51,1.17,None,1.6,None,0.6727,0.3992,None,2.31,0.31,1.4712
2006-07-01,354873977,354873977,1,11246000000,4221000000,6736000000,2917000000,4510000000,0,0,2639000000,3063000000,6383000000,-52000000,-52000000,-0.15,-0.15,0.04,-57000000,-61000000,114000000,5000000,44000000,113000000,15.04,17.16,12.92,-0.005,-0.0021,12.71,1.17,39.58,1.56,None,0.6792,0.401,None,2.34,-0.48,1.447
2006-04-01,354824215,354824215,1,11272000000,4171000000,6695000000,2771000000,4577000000,0,0,2642000000,3183000000,6251000000,-127000000,-127000000,-0.38,-0.37,0.04,-10000000,-953000000,982000000,9000000,39000000,168000000,14.91,16.89,12.94,0.0346,0.0149,12.9,1.12,15.53,1.52,0.3546,0.6954,0.4061,0.0062,2.42,-0.5,1.5052
2005-12-31,354881191,354881191,1,10699000000,3620000000,5988000000,3063000000,4711000000,0,0,2643000000,2110000000,6454000000,39000000,39000000,0.12,0.11,0.04,183000000,-170000000,-19000000,-10000000,30000000,189000000,17.49,18.7,16.29,0.0793,0.0346,13.27,1.33,17.67,1.48,0.1561,0.4479,0.4403,0.014,2.48,-0.02,1.1818
2005-10-01,354495432,354495432,1,10504000000,3485000000,5833000000,2157000000,4671000000,0,0,2644000000,2869000000,6495000000,117000000,117000000,0.29,0.28,0.04,78000000,-163000000,85000000,8000000,40000000,176000000,18.37,19.47,17.26,0.0829,0.0358,13.18,1.44,20.41,1.44,0.1522,0.6142,0.4447,0.0143,2.5,-0.28,1.6157
2005-07-02,354010712,354010712,1,10366000000,3359000000,5838000000,2380000000,4528000000,0,0,2673000000,2593000000,6708000000,131000000,131000000,0.39,0.36,0.04,464000000,-150000000,-319000000,-3000000,32000000,163000000,17.52,19.08,15.96,0.0731,0.0309,12.79,1.41,17.7,1.4,0.176,0.5727,0.4368,0.012,2.57,0.85,1.4113
2005-04-02,353598243,353598243,1,10371000000,3382000000,5967000000,2403000000,4404000000,0,0,2700000000,2703000000,6359000000,76000000,76000000,0.23,0.21,0.04,35000000,-157000000,114000000,-6000000,35000000,122000000,17.16,18.07,16.26,0.0812,0.0337,12.45,1.4,15.46,1.36,0.1608,0.6138,0.4246,0.0132,2.55,-0.25,1.4074
2005-01-01,353102408,353102408,1,10344000000,3361000000,6002000000,2440000000,4342000000,0,0,2705000000,2706000000,6452000000,48000000,48000000,0.14,0.14,0.04,422000000,-91000000,-323000000,8000000,41000000,110000000,16.26,18.4,14.12,0.0925,0.0379,12.3,1.33,14.39,1.32,0.1431,0.6232,0.4198,0.0149,2.54,0.88,1.3775
2004-10-02,351522931,351522931,1,10464000000,3532000000,6172000000,2293000000,4292000000,0,0,2707000000,3024000000,7149000000,66000000,66000000,0.23,0.19,0.04,142000000,-169000000,8000000,-18000000,33000000,140000000,18.39,21.06,15.73,0.0965,0.0387,12.21,1.52,13.52,1.28,0.1399,0.7046,0.4102,0.0152,2.54,0.01,1.5403
2004-06-26,352985842,352985842,1,10537000000,3540000000,6281000000,2631000000,4256000000,0,0,2737000000,2785000000,6634000000,161000000,161000000,0.46,0.45,0.04,245000000,-192000000,-72000000,-19000000,51000000,115000000,19.2,20.81,17.58,0.1183,0.0465,12.06,1.63,16.84,1.24,0.1166,0.6544,0.4039,0.0187,2.48,0.37,1.3455
2004-03-27,352232218,352232218,1,10232000000,3276000000,6088000000,2247000000,4144000000,0,0,2739000000,2986000000,6153000000,119000000,119000000,0.34,0.33,0.04,284000000,-120000000,-132000000,30000000,70000000,107000000,15.56,18.13,12.99,0.1009,0.0385,11.76,1.37,15.41,1.2,0.1401,0.7206,0.405,0.0157,2.45,0.5,1.4579
2003-12-27,352579491,352579491,1,10419000000,3380000000,6406000000,2423000000,4013000000,0,0,2741000000,3082000000,6505000000,57000000,57000000,0.17,0.16,0.04,261000000,-119000000,-130000000,15000000,40000000,124000000,13.54,14.49,12.59,0.0914,0.0339,11.38,1.21,14.1,1.16,0.1585,0.768,0.3852,0.0141,2.41,0.39,1.395
2003-09-27,352642078,352642078,1,10486000000,3371000000,6532000000,2475000000,3954000000,0,0,2834000000,3114000000,6572000000,147000000,147000000,0.42,0.42,0.04,401000000,-62000000,-410000000,-75000000,25000000,73000000,12.52,14.42,10.62,0.0887,0.0321,11.21,1.15,16.05,1.12,0.1668,0.7876,0.3771,0.0137,2.34,0.93,1.362
2003-06-28,350440968,350440968,1,10656000000,3465000000,6831000000,2110000000,3825000000,0,0,2818000000,3798000000,6330000000,79000000,79000000,0.23,0.23,0.04,129000000,-165000000,67000000,29000000,100000000,147000000,9.32,10.9,7.75,0.0735,0.0261,10.91,0.87,10.96,1.08,0.2052,0.9929,0.359,0.0115,2.26,-0.05,1.6422
2003-03-29,350763788,350763788,1,10363000000,3226000000,6625000000,1970000000,3738000000,0,0,2820000000,3769000000,5845000000,72000000,72000000,0.21,0.2,0.04,245000000,-52000000,-195000000,-5000000,71000000,82000000,9.56,11.85,7.28,0.0822,0.0288,10.66,0.91,11.52,1.04,0.1865,1.0083,0.3607,0.013,2.23,0.46,1.6376
2002-12-28,351642850,351642850,1,10543000000,3346000000,6866000000,2182000000,3677000000,0,0,2821000000,3797000000,5802000000,39000000,39000000,0.11,0.11,0.04,45000000,-82000000,56000000,25000000,76000000,100000000,11.21,12.77,9.64,0.0815,0.0281,10.46,1.08,10.38,1,0.1913,1.0326,0.3488,0.0127,2.22,-0.16,1.5335
2002-09-28,352815023,352815023,1,10372000000,3144000000,6710000000,2093000000,3662000000,0,0,2823000000,3733000000,5761000000,84000000,84000000,0.23,0.24,0.04,235000000,63000000,-287000000,3000000,51000000,67000000,12.62,15.18,10.06,0.1073,0.0366,10.38,1.23,11.91,0.96,0.1476,1.0194,0.3531,0.0164,2.23,0.48,1.5022
2002-06-29,353156456,353156456,1,10594000000,3230000000,6982000000,2348000000,3612000000,0,0,2633000000,3765000000,5902000000,107000000,107000000,0.31,0.3,0.04,250000000,-194000000,-65000000,-2000000,48000000,126000000,13.88,15.56,12.2,0.0993,0.0329,10.23,1.39,16.33,0.92,0.1627,1.0424,0.3409,0.0151,2.17,0.35,1.3756
2002-03-30,353460438,353460438,1,10474000000,3164000000,6949000000,2320000000,3525000000,0,0,2619000000,3775000000,5839000000,65000000,65000000,0.19,0.18,0.04,182000000,-160000000,-67000000,-42000000,50000000,132000000,12.16,13.05,11.28,0.0829,0.0284,9.97,1.24,19,0.88,0.1972,1.0709,0.3365,0.0137,2.07,0.14,1.3638
2001-12-29,353923465,353923465,1,10443000000,3176000000,6970000000,2213000000,3473000000,0,0,2756000000,3895000000,5865000000,127000000,127000000,0.36,0.36,0.04,507000000,-37000000,-447000000,22000000,92000000,108000000,10.44,12.13,8.75,0.0677,0.0243,9.81,1.09,26.1,0.84,0.2438,1.1215,0.3326,0.0126,1.92,1.13,1.4352
2001-09-29,348974612,348974612,1,10632000000,3290000000,7278000000,2416000000,3354000000,0,0,2756000000,4016000000,5286500000,47600000,47600000,0.22,0.22,0.04,235600000,-1725200000,1486900000,-1300000,70000000,103500000,9.53,10.71,8.35,0.0359,0.0139,9.61,0.98,36.65,0.8,0.4609,1.1974,0.3155,0.0082,1.7,0.38,1.3618
2001-06-30,220662162,220662162,1,4989400000,1620300000,2844900000,784500000,2144500000,0,0,930200000,1614000000,1894000000,19400000,19400000,0.09,0.09,0.04,103800000,-148000000,34800000,-12300000,71200000,50700000,11.29,13.9,8.69,0.027,0.0119,9.72,1.17,32.26,0.76,0.6114,0.7526,0.4298,0.008,1.49,0.24,2.0654
2001-03-31,222116284,222116284,1,4871000000,1603100000,2732300000,869900000,2138700000,0,0,921600000,1447600000,1827500000,-6000000,-6000000,-0.03,-0.03,0.04,48600000,-113800000,118300000,50600000,83500000,59800000,12.25,13.8,10.7,0.0366,0.0163,9.63,1.25,22.69,0.72,0.451,0.6769,0.4391,0.0111,1.47,-0.05,1.8429
2000-12-30,222308764,222308764,1,4799000000,1566000000,2623000000,841000000,2176000000,0,0,929000000,1342000000,1743000000,27000000,27000000,0.12,0.12,0.04,123000000,-31000000,-105000000,-10000000,33000000,47000000,11.9,14.19,9.62,0.0558,0.0249,9.79,1.23,17.76,0.68,0.2967,0.6167,0.4534,0.017,1.46,0.34,1.8621
2000-09-30,224544357,224544357,1,4854000000,1576000000,2679000000,886000000,2175000000,0,0,937000000,1357000000,1781400000,17800000,17800000,0.08,0.08,0.04,148800000,-46500000,-81700000,20400000,43000000,57700000,9.44,10,8.88,0.0699,0.0307,9.69,0.98,12.26,0.64,0.2388,0.6239,0.4481,0.0211,1.45,0.41,1.7788
2000-07-01,225121450,225121450,1,4897800000,1596400000,2728400000,788300000,2169400000,0,0,944400000,1459300000,1807100000,40500000,40500000,0.18,0.18,0.04,139300000,-62800000,-84200000,-8400000,22900000,45700000,9.85,11.13,8.56,0.0812,0.035,9.64,1.03,11.07,0.6,0.2076,0.6727,0.4429,0.0243,1.44,0.42,2.0251
2000-04-01,225458299,225458299,1,4916800000,1598700000,2764300000,800600000,2152500000,0,0,947400000,1525900000,1790800000,35700000,35700000,0.16,0.16,0.04,93600000,-42900000,-78500000,-27700000,31300000,44500000,13.1,17.19,9,0.0949,0.0397,9.55,1.38,12.97,0.56,0.1628,0.7089,0.4378,0.0279,1.43,0.22,1.9969
2000-01-01,226385963,226385963,1,5031300000,1683900000,2889200000,1051300000,2142100000,0,0,954900000,1387400000,1778700000,57000000,57000000,0.25,0.25,0.04,205300000,-53800000,-121600000,28700000,59000000,48100000,16.63,18,15.25,0.1096,0.0445,9.46,1.79,16.63,0.52,0.1284,0.6477,0.4258,0.0316,1.41,0.69,1.6017
1999-10-02,228579140,228579140,1,5082700000,1726900000,2954700000,987000000,2128000000,0,0,962500000,1515200000,1815600000,41300000,41300000,0.18,0.18,0.04,67900000,79700000,-168600000,-24700000,30300000,143500000,19.16,23.31,15,0.1106,0.0438,9.31,2.09,44.56,0.48,0.1148,0.712,0.4187,0.0313,1.4,-0.33,1.7496
1999-07-03,229585229,229585229,1,5360600000,1925800000,3252300000,1201700000,2108300000,0,0,1014300000,1640100000,1881300000,68400000,68400000,0.3,0.3,0.025,188200000,-97700000,-92400000,6900000,55000000,95200000,21.38,23.56,19.19,0.0486,0.0187,9.18,2.38,64.79,0.44,0.2208,0.7779,0.3933,0.013,1.44,0.41,1.6026
1999-04-03,230346749,230346749,1,5332700000,1781300000,3266300000,1128800000,2066400000,0,0,1036400000,1724300000,1841300000,64600000,64600000,0.28,0.28,0.025,69600000,-55600000,-13800000,-5500000,48100000,35900000,20.16,21.75,18.56,0.0381,0.0145,8.97,2.31,134.4,0.42,0.2836,0.8344,0.3875,0.0101,1.44,0.15,1.578
1999-01-02,230702124,230702124,1,5248500000,1736600000,3232300000,955300000,2016200000,0,0,1046400000,1823500000,1824700000,55800000,55800000,0.24,0.24,0.025,221000000,-92300000,-120000000,7100000,53600000,88700000,22.47,25.38,19.56,0.0178,0.0066,8.74,2.63,187.25,0.39,0.6097,0.9044,0.3841,0.0047,1.42,0.57,1.8179
1998-10-03,230942244,230942244,1,5242500000,1765100000,3272100000,831000000,1970400000,0,0,1035800000,1966600000,2068900000,-89700000,-89700000,-0.39,-0.39,0.02,143600000,-103400000,-23300000,16900000,46500000,107300000,20.47,24.44,16.5,0.013,0.0048,8.53,2.29,28.43,0.37,0.8571,0.9981,0.3759,0.0034,1.42,0.16,2.1241
1998-06-27,231153815,231153815,1,5467600000,1872700000,3398400000,884000000,2069200000,0,0,989700000,1993600000,1953600000,46600000,46600000,0.2,0.2,0.025,198300000,76100000,-279300000,-4800000,29600000,64700000,21.54,24.13,18.94,0.0881,0.0324,8.95,2.45,29.51,0.35,0.1302,0.9635,0.3784,0.0232,1.4,0.58,2.1184
1998-03-28,231394924,231394924,1,5794800000,2134900000,3760800000,924200000,2034000000,0,0,1032200000,2249900000,1870800000,23300000,23300000,0.1,0.1,0.025,86300000,-360400000,284400000,10200000,34400000,90500000,19.43,20.81,18.06,0.0929,0.0339,8.79,2.5,22.86,0.32,0.1289,1.1061,0.351,0.0243,1.4,-0.02,2.31
1997-12-27,213220094,213220094,1,4404200000,1565300000,2747500000,748900000,1656700000,0,0,725300000,1491700000,1520800000,44900000,44900000,0.21,0.21,0.025,68200000,-58500000,-9000000,600000,24200000,47900000,20.88,23.88,17.88,0.1145,0.0421,7.77,2.75,24.66,0.29,0.1096,0.9004,0.3762,0.0293,1.43,0.1,2.0901
1997-09-27,213445025,213445025,1,4411000000,1572500000,2789500000,721000000,1621500000,0,0,731100000,1558200000,1662300000,47800000,47800000,0.21,None,0.02,169800000,-78200000,-106000000,-14200000,23600000,55000000,21.28,23.56,19,0.1156,0.0421,7.6,2.82,30.26,0.27,0.1045,0.961,0.3676,0.0292,1.44,0.54,2.181
1997-06-28,215477578,215477578,1,4420100000,1619000000,2794700000,705800000,1625400000,0,0,714200000,1588600000,1591200000,45200000,45200000,0.21,None,0.025,118100000,-88000000,-92600000,-62600000,37800000,80000000,19.66,21.56,17.75,0.0961,0.0343,7.54,2.66,35.11,0.25,0.1277,0.9774,0.3677,0.0239,1.44,0.18,2.2939
1997-03-29,216255779,216255779,1,4461300000,1695300000,2861100000,603700000,1600200000,0,0,720000000,1751100000,1574300000,48200000,48200000,0.22,None,0.025,70500000,-106100000,19100000,-16000000,100400000,74700000,21.75,23.63,19.88,0.078,0.0272,7.4,2.99,53.48,0.22,0.1513,1.0943,0.3587,0.019,1.43,-0.02,2.8082
1996-12-28,144972853,217459279,1.5,4364100000,1644100000,2780700000,571300000,1583400000,0,0,725700000,1699400000,1527900000,44600000,44600000,0.31,None,0.03,182600000,136400000,-238900000,79800000,116400000,-141900000,20.11,22.42,17.79,0.0571,0.0195,7.28,2.84,50.28,0.2,0.1972,1.0733,0.3628,0.0137,1.42,1.49,2.8778
1996-09-28,144952591,217428886,1.5,4544100000,1810300000,3002400000,685800000,1541700000,0,0,731500000,1806400000,1691100000,14600000,14600000,0.1,None,0.03,130400000,-37300000,-74100000,19000000,36600000,34800000,17.2,18.58,15.83,0.057,0.0191,7.09,2.44,28.67,0.18,0.2002,1.1717,0.3393,0.0135,1.42,0.44,2.6397
1996-06-29,144948933,217423399,1.5,4562600000,1689500000,3032500000,755800000,1530100000,0,0,795000000,1791100000,1628200000,14600000,14600000,0.1,None,0.03,65100000,-75000000,-5700000,-15600000,17600000,44500000,16.5,18.42,14.58,0.0871,0.0289,7.04,2.36,20.63,0.16,0.1216,1.1706,0.3354,0.021,1.38,0.09,2.2354
1996-03-30,144945156,217417734,1.5,4623900000,1715100000,3105500000,770300000,1518400000,0,0,796700000,1853400000,1587700000,14400000,14400000,0.1,None,0.03,-61400000,-43300000,111600000,9000000,33200000,44800000,15.79,17.75,13.83,0.118,0.0399,6.98,2.28,16.33,0.14,0.0832,1.2206,0.3284,0.0292,1.37,-0.49,2.2265
1995-12-30,144940780,217411170,1.5,4497600000,1571700000,2989500000,655100000,1508100000,0,0,801300000,1848100000,1546800000,43300000,43300000,0.3,None,0.03,39200000,-66800000,20300000,-8900000,24200000,68800000,16.63,18.08,15.17,0.1464,0.0505,6.94,2.46,16.52,0.12,0.0619,1.2254,0.3353,0.0367,1.38,-0.14,2.3992
1995-09-30,144790057,217185085,1.5,4444300000,1519800000,2976600000,865800000,1467700000,0,0,808100000,1620500000,1479488000,58812000,58812000,0.4,None,0.02,26291000,-395217000,370551000,277000,33100000,71342000,16.67,18.17,15.17,0.1578,0.0554,6.76,2.56,16.56,0.1,0.0527,1.1041,0.3302,0.0398,1.39,-0.21,1.7554
1995-07-01,144719775,217079662,1.5,3895116000,1346780000,2474533000,530484000,1411910000,8673000,0,738234000,1498747000,1362263000,57710000,57710000,0.4,None,0.02,143007000,-144871000,-5746000,-6858000,32843000,80422000,15.54,16.58,14.5,0.163,0.0582,6.5,2.48,211.91,0.09,0.0528,1.0615,0.3625,0.0404,1.44,0.29,2.5388
1995-04-01,144190607,216285910,1.5,3801385000,1333248000,2437744000,534888000,1356085000,7556000,0,732630000,1458603000,1343092000,50443000,50443000,0.35,None,0.02,-23688000,-90132000,100710000,-13110000,39701000,99110000,15.25,16.67,13.83,0.0099,None,6.27,2.5,457.5,0.07,0.8909,1.0756,0.3567,0.0024,1.45,-0.57,2.4926
1994-12-31,144210942,216316413,1.5,3694301000,1246624000,2361878000,501843000,1319187000,13236000,0,738162000,1422757000,1326357000,52235000,52235000,0.36,None,0.02,145690000,-100780000,-14115000,30795000,57815000,76226000,15,16.08,13.92,0.0043,None,6.1,2.53,None,0.06,2.0415,1.0785,0.3571,0.0011,1.44,0.32,2.4841
1994-10-01,145200440,217800660,1.5,3668000000,1261267000,2361810000,539783000,1289423000,16767000,0,741626000,1381481000,1387880000,58773000,58773000,0.4,None,0.02,93927000,-85193000,-28245000,-19511000,27020000,52575000,15.96,16.67,15.25,None,None,5.92,2.73,None,0.05,None,1.0714,0.3515,None,None,0.19,2.3366
1994-07-02,147682589,221523883,1.5,3600457000,1231838000,2288777000,509526000,1293678000,18002000,0,729557000,1350038000,1307697000,-148401000,-148401000,-1,None,0.02,170214000,-70037000,-86226000,13951000,46531000,71957000,14.21,15.83,12.58,None,None,5.84,2.18,None,0.03,None,1.0436,0.3593,None,None,0.44,2.4176
1994-04-02,147597759,221396638,1.5,3708619000,1208229000,2262001000,585942000,1446618000,0,0,927013000,1223637000,1261903000,43121000,43121000,0.29,None,0.02,-18000,-109927000,124483000,14538000,32580000,55848000,14.59,16.67,12.5,None,None,6.53,2.3,None,0.02,None,0.8459,0.3901,None,None,-0.25,2.062
1994-01-01,147502878,221254317,1.5,3525624000,1086814000,2120360000,509258000,1405264000,0,0,918068000,1165514000,1152790000,44379000,44379000,0.3,None,0.01,-213856000,-45092000,255443000,-3505000,18042000,43226000,15.08,16.08,14.08,None,None,6.35,None,None,0.006667,None,0.8294,0.3986,None,None,-1.16,2.1341
