"Quarter end","Shares","Shares split adjusted","Split factor","Assets","Current Assets","Liabilities","Current Liabilities","Shareholders equity","Non-controlling interest","Preferred equity","Goodwill & intangibles","Long-term debt","Revenue","Earnings","Earnings available for common stockholders","EPS basic","EPS diluted","Dividend per share","Cash from operating activities","Cash from investing activities","Cash from financing activities","Cash change during period","Cash at end of period","Capital expenditures","Price","Price high","Price low","ROE","ROA","Book value of equity per share","P/B ratio","P/E ratio","Cumulative dividends per share","Dividend payout ratio","Long-term debt to equity ratio","Equity to assets ratio","Net margin","Asset turnover","Free cash flow per share","Current ratio"
2018-12-29,1490776763,1490776763,1,99941000000,17537000000,44424000000,17619000000,50316000000,5201000000,0,38036000000,20665000000,15303000000,2788000000,2788000000,1.87,1.86,0.88,2099000000,-1336000000,-411000000,308000000,4463000000,1195000000,110.28,120.2,100.35,0.2304,0.1109,33.75,3.37,13.21,19.67,0.4619,0.4107,0.5035,0.1846,0.6,0.61,0.9953
2018-09-29,1488670964,1488670964,1,98598000000,16825000000,44643000000,17860000000,48773000000,5182000000,0,38081000000,17226000000,14307000000,2322000000,2322000000,1.55,1.54,0.84,3853000000,-193000000,-3862000000,-176000000,4155000000,1201000000,110.7,117.9,103.5,0.2749,0.1282,32.76,3.57,13.96,18.79,0.3981,0.3532,0.4947,0.212,0.6,1.78,0.942
2018-06-30,1487242596,1487242596,1,98792000000,17729000000,47584000000,20214000000,46088000000,5120000000,0,38198000000,23673000000,15228000000,2916000000,2916000000,1.96,1.95,0.84,3679000000,-1338000000,-2099000000,136000000,4331000000,1220000000,103.59,109.49,97.68,0.2735,0.1232,30.99,3.42,13.83,17.95,0.4111,0.5136,0.4665,0.2076,0.59,1.65,0.8771
2018-03-31,1490523320,1490523320,1,97943000000,16808000000,48142000000,19728000000,45151000000,4650000000,0,38312000000,24684000000,14548000000,2937000000,2937000000,1.95,1.95,0.84,4526000000,-2762000000,-2298000000,-500000000,4195000000,1063000000,105.67,113.19,98.15,0.2664,0.1194,30.29,3.67,15.01,17.11,0.4268,0.5467,0.461,0.2016,0.59,2.32,0.852
2017-12-30,1503675479,1503675479,1,97734000000,17274000000,49509000000,19875000000,43289000000,4936000000,0,38360000000,26091000000,15351000000,4423000000,4423000000,2.93,2.91,0.84,2237000000,-1043000000,-584000000,631000000,4695000000,981000000,104.73,112.67,96.8,0.2557,0.1156,28.79,3.83,18.44,16.27,0.4454,0.6027,0.4429,0.1961,0.59,0.84,0.8691
2017-09-30,1510312194,1510312194,1,95789000000,15889000000,49637000000,19595000000,41315000000,4837000000,0,38421000000,19248000000,12779000000,1747000000,1747000000,1.14,1.12,0.78,3512000000,-821000000,-3167000000,-422000000,4064000000,895000000,103.52,110.83,96.2,0.2103,0.0966,27.36,3.76,18.29,15.43,0.5385,0.4659,0.4313,0.1629,0.59,1.73,0.8109
2017-07-01,1543480961,1543480961,1,92752000000,17151000000,46701000000,17094000000,42531000000,3520000000,0,34632000000,22187000000,14238000000,2366000000,2366000000,1.51,1.51,0.78,4133000000,-900000000,-2743000000,536000000,4336000000,805000000,109.63,116.1,103.17,0.2084,0.0978,27.56,3.92,19.1,14.65,0.5317,0.5217,0.4585,0.1622,0.6,2.16,1.0033
2017-04-01,1564879056,1564879056,1,91807000000,16270000000,44540000000,17365000000,43784000000,3483000000,0,34676000000,21653000000,13336000000,2388000000,2388000000,1.51,1.5,0.78,3438000000,-1355000000,-2062000000,64000000,3800000000,883000000,109.46,113.71,105.21,0.2117,0.1008,27.98,4.01,19.76,13.87,0.5116,0.4945,0.4769,0.1663,0.61,1.63,0.9369
2016-12-31,1581248242,1581248242,1,91576000000,16665000000,44399000000,19317000000,43210000000,3967000000,0,34685000000,20490000000,14784000000,2479000000,2479000000,1.56,1.55,0.78,1260000000,-1035000000,-987000000,-874000000,3736000000,1040000000,98.29,106.26,90.32,0.2057,0.0986,27.33,3.61,17.18,13.09,0.5179,0.4742,0.4718,0.1629,0.6,0.14,0.8627
2016-10-01,1591460982,1591460982,1,92033000000,16966000000,44710000000,16842000000,43265000000,4058000000,0,34759000000,16657000000,13142000000,1771000000,1771000000,1.1,1.1,0.71,3827000000,-1532000000,-2900000000,-617000000,4610000000,1082000000,96,100.8,91.19,0.214,0.1034,27.19,3.49,17.24,12.31,0.4878,0.385,0.4701,0.1688,0.61,1.72,1.0074
2016-07-02,1607101183,1607101183,1,90914000000,17617000000,42768000000,18072000000,44193000000,3953000000,0,34797000000,20441000000,14277000000,2597000000,2597000000,1.6,1.59,0.71,3624000000,-1188000000,-2110000000,212000000,5227000000,1135000000,100.38,106.75,94,0.2088,0.1027,27.5,3.69,18.49,11.6,0.4922,0.4625,0.4861,0.1648,0.62,1.55,0.9748
2016-04-02,1622440708,1622440708,1,90264000000,16999000000,42254000000,17073000000,44124000000,3886000000,0,34869000000,21122000000,12969000000,2143000000,2143000000,1.31,1.3,0.71,3400000000,-1240000000,-1513000000,714000000,5015000000,1150000000,94.84,103.43,86.25,0.2035,0.1024,27.2,3.52,17.69,10.89,0.3732,0.4787,0.4888,0.1663,0.62,1.39,0.9957
2016-01-02,1631570150,1631570150,1,90121000000,17768000000,41923000000,18796000000,43958000000,4240000000,0,34922000000,18915000000,15244000000,2880000000,2880000000,1.74,1.73,0.71,2362000000,-1798000000,-468000000,32000000,4301000000,1406000000,111.63,120.65,102.61,0.2006,0.1034,26.94,4.15,22.78,10.18,0.2477,0.4303,0.4878,0.1672,0.62,0.59,0.9453
2015-10-03,1653177887,1653177887,1,88182000000,16758000000,39527000000,16334000000,44525000000,4130000000,0,34998000000,12968000000,13512000000,1609000000,1609000000,0.97,0.95,0.66,3328000000,-1190000000,-2273000000,-206000000,4269000000,1204000000,106.04,122.08,90,0.185,0.0963,26.93,3.85,22,9.47,0.3633,0.2913,0.5049,0.1598,0.6,1.28,1.026
2015-06-27,1687857933,1687857933,1,87367000000,16512000000,36860000000,14826000000,46519000000,3988000000,0,35085000000,15273000000,13101000000,2483000000,2483000000,1.46,1.45,0,2808000000,-1228000000,-896000000,730000000,4475000000,1156000000,109.77,115.28,104.25,0.1821,0.0961,27.56,4.05,23.61,8.81,0.2363,0.3283,0.5325,0.1611,0.6,0.98,1.1137
2015-03-28,1696761250,1696761250,1,85715000000,15646000000,35978000000,13410000000,46038000000,3699000000,0,35157000000,14957000000,12461000000,2108000000,2108000000,1.24,1.23,0,2918000000,-836000000,-3242000000,-1332000000,3745000000,907000000,99.5,108.94,90.06,0.1779,0.0943,27.13,3.83,22.11,8.81,0.2433,0.3249,0.5371,0.1584,0.6,1.19,1.1667
2014-12-27,1699563381,1699563381,1,87035000000,17240000000,39242000000,16804000000,44165000000,3628000000,0,35218000000,16543000000,13391000000,2182000000,2182000000,1.28,1.27,1.15,1855000000,-991000000,897000000,1656000000,5077000000,998000000,86.93,95.31,78.54,0.1747,0.0929,25.99,3.28,20.41,8.81,0.2492,0.3746,0.5074,0.1572,0.59,0.5,1.0259
2014-09-27,1695710842,1695710842,1,84186000000,15176000000,36008000000,13292000000,44958000000,3220000000,0,35315000000,12905000000,12389000000,1499000000,1499000000,0.87,0.87,0,3105000000,-1053000000,-2620000000,-669000000,3421000000,1063000000,88.03,91.2,84.87,0.167,0.0899,26.51,3.32,21.16,7.66,0.2009,0.287,0.534,0.1537,0.59,1.2,1.1417
2014-06-28,1716544546,1716544546,1,83723000000,15205000000,35111000000,13351000000,45520000000,3092000000,0,35192000000,12920000000,12466000000,2245000000,2245000000,1.3,1.28,0,2936000000,-1281000000,-1652000000,12000000,4090000000,889000000,81.09,85.86,76.31,0.1642,0.0895,26.52,3.13,20.85,7.66,0.2037,0.2838,0.5437,0.1541,0.58,1.19,1.1389
2014-03-29,1731844061,1731844061,1,82580000000,15046000000,34940000000,15162000000,44889000000,2751000000,0,34612000000,10909000000,11649000000,1917000000,1917000000,1.1,1.08,0,2527000000,-484000000,-2201000000,-319000000,4078000000,701000000,76.75,83.65,69.85,0.1571,0.0855,25.92,3.03,21.09,7.66,0.2153,0.243,0.5436,0.1486,0.58,1.05,0.9923
2013-12-28,1752059060,1752059060,1,83166000000,15763000000,35870000000,15696000000,44324000000,2972000000,0,34637000000,11714000000,12309000000,1840000000,1840000000,1.04,1.03,0.86,1212000000,-527000000,-237000000,466000000,4397000000,658000000,68.94,74.78,63.1,0.1504,0.0808,25.3,2.67,20.4,7.66,0.2285,0.2643,0.533,0.1433,0.56,0.32,1.0043
2013-09-28,1757279616,1757279616,1,81241000000,14109000000,33091000000,11704000000,45429000000,2721000000,0,34694000000,13050000000,11568000000,1394000000,1394000000,0.78,0.77,0,2735000000,-1014000000,-1778000000,-1000000,3931000000,987000000,64.03,67.65,60.41,0.1426,0.0758,25.85,2.63,19.4,6.8,0.2207,0.2873,0.5592,0.1362,0.56,0.99,1.2055
2013-06-29,1786442476,1786442476,1,80565000000,14205000000,34658000000,11341000000,43536000000,2371000000,0,34772000000,12784000000,11578000000,1847000000,1847000000,1.02,1.01,0,3413000000,-672000000,-2746000000,-20000000,3932000000,690000000,62.02,67.89,56.15,0.1439,0.0754,24.37,2.65,18.79,6.8,0.2262,0.2936,0.5404,0.1353,0.56,1.52,1.2525
2013-03-30,1800941486,1800941486,1,81358000000,15003000000,37214000000,13453000000,42089000000,2055000000,0,34921000000,13381000000,10554000000,1513000000,1513000000,0.84,0.83,0,2160000000,-525000000,-826000000,745000000,3952000000,574000000,53.31,57.82,48.8,0.1466,0.0765,23.37,2.35,17.2,6.8,0.2268,0.3179,0.5173,0.1364,0.56,0.88,1.1152
2012-12-29,1805436313,1805436313,1,80642000000,14322000000,37272000000,14498000000,41016000000,2354000000,0,34965000000,12633000000,11341000000,1382000000,1382000000,0.78,0.77,0.75,1144000000,-2465000000,1136000000,-180000000,3207000000,545000000,49.84,53.15,46.53,0.141,0.0732,22.72,2.22,15.92,6.8,0.2418,0.308,0.5086,0.1307,0.56,0.33,0.9879
2012-09-29,1772122139,1772122139,1,74898000000,13709000000,32940000000,12813000000,39759000000,2199000000,0,30125000000,10981000000,10782000000,1244000000,1244000000,0.7,0.69,0,1535000000,-1289000000,-1305000000,-987000000,3387000000,933000000,50.13,53.4,46.85,0.1466,0.0759,22.44,2.25,16.6,6.05,0.1893,0.2762,0.5308,0.1344,0.57,0.34,1.0699
2012-06-30,1794274732,1794274732,1,75291000000,14754000000,33218000000,11117000000,40006000000,2067000000,0,30113000000,12454000000,11088000000,1831000000,1831000000,1.02,1.01,0,2885000000,-689000000,-1454000000,643000000,4374000000,740000000,44.92,48.95,40.88,0.1447,0.0745,22.3,2.11,16.16,6.05,0.1946,0.3113,0.5314,0.1318,0.57,1.2,1.3272
2012-03-31,1787364734,1787364734,1,75233000000,14537000000,35321000000,12724000000,38049000000,1863000000,0,30255000000,12582000000,9629000000,1143000000,1143000000,0.64,0.63,0,1812000000,-1803000000,-96000000,-35000000,3731000000,1477000000,41.22,44.5,37.94,0.1364,0.0707,21.29,1.98,15.61,6.05,0.208,0.3307,0.5057,0.1246,0.57,0.19,1.1425
2011-12-31,1792360533,1792360533,1,73877000000,15060000000,34454000000,13524000000,37257000000,2166000000,0,29233000000,11226000000,10779000000,1464000000,1464000000,0.81,0.8,0.6,1734000000,-978000000,-130000000,581000000,3766000000,634000000,32.99,37.8,28.19,0.1306,0.0691,20.79,1.59,13.09,6.05,0.2164,0.3013,0.5043,0.1213,0.57,0.61,1.1136
2011-10-01,1796513187,1796513187,1,72124000000,13757000000,32671000000,12088000000,37385000000,2068000000,0,29266000000,11210000000,10425000000,1087000000,1087000000,0.59,0.58,0,2104000000,-1119000000,-1201000000,-334000000,3185000000,998000000,35.01,40.97,29.05,0.1259,0.0675,20.81,1.67,14.77,5.45,0.158,0.2999,0.5183,0.1176,0.57,0.62,1.1381
2011-07-02,1856004398,1856004398,1,71105000000,13643000000,30183000000,12766000000,38946000000,1976000000,0,29230000000,9176000000,10675000000,1476000000,1476000000,0.78,0.77,0,1822000000,-611000000,-825000000,425000000,3519000000,716000000,40.66,44.13,37.19,0.1192,0.0646,20.98,1.99,17.83,5.45,0.1668,0.2356,0.5477,0.1133,0.57,0.6,1.0687
2011-04-02,1890153714,1890153714,1,70588000000,13220000000,30276000000,12803000000,38650000000,1662000000,0,29266000000,8688000000,9077000000,942000000,942000000,0.5,0.49,0,1949000000,-675000000,-1306000000,55000000,3094000000,632000000,40.98,44.34,37.62,0.1161,0.0632,20.45,2.06,18.05,5.45,0.1723,0.2248,0.5475,0.1115,0.57,0.7,1.0326
2011-01-01,1899069040,1899069040,1,70950000000,13994000000,31211000000,12747000000,37797000000,1942000000,0,29314000000,9933000000,10716000000,1302000000,1302000000,0.69,0.68,0.4,1119000000,-881000000,99000000,317000000,3039000000,1213000000,35.54,38,33.08,0.1173,0.0638,19.9,1.79,17.51,5.45,0.1718,0.2628,0.5327,0.1132,0.56,-0.05,1.0978
2010-10-02,1893583594,1893583594,1,69206000000,12225000000,29864000000,11000000000,37519000000,1823000000,0,29181000000,10354000000,9742000000,835000000,835000000,0.44,0.43,0,2206000000,-1060000000,-1375000000,-229000000,2722000000,797000000,33.39,35.41,31.38,0.1063,0.0575,19.81,1.68,16.13,5.05,0.1713,0.276,0.5421,0.1041,0.55,0.74,1.1114
2010-07-03,1912606953,1912606953,1,68305000000,12601000000,28704000000,9489000000,37959000000,1642000000,0,28774000000,10804000000,10002000000,1331000000,1331000000,0.69,0.68,0,1883000000,-485000000,-1522000000,-124000000,2951000000,506000000,34.35,37.98,30.72,0.1107,0.0597,19.85,1.79,18.08,5.05,0.1687,0.2846,0.5557,0.1053,0.57,0.72,1.328
2010-04-03,1958559521,1958559521,1,68760000000,12487000000,29791000000,10052000000,37480000000,1489000000,0,28782000000,11000000000,8580000000,953000000,953000000,0.49,0.48,0,1574000000,-438000000,-1265000000,-129000000,3075000000,500000000,32.16,35.6,28.71,0.1029,0.0553,19.14,1.72,18.38,5.05,0.1862,0.2935,0.5451,0.0991,0.56,0.55,1.2422
2010-01-02,1939515471,1939515471,1,69314000000,12945000000,31356000000,11667000000,36180000000,1778000000,0,29165000000,11189000000,9739000000,844000000,844000000,0.45,0.44,0.35,915000000,-2540000000,1412000000,-213000000,3204000000,307000000,29.88,32.75,27,0.0962,0.0512,18.65,1.65,16.98,5.05,0.2053,0.3093,0.522,0.0911,0.56,0.31,1.1095
2009-10-03,1865010858,1865010858,1,63117000000,11889000000,27692000000,8934000000,33734000000,1691000000,0,23930000000,11495000000,9867000000,895000000,895000000,0.48,0.47,0,1738000000,-645000000,-804000000,289000000,3417000000,626000000,25.37,28.68,22.05,0.0987,0.0522,18.09,1.38,14.92,4.7,0.1965,0.3408,0.5345,0.0915,0.57,0.6,1.3308
2009-06-27,1858556517,1858556517,1,62584000000,11499000000,27186000000,8606000000,34296000000,1102000000,0,24671000000,12552000000,8596000000,954000000,954000000,0.51,0.51,0,1259000000,-397000000,-1103000000,-241000000,3128000000,378000000,21.91,26.29,17.54,0.0957,0.0501,18.45,1.22,11.84,4.7,0.2048,0.366,0.548,0.0888,0.56,0.47,1.3362
2009-03-28,1856751570,1856751570,1,63032000000,11977000000,28733000000,10186000000,33272000000,1027000000,0,24652000000,12541000000,8087000000,613000000,613000000,0.33,0.33,0,1805000000,-476000000,-1755000000,-426000000,3369000000,458000000,19.98,24.83,15.14,0.1069,0.0556,17.92,1.14,9.51,4.7,0.1855,0.3769,0.5279,0.0963,0.58,0.73,1.1758
2008-12-27,1856334612,1856334612,1,64901000000,13472000000,30986000000,12604000000,32655000000,1260000000,0,24796000000,12232000000,9599000000,845000000,845000000,0.46,0.45,0.35,262000000,-578000000,1110000000,794000000,3795000000,291000000,25.78,32.95,18.6,0.1252,0.064,17.59,1.48,11.31,4.7,0.1615,0.3746,0.5032,0.1087,0.59,-0.02,1.0689
2008-09-27,1851027161,1851027161,1,62497000000,11666000000,28830000000,11591000000,32323000000,1344000000,0,24579000000,11110000000,9445000000,760000000,760000000,0.47,0.41,0,1245000000,-781000000,-52000000,412000000,3001000000,637000000,31.7,34.85,28.55,0.1402,0.0711,17.46,1.81,13.15,4.35,0.1489,0.3437,0.5172,0.117,0.61,0.33,1.0065
2008-06-28,1876424814,1876424814,1,61582000000,11243000000,27567000000,10039000000,32779000000,1236000000,0,24595000000,11522000000,9236000000,1284000000,1284000000,0.66,0.66,0,936000000,-574000000,-1633000000,-1271000000,2589000000,353000000,32.3,35.02,29.57,0.1458,0.0734,17.47,2,13.92,4.35,0.145,0.3515,0.5323,0.1226,0.6,0.31,1.1199
2008-03-29,1905181794,1905181794,1,62291000000,12396000000,30357000000,11256000000,30788000000,1146000000,0,24567000000,12929000000,8710000000,1133000000,1133000000,0.58,0.58,0,2603000000,-483000000,-1674000000,446000000,3860000000,347000000,29.77,33.23,26.3,0.1438,0.0723,16.16,1.85,13.66,4.35,0.1485,0.4199,0.4943,0.1204,0.6,1.18,1.1013
2007-12-29,1883005437,1883005437,1,62772000000,13268000000,31065000000,12383000000,30380000000,1327000000,0,24550000000,12785000000,10452000000,1250000000,1250000000,0.63,0.63,0.35,662000000,-324000000,-594000000,-256000000,3414000000,249000000,33.19,35.69,30.68,0.1362,0.0697,16.13,2.05,14.18,4.35,0.3006,0.4208,0.484,0.1169,0.6,0.22,1.0715
2007-09-29,1903484711,1903484711,1,60928000000,11314000000,28880000000,11391000000,30753000000,1295000000,0,24579000000,11892000000,8667000000,877000000,877000000,0.36,0.54,0,1567000000,-1023000000,-338000000,206000000,3670000000,667000000,33.31,35.38,31.25,0.1481,0.0777,16.16,2.05,15.42,4,0.1311,0.3867,0.5047,0.132,0.59,0.47,0.9932
2007-06-30,1940923599,1940923599,1,59667000000,10818000000,26908000000,9545000000,31557000000,1202000000,0,24453000000,11728000000,9045000000,1178000000,1178000000,0.59,0.57,0,1094000000,-548000000,736000000,1282000000,3464000000,485000000,34.65,36.3,33,0.1439,0.0764,16.26,2.16,16.34,4,0.1338,0.3716,0.5289,0.1289,0.59,0.31,1.1334
2007-03-31,1981629357,1981629357,1,59605000000,9514000000,26734000000,10277000000,31743000000,1128000000,0,25617000000,10290000000,8073000000,931000000,931000000,0.46,0.44,0.31,2244000000,-286000000,-2213000000,-255000000,2182000000,168000000,33.91,35.61,32.22,0.1412,0.0757,16.02,2.14,16.54,4,0.1353,0.3242,0.5326,0.1289,0.59,1.05,0.9258
2006-12-30,2048426633,2048426633,1,60993000000,11115000000,27127000000,10587000000,32508000000,1358000000,0,25445000000,10629000000,9725000000,1701000000,1701000000,0.83,0.79,0,516000000,1236000000,-1726000000,26000000,2437000000,245000000,32.22,34.43,30,0.1414,0.0742,15.87,2.09,19.77,3.69,0.1365,0.327,0.533,0.1235,0.6,0.13,1.0499
2006-09-30,2068457209,2068457209,1,59998000000,9562000000,26835000000,10210000000,31820000000,1343000000,0,25412000000,10843000000,8784000000,782000000,782000000,0.37,0.36,0,2409000000,-583000000,-1368000000,458000000,2411000000,529000000,29.8,31.46,28.15,0.1167,0.0595,15.38,1.91,21.44,3.69,0.1756,0.3408,0.5304,0.0984,0.61,0.91,0.9365
2006-07-01,2090144024,2090144024,1,59357000000,9165000000,25567000000,9351000000,32534000000,1256000000,0,25470000000,9974000000,8620000000,1125000000,1125000000,0.54,0.53,0,1468000000,739000000,-2285000000,-78000000,1953000000,308000000,28.89,31.03,26.75,0.1037,0.0519,15.57,2.44,22.75,3.69,0.2077,0.3066,0.5481,0.0858,0.6,0.55,0.9801
2006-04-01,2194828823,2194828823,1,53624000000,9663000000,26500000000,9467000000,25950000000,1174000000,0,19697000000,10519000000,8027000000,733000000,733000000,0.38,0.37,0.27,1602000000,-274000000,-1116000000,212000000,2031000000,259000000,26.31,28.85,23.77,0.0987,0.0481,11.82,2,21.39,3.69,0.2298,0.4054,0.4839,0.0798,0.6,0.61,1.0207
2005-12-31,1925836367,1925836367,1,53667000000,9810000000,27028000000,10236000000,25351000000,1288000000,0,19685000000,10449000000,8854000000,734000000,734000000,0.38,0.37,0,579000000,-109000000,-374000000,96000000,1819000000,203000000,24.54,26.19,22.89,0.0964,0.0472,13.16,1.8,20.28,3.42,0.1926,0.4122,0.4724,0.0792,0.6,0.2,0.9584
2005-10-01,1923609276,1923609276,1,53158000000,8845000000,25700000000,9168000000,26210000000,1248000000,0,19705000000,10157000000,7734000000,261000000,261000000,0.14,0.12,0,1318000000,-622000000,-1007000000,-311000000,1723000000,636000000,24.7,26.5,22.9,0.0951,0.0466,13.63,1.84,18.57,3.42,0.1934,0.3875,0.4931,0.0793,0.59,0.35,0.9648
2005-07-02,2010139928,2010139928,1,53892000000,9508000000,25685000000,8036000000,27054000000,1153000000,0,19768000000,10925000000,7715000000,851000000,851000000,0.42,0.41,0,1802000000,-380000000,-1329000000,93000000,2034000000,414000000,26.98,29,24.96,0.1048,0.0511,13.46,2.04,22.3,3.42,0.1757,0.4038,0.502,0.0878,0.58,0.69,1.1832
2005-04-02,2041306688,2041306688,1,55047000000,10182000000,27003000000,8596000000,26963000000,1081000000,0,19773000000,11664000000,7829000000,698000000,698000000,0.34,0.33,0.24,993000000,-450000000,-768000000,-225000000,1941000000,426000000,28.52,29.99,27.05,0.0969,0.0464,13.21,2.22,25.02,3.42,0.1928,0.4326,0.4898,0.0806,0.58,0.28,1.1845
2005-01-01,2047378229,2047378229,1,55449000000,10378000000,28204000000,11264000000,26336000000,909000000,0,19771000000,10309000000,8666000000,723000000,723000000,0.35,0.35,0,156000000,-239000000,207000000,124000000,2166000000,347000000,25.27,28.03,22.51,0.0927,0.0435,12.86,1.98,22.56,3.18,0.1811,0.3914,0.475,0.0771,0.56,-0.09,0.9213
2004-09-30,2043283262,2043283262,1,53902000000,9369000000,27023000000,11059000000,26081000000,798000000,0,19781000000,9395000000,7543000000,516000000,516000000,0.25,0.24,0,967000000,-621000000,-1327000000,-981000000,2042000000,533000000,23.19,25.5,20.88,0.0935,0.0436,12.76,1.87,21.67,3.18,0.1838,0.3602,0.4839,0.0763,0.57,0.21,0.8472
2004-06-30,2054584875,2054584875,1,54561000000,10167000000,28403000000,12158000000,25491000000,667000000,0,19768000000,9352000000,7471000000,604000000,604000000,0.29,0.29,0,899000000,-434000000,-590000000,-125000000,3023000000,426000000,24.02,26.65,21.39,0.0902,0.0419,12.41,1.99,24.76,3.18,0.1949,0.3669,0.4672,0.073,0.57,0.23,0.8362
2004-03-31,2052188813,2052188813,1,55096000000,10748000000,29603000000,12776000000,24760000000,733000000,0,19741000000,9961000000,7189000000,537000000,537000000,0.26,0.26,0.21,2506000000,-266000000,-828000000,1412000000,3148000000,260000000,25.66,28.41,22.9,0.0832,0.0389,12.07,2.19,31.29,3.18,0.2147,0.4023,0.4494,0.0692,0.56,1.09,0.8413
2003-12-31,2047595989,2047595989,1,51520000000,10076000000,27042000000,9555000000,24034000000,444000000,0,19744000000,10827000000,8549000000,688000000,688000000,0.34,0.33,0,-2000000,-163000000,44000000,-121000000,1462000000,208000000,22.06,23.76,20.36,0.0713,0.0336,11.74,1.9,35.58,2.97,0,0.4505,0.4665,0.0604,0.56,-0.1,1.0545
2003-09-30,2045364299,2045364299,1,49988000000,8314000000,25769000000,8669000000,23791000000,428000000,0,19752000000,10643000000,7088000000,382000000,382000000,0.18,0.19,0,1326000000,-326000000,-787000000,213000000,1583000000,337000000,21.6,23.8,19.4,0.0536,0.0251,11.63,1.84,42.35,2.97,0.3385,0.4474,0.4759,0.0468,0.54,0.48,0.959
2003-06-30,2044146743,2044146743,1,50006000000,7968000000,25686000000,7513000000,23932000000,388000000,0,19759000000,12056000000,6175000000,400000000,400000000,0.2,0.19,0,646000000,-238000000,-790000000,-382000000,1370000000,264000000,19.23,21.55,16.92,0.045,0.021,11.71,1.67,38.46,2.97,0.4046,0.5038,0.4786,0.0399,0.53,0.19,1.0606
2003-03-31,2043210611,2043210611,1,50756000000,8665000000,26755000000,7904000000,23510000000,491000000,0,19745000000,12932000000,6332000000,229000000,229000000,0.11,0.11,0,1343000000,-283000000,-688000000,372000000,1752000000,255000000,16.79,18.74,14.84,0.0438,0.0203,11.51,1.47,32.29,2.97,0.4188,0.5501,0.4632,0.0391,0.52,0.53,1.0963
2002-12-31,2042369354,2042369354,1,50876000000,8734000000,27132000000,8331000000,23285000000,459000000,0,19742000000,13079000000,7466000000,256000000,256000000,0.13,0.13,0.21,-414000000,-187000000,742000000,141000000,1380000000,193000000,17.07,20.24,13.9,0.0453,0.0209,11.4,1.49,28.45,2.97,0.4069,0.5617,0.4577,0.0409,0.51,-0.3,1.0484
2002-09-30,2042158130,2042158130,1,50045000000,7849000000,26166000000,7819000000,23445000000,434000000,0,19859000000,12467000000,6582000000,175000000,175000000,0.09,0.08,0,741000000,-371000000,-1327000000,-957000000,1239000000,346000000,16.78,19.79,13.77,0.0534,0.0246,11.48,1.47,31.07,2.76,0.3467,0.5318,0.4685,0.0488,0.5,0.19,1.0038
2002-06-30,2040923300,2040923300,1,50223000000,8892000000,26493000000,6468000000,23309000000,421000000,0,19780000000,14664000000,5795000000,364000000,364000000,0.18,0.18,0,865000000,-74000000,-464000000,327000000,2196000000,254000000,21.95,25,18.9,0.0528,0.0249,11.42,1.95,39.91,2.76,0.7068,0.6291,0.4641,0.0494,0.5,0.3,1.3748
2002-03-31,2040818802,2040818802,1,50480000000,9540000000,26959000000,6607000000,23027000000,494000000,0,19796000000,14765000000,5904000000,259000000,259000000,0.13,0.13,0,1259000000,-191000000,-44000000,1024000000,1869000000,249000000,22.51,24.51,20.5,0.054,0.026,11.28,2.02,140.69,2.76,0.6909,0.6412,0.4562,0.0501,0.52,0.49,1.4439
2001-12-31,2040818802,2040818802,1,50462000000,9265000000,27240000000,6856000000,22759000000,463000000,0,19849000000,14987000000,7048000000,438000000,438000000,0.21,0.21,0.21,-579000000,-2540000000,3346000000,227000000,845000000,237000000,20.22,22.54,17.9,0.0188,0.0094,11.15,1.82,None,2.76,1.9785,0.6585,0.451,0.0174,0.54,-0.4,1.3514
2001-09-30,2038612034,2038612034,1,43699000000,7029000000,20645000000,6219000000,22672000000,382000000,0,14540000000,8940000000,5812000000,151000000,151000000,0.02,0.02,0.21,896000000,-544000000,-2182000000,-1830000000,618000000,554000000,22.86,28.74,16.98,0.0025,-0.0009,11.12,2.04,326.57,2.55,7.3812,0.3943,0.5188,0.0023,0.56,0.17,1.1302
2001-06-30,2093297793,2093297793,1,45872000000,9464000000,22036000000,5975000000,23474000000,362000000,0,14769000000,10482000000,5975000000,392000000,392000000,0.19,0.19,0,867000000,-266000000,1184000000,1785000000,2448000000,345000000,30.8,34.5,27.1,0.0062,0.001,11.21,2.8,342.22,2.34,2.9904,0.4465,0.5117,0.0057,0.56,0.25,1.5839
2001-03-31,2089955354,2089955354,1,44457000000,8111000000,21047000000,5904000000,22991000000,419000000,0,15172000000,9661000000,6049000000,-548000000,-548000000,-0.26,-0.26,0,818000000,-882000000,-473000000,-537000000,663000000,440000000,30.15,33.38,26.91,0.0082,0.0021,11,2.67,70.12,2.34,2.2505,0.4202,0.5172,0.0076,0.57,0.18,1.3738
2000-12-31,2080295221,2080295221,1,45802000000,8911000000,21948000000,8167000000,23468000000,386000000,0,15791000000,8341000000,7433000000,-36000000,63000000,0.03,0.03,0,467000000,-323000000,214000000,358000000,1200000000,456000000,33.91,41.38,26.44,0.0381,0.0177,11.28,2.93,59.49,2.34,0.4835,0.3554,0.5124,0.0349,0.57,0.01,1.0911
2000-09-30,2079057775,2079057775,1,45027000000,10007000000,20571000000,8402000000,24100000000,356000000,0,16117000000,6959000000,6116000000,239000000,239000000,0.12,0.11,0.21,1561000000,-1226000000,-183000000,152000000,842000000,1334000000,39.13,42.5,35.75,0.0507,0.0263,11.59,3.42,79.86,2.34,0.3651,0.2888,0.5352,0.0471,0.56,0.11,1.191
2000-06-30,2084607043,2084607043,1,44777000000,10234000000,20617000000,7885000000,23826000000,334000000,0,16616000000,7249000000,6051000000,440000000,440000000,0.21,0.21,0,1542000000,-969000000,-743000000,-170000000,690000000,1121000000,41.19,43.63,38.75,0.0457,0.0231,11.43,3.66,89.54,2.13,0.4164,0.3042,0.5321,0.0416,0.56,0.2,1.2979
2000-03-31,2077801977,2077801977,1,45583000000,10944000000,21833000000,8846000000,23356000000,394000000,0,17002000000,7706000000,6303000000,161000000,161000000,0.08,0.08,0,1747000000,-1058000000,-821000000,-132000000,860000000,1157000000,35.81,41.75,29.88,0.044,0.0217,11.24,3.22,73.08,2.13,0.4477,0.3299,0.5124,0.0395,0.55,0.28,1.2372
1999-12-31,2069931335,2069931335,1,46373000000,11752000000,23007000000,8444000000,22995000000,371000000,0,17386000000,9091000000,6932000000,356000000,356000000,0.17,0.17,0,1584000000,-517000000,-489000000,578000000,992000000,1080000000,26.41,29.31,23.5,0.0486,0.0234,11.11,2.6,42.6,2.13,0.4196,0.3953,0.4959,0.0435,0.54,0.24,1.3918
1999-09-30,2065943456,2065943456,1,43679000000,10200000000,22704000000,7707000000,20975000000,0,0,15695000000,9278000000,5781000000,85000000,85000000,0.04,0.03,0.21,1195000000,-1259000000,-373000000,-437000000,414000000,1351000000,27.75,30,25.5,0.0628,0.0299,10.15,2.75,38.01,2.13,0.3337,0.4423,0.4802,0.0556,0.54,-0.08,1.3235
1999-06-30,2062328316,2062328316,1,43244000000,9782000000,22433000000,6663000000,20811000000,0,0,15778000000,10367000000,5522000000,367000000,367000000,0.18,0.18,0,1914000000,-1461000000,-392000000,61000000,851000000,1441000000,32.13,35.44,28.81,0.0739,0.0352,10.09,3.25,42.84,1.92,1.9816,0.4982,0.4812,0.0636,0.55,0.23,1.4681
1999-03-31,2059309922,2059309922,1,43474000000,10326000000,23119000000,7120000000,20355000000,0,0,15800000000,10523000000,5510000000,226000000,226000000,0.11,0.11,0,1355000000,-1125000000,-634000000,-404000000,790000000,1015000000,33.78,38,29.56,0.0778,0.037,9.88,3.37,41.03,1.92,1.9889,0.517,0.4682,0.0664,0.56,0.17,1.4503
1998-12-31,2055792165,2055792165,1,43537000000,10794000000,22933000000,7229000000,20604000000,0,0,15706000000,11077000000,6589000000,622000000,622000000,0.3,0.3,0,1124000000,-1465000000,1408000000,1067000000,1194000000,1347000000,28.53,33.56,23.5,0.0876,0.0418,10.02,2.93,32.06,1.92,1.8678,0.5376,0.4733,0.0739,0.57,-0.11,1.4932
1998-09-30,2050798550,2050798550,1,41378000000,9375000000,21389000000,7525000000,19989000000,0,0,15769000000,9562000000,6147000000,296000000,296000000,0.15,0.14,1.46,-378000000,46000000,-394000000,-726000000,127000000,-68000000,32.16,39.88,24.44,0.0973,0.0461,9.75,3.43,33.97,1.92,1.7822,0.4784,0.4831,0.0805,0.57,-0.15,1.2458
1998-06-30,2048689853,2048689853,1,40036000000,None,20822000000,None,19214000000,0,0,15859000000,11972000000,5248000000,415000000,415000000,0.2,0.2,0.052,1756000000,-1956000000,456000000,256000000,853000000,1960000000,38.7,42.38,35.02,0.106,0.05,9.38,4.25,39.62,0.46,0.1921,0.6231,0.4799,0.0879,0.57,-0.1,None
1998-03-31,681733360,2045200080,3,39317000000,None,20691000000,None,18626000000,0,0,15955000000,11450000000,5242000000,384000000,384000000,0.57,0.55,0.156,1867000000,-1552000000,-605000000,-290000000,597000000,1639000000,34.89,38.3,31.48,0.112,0.0521,9.11,3.89,36.47,0.41,0.1781,0.6147,0.4737,0.0907,0.57,0.11,None
1997-12-31,678946036,2036838108,3,39944000000,None,21684000000,None,18260000000,0,0,16095000000,12003000000,6339000000,755000000,755000000,1.12,1.1,0.1325,1870000000,-2203000000,903000000,570000000,887000000,2118000000,29.46,33,25.92,0.1187,0.0508,8.96,3.31,30.9,0.35,0.1742,0.6573,0.4571,0.0875,0.58,-0.12,None
1997-09-30,677912655,2033737965,3,37776000000,None,19697000000,None,18079000000,0,0,16011000000,11068000000,5520000000,411000000,411000000,0.59,None,0.11,1477000000,-741000000,-947000000,-211000000,317000000,1906000000,26.02,26.98,25.06,0.1299,0.0511,8.89,3.05,28.39,0.31,0.1744,0.6122,0.4786,0.0875,0.58,-0.21,None
1997-06-30,675133968,2025401904,3,38300000000,None,21033000000,None,17267000000,0,0,16983000000,11588000000,5194000000,473000000,473000000,0.69,None,0.1325,1930000000,-2180000000,-362000000,-612000000,528000000,1745000000,25.94,28.17,23.7,0.1292,0.0493,8.53,4.09,29.37,0.27,0.1811,0.6711,0.4508,0.0851,0.58,0.09,None
1997-03-31,675133968,2025401904,3,39137000000,None,26289000000,None,12848000000,0,0,18494000000,16857000000,5481000000,333000000,333000000,0.49,None,0.1325,1672000000,-1470000000,231000000,433000000,1140000000,1474000000,24.25,26.05,22.45,0.1269,None,6.34,3.98,34.32,0.23,0.1798,1.312,0.3283,0.0824,0.58,0.1,None
1996-12-31,675133968,2025401904,3,38677000000,None,26313000000,None,12364000000,0,0,17864000000,16792000000,6278000000,749000000,749000000,1.09,None,0.1325,1985000000,-1510000000,-46000000,429000000,707000000,1851000000,23.08,25.33,20.83,0.0969,None,6.1,2.91,35.33,0.18,0.2137,1.3581,0.3197,0.0692,0.57,0.07,None
1996-09-30,675098522,2025295566,3,37306000000,None,21220000000,None,16086000000,0,0,17978000000,12342000000,5291000000,337000000,337000000,0.48,None,0.11,827000000,-1039000000,133000000,-79000000,278000000,1098000000,19.5,21.21,17.79,None,None,7.94,2.45,None,0.14,0.2235,0.7673,0.4312,None,None,-0.13,None
1996-06-30,680670488,2042011464,3,36578000000,None,20344000000,None,16234000000,0,0,18092000000,11705000000,5087000000,406000000,406000000,0.59,None,0.11,1835000000,-1412000000,-347000000,76000000,357000000,1459000000,20.65,21.88,19.42,None,None,7.95,2.66,None,0.1,None,0.721,0.4438,None,None,0.18,None
1996-03-31,680618048,2041854144,3,36767000000,None,20898000000,None,15869000000,0,0,17697000000,12040000000,4543000000,-25000000,-25000000,-0.04,None,0.11,994000000,-10217000000,8507000000,-716000000,281000000,1852000000,21.54,23.25,19.83,None,None,7.77,4.77,None,0.07,None,0.7587,0.4316,None,None,-0.42,None
1995-12-31,525379279,1576137837,3,15276000000,None,8152000000,None,7124000000,0,0,0,2775000000,3818000000,496000000,496000000,0.93,None,0.09,969000000,-796000000,-253000000,-80000000,997000000,1014000000,19.71,20.96,18.46,None,None,4.52,None,None,0.03,None,0.3895,0.4664,None,None,-0.03,None
