"Quarter end","Shares","Shares split adjusted","Split factor","Assets","Current Assets","Liabilities","Current Liabilities","Shareholders equity","Non-controlling interest","Preferred equity","Goodwill & intangibles","Long-term debt","Revenue","Earnings","Earnings available for common stockholders","EPS basic","EPS diluted","Dividend per share","Cash from operating activities","Cash from investing activities","Cash from financing activities","Cash change during period","Cash at end of period","Capital expenditures","Price","Price high","Price low","ROE","ROA","Book value of equity per share","P/B ratio","P/E ratio","Cumulative dividends per share","Dividend payout ratio","Long-term debt to equity ratio","Equity to assets ratio","Net margin","Asset turnover","Free cash flow per share","Current ratio"
2019-06-30,62439522,62439522,1,10163657000,1533121000,5066387000,822216000,5094853000,2417000,0,2888144000,3170950000,1279468000,189475000,189475000,3.02,3.01,0.48,215867000,-74349000,-125280000,16238000,53595000,77396000,217,232.44,201.57,0.1016,0.0515,81.6,2.73,27.19,27.04,0.2369,0.6224,0.5013,0.1137,0.45,2.22,1.8646
2019-03-31,62594087,62594087,1,10048407000,1370111000,5072911000,757637000,4972474000,3022000,0,2895678000,2801228000,938955000,42853000,42853000,0.68,0.68,0.48,117864000,-127536000,2137000,-7535000,37357000,130056000,185.72,203.81,167.62,0.1021,0.0519,79.44,2.34,24.9,26.56,0.2344,0.5633,0.4949,0.1148,0.45,-0.19,1.8084
2018-12-31,62430548,62430548,1,9551419000,1365816000,4602007000,786750000,4946363000,3049000,0,3401682000,2738069000,1020218000,94119000,94119000,1.51,1.53,0.48,263610000,-109584000,-163095000,-9069000,44892000,193144000,174.94,199.12,150.75,0.0969,0.0499,79.23,2.22,14.74,26.08,0.2457,0.5536,0.5179,0.1107,0.45,1.13,1.736
2018-09-30,62712073,62712073,1,9588171000,1454808000,4645843000,772686000,4939394000,2934000,0,2908410000,2829657000,1219640000,180353000,180353000,2.86,2.85,0.48,203505000,-63291000,-120032000,20182000,53961000,73885000,204.77,229,180.54,0.1574,0.0811,78.76,2.66,17.95,25.6,0.1503,0.5729,0.5152,0.1795,0.45,2.07,1.8828
2018-06-30,63011972,63011972,1,9596752000,1457153000,4741282000,709133000,4843448000,12022000,0,2916191000,2898876000,1202403000,185503000,185503000,2.94,2.92,0.44,133021000,-1681699000,160084000,-1388594000,33779000,92011000,211.07,232.88,189.26,0.1563,0.0825,76.87,2.84,19.65,25.12,0.1529,0.5985,0.5047,0.1783,0.46,0.65,2.0548
2018-03-31,62951453,62951453,1,8948050000,2601930000,4268220000,650979000,4676630000,3200000,0,2659066000,2728102000,802004000,10023000,10023000,0.16,0.16,0.44,105012000,-93632000,-35371000,-23991000,1422373000,96259000,218.97,241.33,196.61,0.1523,0.0825,74.29,2.94,19.46,24.68,0.1606,0.5833,0.5226,0.1736,0.48,0.14,3.9969
2017-12-31,62803002,62803002,1,8992511000,2631160000,4310034000,694216000,4679600000,2877000,0,2733872000,2736919000,970479000,377183000,377183000,5.97,5.94,0.44,239480000,-101648000,1273313000,1411145000,1446364000,185328000,211.36,222.45,200.27,0.1651,0.0907,74.51,3.07,30.77,24.24,0.1515,0.5849,0.5204,0.1799,0.5,0.86,3.7901
2017-09-30,62859551,62859551,1,7566785000,1277989000,3232803000,468503000,4331221000,2761000,0,2664646000,1642502000,1087732000,151546000,151546000,2.4,2.39,0.44,188799000,-98631000,-91671000,-1503000,35219000,92656000,211.05,231,191.09,0.1039,0.0584,68.9,3.16,30.28,23.8,0.2458,0.3792,0.5724,0.1103,0.53,1.53,2.7278
2017-06-30,62839694,62839694,1,7515860000,1244297000,3315329000,534325000,4197771000,2760000,0,2663299000,1641944000,1063524000,142279000,142279000,2.26,2.25,0.42,155553000,-84644000,-89605000,-18696000,36722000,113994000,226.88,244.32,209.43,0.107,0.0599,66.8,3.5,34.27,23.36,0.2391,0.3911,0.5585,0.1119,0.54,0.66,2.3287
2017-03-31,62781593,62781593,1,7393791000,1123242000,3317837000,631558000,4073368000,2586000,0,2667127000,1556246000,843859000,42334000,42334000,0.67,0.67,0.42,74046000,-101556000,32890000,5380000,55418000,102095000,222.88,243.98,201.77,0.1032,0.0577,64.88,3.4,33.57,22.94,0.2481,0.3821,0.5509,0.1091,0.53,-0.45,1.7785
2016-12-31,63067156,63067156,1,7300905000,1086385000,3158315000,546588000,4139978000,2612000,0,2670649000,1519075000,948816000,98861000,98861000,1.56,1.56,0.42,264586000,-100605000,-174627000,-10646000,50038000,164713000,201.74,236.41,167.06,0.1047,0.0587,65.64,3.08,31.77,22.52,0.2443,0.3669,0.567,0.1114,0.53,1.58,1.9876
2016-09-30,63466170,63466170,1,7373201000,1191525000,3214803000,604909000,4155332000,3066000,0,2675655000,1536810000,1103901000,159479000,159479000,2.5,2.49,0.42,210697000,-129069000,-49540000,32088000,60684000,74922000,189.43,206.36,172.49,0.1014,0.0572,65.47,2.99,33.83,22.1,0.2518,0.3698,0.5636,0.1103,0.52,2.14,1.9698
2016-06-30,63437540,63437540,1,7233305000,1121929000,3216805000,601604000,4013452000,3048000,0,2643459000,1541062000,977298000,122052000,122052000,1.91,1.9,0.4,136363000,-115272000,-19737000,1354000,28596000,116331000,175.11,193.87,156.35,0.0904,0.0513,63.27,2.82,35.59,21.68,0.28,0.384,0.5549,0.0996,0.51,0.32,1.8649
2016-03-31,63527166,63527166,1,7058287000,998315000,3112651000,492131000,3942651000,2985000,0,2654710000,1575327000,788734000,44994000,44994000,0.7,0.69,0.4,67008000,-210367000,2192000,-141167000,27242000,94228000,134.25,160.18,108.31,0.0791,0.0453,62.06,2.13,31.22,21.28,0.3186,0.3996,0.5586,0.0901,0.5,-0.43,2.0286
2015-12-31,64331436,64331436,1,6961732000,1082168000,2901555000,367191000,4057284000,2893000,0,2578787000,1566135000,844555000,83184000,83184000,1.27,1.27,0.4,253572000,-112005000,-409587000,-268020000,168409000,224404000,151.21,166.23,136.2,0.0681,0.0394,63.07,2.35,37.99,20.88,0.367,0.386,0.5828,0.0816,0.48,0.45,2.9472
2015-09-30,66140560,66140560,1,7438448000,1641971000,3185868000,575392000,4250882000,1698000,0,2577055000,1557616000,1082249000,117544000,117544000,1.75,1.74,0.4,192510000,335474000,-135724000,392260000,436429000,-337481000,160.1,178.67,141.54,0.0625,0.0362,64.27,2.49,52.84,20.48,0.3974,0.3664,0.5715,0.0759,0.48,8.01,2.8537
2015-06-30,67001255,67001255,1,7499654000,1765249000,3189221000,363834000,4308773000,1660000,0,2580826000,1642035000,921419000,81938000,81938000,1.23,1.22,0.4,91944000,-71532000,-32609000,-12197000,44169000,71905000,145.04,155.98,134.1,0.0474,0.0277,64.31,2.25,47.09,20.08,0.5228,0.3811,0.5745,0.0592,0.47,0.3,4.8518
2015-03-31,67481231,67481231,1,7417646000,1281729000,3075463000,343555000,4340566000,1617000,0,2663425000,1566617000,691347000,6126000,6126000,0.07,0.07,0.4,35125000,-63391000,-24019000,-52285000,56366000,56085000,125.18,146.21,104.15,0.0501,0.0287,64.32,1.93,49.28,19.68,0.5866,0.3609,0.5852,0.0569,0.5,-0.31,3.7308
2014-12-31,67201902,67201902,1,7464392000,1288816000,3111644000,396648000,4351166000,1582000,0,2664004000,1589513000,856374000,63955000,63955000,0.95,0.95,0.4,180030000,-84476000,-60500000,35054000,108651000,127748000,117.4,131.71,103.09,0.0528,0.0291,64.75,1.81,49.54,19.28,0.6369,0.3653,0.5829,0.0526,0.55,0.78,3.2493
2014-09-30,67270055,67270055,1,7338858000,1212798000,2963245000,436998000,4373220000,2393000,0,2642542000,1603944000,1003723000,53743000,53743000,0.8,0.79,0.4,131265000,117322000,-209319000,39268000,73597000,53833000,129.14,134.64,123.64,0.0568,0.0297,65.01,5.52,41.39,18.88,0.7102,0.3668,0.5959,0.0483,0.61,1.15,2.7753
2014-06-30,66918724,66918724,1,3356043000,876701000,1789044000,244725000,1564699000,2300000,0,663517000,1072397000,669225000,59521000,59521000,1.28,1.27,0.4,63751000,-46609000,-18614000,-1472000,34329000,47824000,125.93,136.36,115.49,0.096,0.0441,23.38,3.87,45.96,18.48,0.5644,0.6854,0.4662,0.0632,0.7,0.24,3.5824
2014-03-31,46358357,46358357,1,3255257000,758214000,1710964000,193758000,1508785000,35508000,0,664364000,1055541000,428629000,-21618000,-21618000,-0.47,-0.47,0.4,6612000,-35562000,22314000,-6636000,35801000,36913000,113.79,128.95,98.63,0.0863,0.039,32.55,3.42,43.77,18.08,0.5801,0.6996,0.4635,0.058,0.67,-0.65,3.9132
2013-12-31,46158811,46158811,1,3259826000,755366000,1684907000,210549000,1537877000,37042000,0,665212000,1027743000,542549000,36032000,36032000,0.78,0.78,0.4,143306000,-47581000,-110529000,-14804000,42437000,68730000,100.25,106.48,94.01,0.0841,0.0374,33.32,3.18,43.78,17.68,0.6089,0.6683,0.4718,0.0563,0.66,1.62,3.5876
2013-09-30,46248559,46248559,1,3337105000,845669000,1838222000,226432000,1460149000,38734000,0,665669000,1107192000,665320000,71836000,71836000,1.55,1.54,0.4,117173000,-115594000,11950000,13529000,57241000,52340000,100.62,106.98,94.25,0.0757,0.0332,31.57,3.32,47.69,17.28,0.6905,0.7583,0.4375,0.0505,0.66,1.4,3.7348
2013-06-30,46240582,46240582,1,3231119000,806485000,1790452000,192533000,1402138000,38529000,0,664971000,1087150000,562682000,41308000,41308000,0.89,0.89,0.4,29897000,-28445000,5000000,6452000,43712000,28122000,103.34,113.65,93.03,0.0698,0.0306,30.32,3.47,51.16,16.88,0.752,0.7754,0.4339,0.0479,0.64,0.04,4.1888
2013-03-31,46061373,46061373,1,3154775000,715733000,1744718000,168690000,1371791000,38266000,0,665898000,1072850000,385000000,-27839000,-27839000,-0.61,-0.61,0.4,18575000,-22929000,16220000,11866000,37260000,21880000,100.28,106.57,93.99,0.0668,0.0292,29.78,3.26,55.1,16.48,0.787,0.7821,0.4348,0.046,0.63,-0.07,4.2429
2012-12-31,45882559,45882559,1,3160926000,700401000,1710627000,173335000,1410545000,39754000,0,666637000,1042183000,504070000,21533000,21533000,0.48,0.47,0.4,100645000,-45008000,-65664000,-10027000,25394000,45082000,88.18,95.93,80.42,0.0606,0.0264,30.74,2.83,52.8,16.08,0.8684,0.7389,0.4462,0.0415,0.64,1.21,4.0407
2012-09-30,45909373,45909373,1,3243204000,785107000,1773183000,217109000,1430405000,39616000,0,667316000,1092117000,593901000,62922000,62922000,1.36,1.36,0.4,94375000,-35811000,-64536000,-5972000,35421000,39690000,82.82,93.71,71.93,0.0558,0.0243,31.16,2.76,60.01,15.68,0.9418,0.7635,0.441,0.0417,0.58,1.19,3.6162
2012-06-30,45844636,45844636,1,3226533000,760331000,1809729000,199066000,1377939000,38865000,0,671087000,1137076000,545717000,36751000,36751000,0.8,0.8,0.4,31988000,-27003000,-8542000,-3557000,41393000,28733000,74.87,86.09,63.64,0.0458,0.0201,30.06,2.52,55.05,15.28,1.143,0.8252,0.4271,0.0355,0.57,0.07,3.8195
2012-03-31,45748026,45748026,1,3182117000,701944000,1783835000,185371000,1359677000,38605000,0,669953000,1127178000,393979000,-36732000,-36732000,-0.81,-0.81,0.4,-4319000,-35388000,58635000,18928000,44950000,37518000,82.31,90.57,74.05,0.0448,0.02,29.72,2.66,46.24,14.88,1.1592,0.829,0.4273,0.036,0.55,-0.91,3.7867
2011-12-31,45624785,45624785,1,3147822000,657850000,1698958000,173712000,1409321000,39543000,0,670804000,1052902000,329603000,14838000,14838000,0.33,0.32,0.4,79224000,-101654000,-8388000,-30818000,26022000,61845000,70.08,80.24,59.93,0.0582,0.026,30.89,2.21,39.37,14.48,0.8866,0.7471,0.4477,0.0481,0.54,0.38,3.787
2011-09-30,45696740,45696740,1,3158558000,767416000,1673007000,197746000,1446220000,39331000,0,657250000,1038335000,534756000,49156000,49156000,1.07,1.07,0.4,123194000,-33845000,-58608000,30741000,56840000,34790000,71.72,82.65,60.8,0.058,0.0262,31.65,2.32,38.98,14.08,0.8864,0.718,0.4579,0.0443,0.59,1.93,3.8808
2011-06-30,45683317,45683317,1,3148919000,745568000,1698320000,262898000,1412444000,38155000,0,657381000,978956000,492952000,35799000,35799000,0.78,0.78,0.4,35350000,-74884000,-111196000,-150730000,26099000,28054000,85.56,92.37,78.75,0.0603,0.0272,30.92,2.8,38.2,13.68,0.8561,0.6931,0.4485,0.0465,0.58,0.16,2.836
2011-03-31,45588745,45588745,1,3208606000,840361000,1773860000,158762000,1393209000,41537000,0,643693000,1161518000,356512000,-17414000,-17414000,-0.39,-0.39,0.4,21326000,-28541000,113721000,106506000,176829000,30674000,87.34,94.31,80.38,0.074,0.0332,30.56,2.79,41.79,13.28,0.702,0.8337,0.4342,0.0563,0.59,-0.21,5.2932
2010-12-31,45496606,45496606,1,3074743000,696211000,1606484000,385493000,1425440000,42819000,0,644075000,782045000,473363000,14803000,14803000,0.34,0.32,0.4,67197000,-40575000,-16798000,9824000,70323000,25892000,85.97,95,76.94,0.0699,0.031,31.33,2.77,49.98,12.88,0.7504,0.5486,0.4636,0.0544,0.57,0.91,1.806
2010-09-30,45528566,45528566,1,3115783000,732116000,1658555000,426835000,1414808000,42420000,0,641787000,785706000,509303000,51990000,51990000,1.13,1.13,0.4,116336000,-40813000,-47119000,28404000,60499000,41470000,80.19,88.89,71.5,0.0576,0.0249,31.08,2.65,44.06,12.48,0.9199,0.5553,0.4541,0.0483,0.52,1.64,1.7152
2010-06-30,45523432,45523432,1,3096392000,708466000,1679595000,414626000,1375644000,41153000,0,642508000,811938000,504630000,54399000,54399000,1.18,1.18,0.4,59154000,-41335000,-206767000,-188948000,32095000,43533000,91.93,100.33,83.53,0.0613,0.0258,30.22,3.14,61.7,12.08,0.8763,0.5902,0.4443,0.0531,0.49,0.34,1.7087
2010-03-31,45434153,45434153,1,3244902000,854711000,1872007000,395346000,1332292000,40603000,0,643087000,1029606000,295561000,-24180000,-24180000,-0.54,-0.54,0.4,27121000,-51459000,-18210000,-42548000,221043000,25021000,83.72,93.43,74,0.0509,0.0207,29.32,2.78,44.3,11.68,1.0735,0.7728,0.4106,0.0459,0.45,0.05,2.1619
2009-12-31,45325859,45325859,1,3239283000,856860000,1832872000,373553000,1365240000,41171000,0,636693000,1023492000,326388000,-3153000,-3153000,-0.05,-0.05,0.4,83770000,-38339000,24325000,69756000,263591000,38737000,87.12,96.87,77.36,0.066,0.0264,30.12,2.97,34.3,11.28,0.8379,0.7497,0.4215,0.0571,0.46,0.99,2.2938
2009-09-30,44636355,44636355,1,3232681000,844966000,1880705000,394785000,1311040000,40936000,0,637111000,1038873000,428615000,55514000,55514000,1.23,1.23,0.4,117940000,-24196000,-33289000,60455000,193835000,25743000,88.61,103.44,73.78,0.0942,0.0358,29.37,3.13,30.66,10.88,0.6151,0.7924,0.4056,0.072,0.5,2.07,2.1403
2009-06-30,44538028,44538028,1,3207193000,802123000,1905650000,389064000,1262065000,39478000,0,642391000,1048729000,411293000,38862000,38862000,0.85,0.85,0.4,51904000,-85738000,-54789000,-88623000,133380000,34434000,86.21,96.7,75.72,0.1084,0.0397,28.34,3.09,24.22,10.48,0.5514,0.831,0.3935,0.0743,0.53,0.39,2.0617
2009-03-31,44518585,44518585,1,3253099000,891939000,1968912000,347652000,1240241000,43946000,0,637255000,1152107000,330344000,-5764000,-5764000,-0.14,-0.14,0.4,64754000,-36758000,156213000,184209000,222003000,40316000,86.37,105.49,67.25,0.1375,0.0482,27.86,3.5,20.56,10.08,0.4358,0.9289,0.3812,0.0834,0.58,0.55,2.5656
2008-12-31,41406842,41406842,1,3032502000,665031000,2010798000,348639000,1021704000,0,0,636187000,1152414000,411392000,25262000,25262000,0.62,0.6,0.4,70746000,-27900000,-18948000,23898000,37794000,34469000,84.78,110.93,58.62,0.1733,0.0591,24.67,3.27,17.2,9.68,0.3499,1.1279,0.3369,0.0946,0.62,0.88,1.9075
2008-09-30,41425359,41425359,1,3063632000,673661000,1988417000,424556000,1075215000,0,0,627973000,1152715000,526151000,66326000,66326000,1.6,1.58,0.4,145945000,-50498000,-94707000,740000,13896000,64369000,107.51,124.97,90.05,0.2079,0.0717,25.96,4.38,19.65,9.28,0.2849,1.0721,0.351,0.108,0.66,1.97,1.5867
2008-06-30,41375200,41375200,1,3071582000,690847000,2054805000,492518000,1016777000,0,0,629221000,1153032000,527232000,63804000,63804000,1.54,1.52,0.345,49814000,-269154000,218919000,-421000,13156000,73995000,113.67,125.19,102.16,0.2371,0.0824,24.57,4.92,19.36,8.88,0.2463,1.134,0.331,0.1191,0.69,-0.58,1.4027
2008-03-31,41330471,41330471,1,2760108000,620880000,1804921000,544508000,955187000,0,0,590548000,855655000,398557000,20864000,20864000,0.5,0.5,0.345,75240000,-103210000,21509000,-6461000,13577000,85413000,113.78,132.54,95.02,0.2643,0.0925,23.11,4.96,18.65,8.54,0.2163,0.8958,0.3461,0.1284,0.72,-0.25,1.1403
2007-12-31,41254046,41254046,1,2683805000,626010000,1737814000,506616000,945991000,0,0,584093000,848186000,469590000,56541000,56541000,1.36,1.33,0.34,122795000,-63919000,-65255000,-6379000,20038000,67984000,None,None,None,0.2738,0.0988,22.93,None,None,8.19,0.1967,0.8966,0.3525,0.1335,0.74,1.33,1.2357
2007-09-30,41859683,41859683,1,2721950000,690860000,1734667000,316631000,987283000,0,0,584517000,1050705000,548923000,90266000,90266000,2.16,2.12,0.345,132767000,-72158000,-65082000,-4473000,26417000,81955000,None,None,None,0.2592,0.1028,23.59,None,None,7.85,0.1854,1.0642,0.3627,0.1365,0.75,1.21,2.1819
2007-06-30,41796336,41796336,1,2667727000,691283000,1763390000,353371000,904337000,0,0,584974000,1051527000,534622000,82952000,82952000,1.95,1.92,0.275,90954000,-61065000,-17107000,12782000,30890000,65120000,None,None,None,0.2303,0.0992,21.64,None,None,7.51,0.1877,1.1628,0.339,0.1306,0.76,0.62,1.9563
2007-03-31,42621912,42621912,1,2560527000,621208000,1559410000,627674000,1001117000,0,0,586500000,578683000,414477000,32990000,32990000,0.74,0.73,0.275,49052000,-58885000,-4341000,-14174000,18108000,49864000,None,None,None,0.2089,0.098,23.49,None,None,7.23,0.1889,0.578,0.391,0.128,0.77,-0.02,0.9897
2006-12-31,45054304,45054304,1,2506421000,592354000,1252449000,315072000,1253972000,0,0,581486000,579308000,470572000,62466000,62466000,1.38,1.36,0.27,128470000,-49760000,-69257000,9453000,32282000,53389000,None,None,None,0.1994,0.0984,27.83,None,None,6.96,0.1855,0.462,0.5003,0.1263,0.78,1.67,1.8801
2006-09-30,45144572,45144572,1,2532696000,608289000,1270626000,359695000,1262070000,0,0,582960000,579824000,529643000,76160000,76160000,1.68,1.65,0.275,95843000,-50638000,-42762000,2443000,22829000,54888000,None,None,None,0.1906,0.0932,27.96,None,None,6.69,0.1902,0.4594,0.4983,0.1208,0.77,0.91,1.6911
2006-06-30,45333799,45333799,1,2502016000,607767000,1282731000,250576000,1219285000,0,0,587182000,705359000,518271000,75790000,75790000,1.66,1.63,0.23,81378000,-61450000,-30695000,-10767000,20386000,83338000,None,None,None,0.1932,0.0938,26.9,None,None,6.41,0.1825,0.5785,0.4873,0.1229,0.76,-0.04,2.4255
2006-03-31,45728180,45728180,1,2434959000,584881000,1247956000,215534000,1187003000,0,0,587959000,705862000,424411000,31006000,31006000,0.68,0.66,0.23,32501000,-51575000,-26518000,-45592000,31153000,74361000,None,None,None,0.1843,0.0889,25.96,None,None,6.18,0.1892,0.5947,0.4875,0.1177,0.75,-0.92,2.7136
2005-12-31,45771571,45771571,1,2433316000,602041000,1259631000,200122000,1173685000,0,0,588007000,709159000,437143000,47757000,47757000,1.03,1.02,0.23,109756000,-60900000,-83694000,-34838000,76745000,65291000,76.12,81.74,70.5,0.1664,0.0797,25.64,2.94,19.82,5.95,0.2064,0.6042,0.4823,0.1098,0.73,0.97,3.0084
2005-09-30,46363487,46363487,1,2475083000,666173000,1273534000,235318000,1201549000,0,0,588825000,709780000,499111000,76360000,76360000,1.65,1.62,0.23,99378000,-58469000,-10736000,30173000,111583000,54826000,72.03,79.04,65.02,0.1578,0.0759,25.92,2.93,21.63,5.72,0.2126,0.5907,0.4855,0.1071,0.71,0.96,2.8309
2005-06-30,46302965,46302965,1,2406267000,624265000,1267787000,229456000,1138480000,0,0,589663000,711491000,479095000,61472000,61472000,1.32,1.3,0.2,78635000,-55070000,-45252000,-21687000,81410000,54096000,62.13,70.16,54.09,0.1394,0.0671,24.59,2.59,21.06,5.49,0.2358,0.6249,0.4731,0.0968,0.69,0.53,2.7206
2005-03-31,46610158,46610158,1,2354128000,585543000,1235557000,198721000,1118571000,0,0,590245000,710346000,340048000,7077000,7077000,0.15,0.15,0.2,30015000,-39430000,-49108000,-58523000,103097000,47188000,54.05,58.37,49.72,0.125,0.0607,24,2.21,20.32,5.29,0.2594,0.635,0.4752,0.0902,0.67,-0.37,2.9466
2004-12-31,47166288,47166288,1,2355852000,624253000,1202425000,203813000,1153427000,0,0,586137000,713661000,379534000,36990000,36990000,0.77,0.77,0.2,117628000,-46002000,-45483000,26143000,161620000,54695000,48.63,53.91,43.36,0.1138,0.0554,24.45,2,19.53,5.09,0.2818,0.6187,0.4896,0.0833,0.67,1.33,3.0629
2004-09-30,48023796,48023796,1,2388217000,679980000,1220691000,220749000,1167526000,0,0,596779000,714955000,448673000,54003000,54003000,1.12,1.11,0.2,97317000,-27525000,-20117000,49675000,135477000,38413000,43.84,46.41,41.27,0.1076,0.0523,24.31,1.87,18.98,4.89,0.2932,0.6124,0.4889,0.0798,0.66,1.23,3.0803
2004-06-30,48224655,48224655,1,2312960000,616875000,1184872000,199034000,1128088000,0,0,598910000,713238000,415354000,44715000,44715000,0.93,0.92,0.18,68481000,-26378000,-9081000,33022000,85802000,40559000,44.36,47.41,41.31,0.1011,0.0489,23.39,1.96,20.16,4.69,0.3081,0.6323,0.4877,0.0741,0.66,0.58,3.0993
2004-03-31,48209212,48209212,1,2265718000,563070000,1174973000,221472000,1090745000,0,0,603948000,718578000,307766000,-6545000,-6545000,-0.14,-0.14,0.18,-16585000,-23420000,-32348000,-72353000,52780000,29778000,47.27,50.69,43.84,0.0975,0.0468,22.63,2.01,24.75,4.51,0.3237,0.6588,0.4814,0.0708,0.66,-0.96,2.5424
2003-12-31,48129227,48129227,1,2330093000,621519000,1200246000,220164000,1129847000,0,0,602728000,717073000,351349000,29345000,29345000,0.6,0.6,0.18,105762000,-23741000,-25264000,56757000,125133000,38204000,42.23,48,36.45,0.0854,0.0405,23.48,1.84,29.95,4.33,0.359,0.6347,0.4849,0.0624,0.65,1.4,2.823
2003-09-30,48930179,48930179,1,2331182000,612372000,1208228000,206987000,1122954000,0,0,607422000,719759000,450091000,45520000,45520000,0.93,0.93,0.18,110391000,-16967000,-46757000,46667000,53574000,25784000,36.53,39.97,33.1,0.0635,0.03,22.95,1.65,28.54,4.15,0.4688,0.641,0.4817,0.0458,0.66,1.73,2.9585
2003-06-30,48920398,48920398,1,2306973000,586764000,1220950000,207465000,1086023000,0,0,608147000,746701000,416144000,39650000,39650000,0.81,0.81,0.18,41407000,-28314000,-10412000,2681000,6907000,28641000,32.7,38.05,27.36,0.0578,0.0272,22.2,1.53,20.96,3.97,0.4946,0.6876,0.4708,0.042,0.65,0.26,2.8283
2003-03-31,48900970,48900970,1,2268875000,533260000,1222705000,203724000,1046170000,0,0,610900000,758938000,283102000,-20892000,-20892000,-0.43,-0.43,0.15,19609000,-30756000,15677000,4530000,4226000,28009000,29.05,32.01,26.1,0.071,0.0332,21.39,1.31,16.41,3.79,0.3794,0.7254,0.4611,0.051,0.65,-0.17,2.6176
2002-12-31,48847975,48847975,1,2258530000,526149000,1175520000,197827000,1083010000,0,0,609421000,733471000,353211000,4567000,4567000,0.09,0.1,0.15,71232000,-31756000,-45857000,-6381000,None,43407000,30.13,32.95,27.3,0.0814,0.0379,22.17,1.35,13.82,3.64,0.3277,0.6773,0.4795,0.0576,0.66,0.57,2.6596
2002-09-30,48821225,48821225,1,2321994000,577800000,1230222000,223737000,1091772000,0,0,627055000,773480000,429143000,38925000,38925000,0.8,0.8,0.15,84673000,-36096000,-47256000,1321000,6077000,41420000,35.72,39.1,32.33,0.1022,0.047,22.36,1.64,15.33,3.49,0.26,0.7085,0.4702,0.0698,0.67,0.89,2.5825
2002-06-30,48819258,48819258,1,2301541000,573715000,1241381000,210536000,1060160000,0,0,614534000,801351000,424816000,53362000,53362000,1.1,1.09,0.14,28245000,-6764000,-27862000,-6381000,4756000,39747000,40.38,43.6,37.15,0.1114,0.0504,21.72,1.95,19.6,3.34,0.2394,0.7559,0.4606,0.074,0.68,-0.24,2.725
2002-03-31,48579115,48579115,1,2236343000,515312000,1232671000,189717000,1003672000,0,0,610735000,821088000,289931000,-10549000,-10549000,-0.22,-0.22,0.14,19410000,-28303000,18651000,9758000,11137000,28106000,44.17,49.33,39.02,0.1002,0.0444,20.66,2.1,20.26,3.2,0.2732,0.8181,0.4488,0.0649,0.68,-0.18,2.7162
2001-12-31,48559741,48559741,1,2224580000,496232000,1202368000,192037000,1022212000,0,0,606968000,797385000,384801000,25005000,25005000,0.52,0.51,0.14,93883000,-47212000,-41620000,5051000,1379000,44733000,42.25,46.6,37.9,0.1097,0.0475,21.05,2.05,20.12,3.06,0.256,0.7801,0.4595,0.07,0.68,1.01,2.584
2001-09-30,48522649,48522649,1,2258410000,539222000,1259336000,213576000,999074000,0,0,579394000,834638000,437014000,45917000,45917000,0.95,0.95,0.14,114796000,-49812000,-67793000,-2809000,None,47520000,42.57,50.39,34.75,0.1096,0.0475,20.59,2.18,20.77,2.92,0.2657,0.8354,0.4424,0.0703,0.68,1.39,2.5247
2001-06-30,48294718,48294718,1,2234584000,541251000,1290503000,235164000,944081000,0,0,590417000,854711000,420218000,39002000,39002000,0.82,0.82,0.14,47670000,-206976000,-76091000,-235397000,None,50968000,46.78,51.6,41.95,0.1099,0.048,19.55,2.53,21.96,2.78,0.2737,0.9053,0.4225,0.0704,0.68,-0.07,2.3016
2001-03-31,47302744,47302744,1,2157119000,687362000,1282347000,245345000,874772000,0,0,394178000,852041000,263658000,-4562000,-4562000,-0.1,-0.1,0.14,-3406000,-66185000,308903000,239312000,234534000,51165000,42.73,47.45,38,0.1178,0.0521,18.49,2.34,17.88,2.64,0.2584,0.974,0.4055,0.0758,0.69,-1.15,2.8016
2000-12-31,47302457,47302457,1,1841439000,425001000,978153000,189113000,863286000,0,0,409456000,601580000,314090000,20524000,20524000,0.44,0.43,0.14,57465000,-54178000,-13420000,-10133000,None,52918000,38.17,44.1,32.25,0.1358,0.0614,18.25,2.1,14.4,2.5,0.2261,0.6968,0.4688,0.084,0.73,0.1,2.2473
2000-09-30,46765903,46765903,1,1854288000,463511000,1005688000,216577000,848600000,0,0,375399000,601313000,380305000,42051000,42051000,0.9,0.9,0.14,83143000,-41825000,-39326000,1992000,5355000,44580000,41.09,46.94,35.24,0.1546,0.0689,18.15,2.36,15.28,2.36,0.1996,0.7086,0.4576,0.0917,0.75,0.82,2.1402
2000-06-30,46763803,46763803,1,1838118000,457261000,1025165000,236518000,812953000,0,0,378970000,601748000,362474000,42122000,42122000,0.9,0.9,0.13,45531000,-59788000,18282000,4025000,3363000,39305000,47.35,54.25,40.45,0.1625,0.0712,17.38,2.85,17.73,2.22,0.1929,0.7402,0.4423,0.0949,0.75,0.13,1.9333
2000-03-31,46758182,46758182,1,1766405000,411841000,990514000,204834000,775891000,0,0,373509000,601654000,276131000,7330000,7330000,0.16,0.16,0.13,26741000,-46015000,15209000,-4065000,None,34002000,42.44,49.38,35.5,0.1671,0.0724,16.59,2.56,15.84,2.09,0.1941,0.7754,0.4392,0.0967,0.75,-0.16,2.0106
1999-12-31,46727259,46727259,1,1742574000,403365000,968568000,182696000,774006000,0,0,406824000,602011000,335109000,32617000,32617000,0.71,0.69,0.13,78452000,-51361000,-24287000,2804000,3403000,35126000,39.01,42.63,35.38,0.174,0.0746,16.56,2.46,14.83,1.96,0.1931,0.7778,0.4442,0.0999,0.75,0.93,2.2078
1999-09-30,46709754,46709754,1,1733474000,429749000,993745000,219390000,739729000,0,0,374113000,603290000,353792000,43951000,43951000,0.94,0.94,0.13,89135000,-92664000,4330000,801000,599000,42850000,47.81,60.38,35.25,0.1779,0.0752,15.84,3.16,17.91,1.83,0.196,0.8156,0.4267,0.1028,0.73,0.99,1.9588
1999-06-30,46698682,46698682,1,1668962000,427287000,961525000,189080000,707437000,0,0,345308000,602176000,328865000,41273000,41273000,0.88,0.88,0.13,26869000,-42448000,6390000,-9189000,None,30842000,61.5,68.13,54.88,0.1873,0.0826,15.15,4.29,23.93,1.7,0.1928,0.8512,0.4239,0.1082,0.76,-0.09,2.2598
1999-03-31,46692445,46692445,1,1596804000,375607000,926536000,156459000,670268000,0,0,347347000,601883000,241061000,7940000,7940000,0.17,0.17,0.13,29220000,-28088000,-6731000,-5599000,8987000,29002000,55.09,61,49.19,0.1875,0.086,14.35,3.85,22.39,1.57,0.1965,0.898,0.4198,0.1087,0.79,0,2.4007
1998-12-31,46641549,46641549,1,1588589000,369388000,920890000,152233000,667699000,0,0,375978000,602113000,280974000,30714000,30714000,0.66,0.64,0.13,92538000,-365784000,275637000,2391000,14586000,46453000,50.41,62.19,38.63,0.1873,0.0899,14.32,3.66,21.82,1.44,0.2013,0.9018,0.4203,0.1093,0.82,0.99,2.4265
1998-09-30,46575154,46575154,1,1236388000,373781000,594594000,148257000,641794000,0,0,209849000,313720000,312445000,45907000,45907000,0.99,0.98,0.13,80264000,-58668000,-25274000,-3678000,12195000,31318000,46.47,51.25,41.69,0.1826,0.0925,13.78,3.6,21.92,1.31,0.2109,0.4888,0.5191,0.1062,0.87,1.05,2.5212
1998-06-30,46478763,46478763,1,1200217000,372063000,599733000,157839000,600484000,0,0,197213000,311739000,277737000,36356000,36356000,0.78,0.78,0.12,36885000,-29448000,4406000,11843000,15873000,29415000,45.75,49.31,42.19,0.1734,0.0859,12.92,3.8,22.88,1.18,0.2264,0.5191,0.5003,0.1008,0.85,0.16,2.3572
1998-03-31,46474007,46474007,1,1121719000,306797000,562615000,123117000,559104000,0,0,175241000,311342000,186535000,2636000,2636000,0.06,0.06,0.12,12886000,-51922000,24405000,-14631000,4030000,16740000,41.78,47.75,35.81,0.1697,0.0821,12.03,3.44,19.62,1.06,0.2406,0.5569,0.4984,0.0993,0.83,-0.08,2.4919
1997-12-31,46217779,46217779,1,1105713000,322012000,543877000,108235000,561836000,0,0,174896000,310675000,238793000,22979000,22979000,0.5,0.49,0.12,74128000,-23972000,-46540000,3616000,18661000,26128000,36.16,38.5,33.81,0.1877,0.0953,12.16,3.07,17.38,0.94,0.2248,0.553,0.5081,0.1094,0.87,1.04,2.9751
1997-09-30,46209783,46209783,1,1145797000,339882000,601457000,114732000,544340000,0,0,184306000,351760000,271717000,36274000,36274000,0.79,0.79,0.12,65210000,-27035000,-31614000,6561000,15045000,27238000,34.81,37.38,32.25,0.1893,0.1006,11.78,3.15,18.42,0.82,0.2317,0.6462,0.4751,0.113,0.89,0.82,2.9624
1997-06-30,46080458,46080458,1,1121176000,326945000,611976000,204347000,509200000,0,0,176923000,275935000,232190000,30369000,30369000,0.66,0.66,0.12,38928000,-283338000,244470000,60000,8484000,18225000,29,33,25,0.1788,None,11.05,2.76,16.02,0.7,0.2549,0.5419,0.4542,0.1119,0.91,0.45,1.6
1997-03-31,46079604,46079604,1,762741000,257482000,278380000,74318000,484361000,0,0,64343000,125836000,158163000,8907000,8907000,0.19,0.19,0.12,17352000,976000,-5644000,12684000,8424000,14849000,25.69,28.38,23,0.1774,None,10.51,2.46,15.02,0.58,0.2603,0.2598,0.635,0.1119,0.98,0.05,3.4646
1996-12-31,46079604,46079604,1,768918000,271166000,287941000,88144000,480977000,0,0,63168000,125890000,183458000,19994000,19994000,0.44,None,0.12,63091000,-53427000,-16288000,-6624000,None,27685000,23.31,25.75,20.88,None,None,10.44,2.3,None,0.46,0.2696,0.2617,0.6255,None,None,0.77,3.0764
1996-09-30,46079300,46079300,1,750600000,269141000,284088000,86222000,466512000,0,0,61992000,124807000,201504000,27490000,27490000,0.6,0.6,0.12,45055000,-18223000,-19916000,6916000,2364000,18386000,22.13,24.75,19.5,None,None,10.12,2.29,None,0.34,None,0.2675,0.6215,None,None,0.58,3.1215
1996-06-30,46079300,46079300,1,746368000,271060000,301816000,105821000,444552000,0,0,60212000,124871000,200438000,26807000,26807000,0.58,0.58,0.11,20535000,-19803000,-1382000,-650000,None,22168000,23.19,24.88,21.5,None,None,9.65,2.53,None,0.22,None,0.2809,0.5956,None,None,-0.04,2.5615
1996-03-31,46079300,46079300,1,706759000,239721000,283946000,90062000,422813000,0,0,61490000,124871000,136547000,4337000,4337000,0.09,0.09,0.11,6264000,80100000,-87339000,-975000,None,11264000,21.74,23.35,20.13,None,None,9.18,None,None,0.11,None,0.2953,0.5982,None,None,-0.11,2.6617
