"Quarter end","Shares","Shares split adjusted","Split factor","Assets","Current Assets","Liabilities","Current Liabilities","Shareholders equity","Non-controlling interest","Preferred equity","Goodwill & intangibles","Long-term debt","Revenue","Earnings","Earnings available for common stockholders","EPS basic","EPS diluted","Dividend per share","Cash from operating activities","Cash from investing activities","Cash from financing activities","Cash change during period","Cash at end of period","Capital expenditures","Price","Price high","Price low","ROE","ROA","Book value of equity per share","P/B ratio","P/E ratio","Cumulative dividends per share","Dividend payout ratio","Long-term debt to equity ratio","Equity to assets ratio","Net margin","Asset turnover","Free cash flow per share","Current ratio"
2019-06-30,424232181,424232181,1,25986000000,4836000000,19519000000,2846000000,6467000000,0,0,7059000000,12739000000,3946000000,381000000,381000000,0.9,0.89,0.5125,1010000000,-765000000,1780000000,2025000000,2342000000,578000000,107.44,117.34,97.55,0.2769,0.0743,15.24,7.12,24.7,20.47,0.4736,1.9698,0.2489,0.1149,0.65,1.02,1.6992
2019-03-31,424759439,424759439,1,23373000000,2488000000,16956000000,3612000000,6415000000,2000000,0,7049000000,10366000000,3696000000,347000000,347000000,0.82,0.81,0.5125,890000000,-800000000,42000000,132000000,315000000,471000000,95.66,104,87.32,0.3004,0.0828,15.1,6.46,21.5,19.96,0.4342,1.6159,0.2745,0.1242,0.67,0.99,0.6888
2018-12-31,423779540,423779540,1,22650000000,2645000000,16374000000,3108000000,6275000000,1000000,0,7002000000,10026000000,3842000000,531000000,531000000,1.26,1.23,0.47,912000000,-663000000,-493000000,-244000000,183000000,2125000000,89.35,95.49,83.22,0.3129,0.0862,14.81,6.11,16.89,19.45,0.4142,1.5978,0.277,0.1291,0.67,-2.86,0.851
2018-09-30,426347027,426347027,1,22591000000,2675000000,16350000000,3070000000,6239000000,2000000,0,6944000000,9569000000,3822000000,499000000,499000000,1.16,1.16,0.465,874000000,-496000000,-368000000,10000000,430000000,404000000,86.86,92.85,80.88,0.3772,0.1038,14.63,6.15,17.37,18.98,0.3416,1.5337,0.2762,0.156,0.67,1.1,0.8713
2018-06-30,428716960,428716960,1,22014000000,2471000000,15958000000,3305000000,6054000000,2000000,0,6899000000,8968000000,3739000000,499000000,499000000,1.16,1.15,0.465,975000000,-373000000,-609000000,-7000000,419000000,436000000,83.14,86.33,79.96,0.3734,0.1005,14.12,5.93,17.84,18.51,0.353,1.4813,0.275,0.1494,0.67,1.26,0.7477
2018-03-31,431283814,431283814,1,22106000000,2491000000,16041000000,3373000000,6044000000,21000000,0,6924000000,8901000000,3511000000,396000000,396000000,0.91,0.91,0.465,809000000,-637000000,-38000000,133000000,426000000,400000000,84.06,89.73,78.39,0.3587,0.0955,14.01,6.06,19.02,18.05,0.3706,1.4727,0.2734,0.1406,0.68,0.95,0.7385
2017-12-31,433673878,433673878,1,21829000000,2624000000,15787000000,3262000000,6019000000,23000000,0,6794000000,8752000000,3652000000,903000000,903000000,2.07,2.07,0.43,790000000,-395000000,-407000000,-12000000,22000000,2096000000,81.38,86.89,75.87,0.3496,0.0925,13.88,6.69,26.25,17.58,0.3827,1.4541,0.2757,0.1346,0.69,-3.01,0.8044
2017-09-30,434216159,434216159,1,20949000000,2300000000,15649000000,3259000000,5278000000,22000000,0,6828000000,8495000000,3716000000,386000000,386000000,0.88,0.87,0.425,856000000,-307000000,-547000000,2000000,35000000,350000000,75.99,78.8,73.18,0.2564,0.0664,12.16,6.09,26.11,17.15,0.5348,1.6095,0.2519,0.0968,0.69,1.17,0.7057
2017-06-30,440035810,440035810,1,20839000000,2326000000,15332000000,2770000000,5486000000,21000000,0,6821000000,8667000000,3677000000,362000000,362000000,0.82,0.81,0.425,813000000,-337000000,-474000000,2000000,32000000,299000000,72.33,74.57,70.1,0.2399,0.0625,12.47,5.8,26.4,16.73,0.5669,1.5798,0.2633,0.092,0.68,1.17,0.8397
2017-03-31,441940757,441940757,1,20650000000,2223000000,15112000000,2558000000,5517000000,21000000,0,6795000000,8646000000,3440000000,298000000,298000000,0.68,0.67,0.425,721000000,-340000000,-383000000,-2000000,30000000,332000000,71.45,73.9,69,0.229,0.059,12.48,5.93,26.96,16.3,0.5969,1.5672,0.2672,0.0882,0.67,0.88,0.869
2016-12-31,439703007,439703007,1,20859000000,2376000000,15539000000,2794000000,5297000000,23000000,0,6806000000,8893000000,3460000000,337000000,337000000,0.75,0.75,0.41,753000000,-382000000,-369000000,2000000,32000000,1724000000,66.4,71.71,61.09,0.2239,0.0569,12.05,5.48,26.56,15.88,0.6123,1.6789,0.2539,0.087,0.65,-2.21,0.8504
2016-09-30,442003086,442003086,1,20756000000,2293000000,15373000000,2664000000,5359000000,24000000,0,6844000000,8829000000,3548000000,302000000,302000000,0.68,0.68,0.41,753000000,-364000000,-397000000,-9000000,30000000,333000000,66.45,70.49,62.42,0.2113,0.0541,12.12,5.64,25.96,15.47,0.6415,1.6475,0.2582,0.0836,0.65,0.95,0.8607
2016-06-30,442288938,442288938,1,20752000000,2276000000,15524000000,2806000000,5208000000,20000000,0,6862000000,8916000000,3425000000,287000000,287000000,0.65,0.64,0.41,748000000,-339000000,-475000000,-65000000,39000000,312000000,61.16,66.27,56.06,0.2188,0.056,11.78,5.14,24.27,15.06,0.6151,1.712,0.251,0.0873,0.64,0.99,0.8111
2016-03-31,444261668,444261668,1,20781000000,2302000000,15471000000,2560000000,5290000000,20000000,0,6860000000,9072000000,3176000000,256000000,258000000,0.58,0.58,0.41,706000000,-847000000,206000000,65000000,104000000,317000000,55.17,59.99,50.36,0.2145,0.0554,11.91,4.6,33.23,14.65,0.6158,1.7149,0.2546,0.087,0.64,0.88,0.8992
2015-12-31,445652359,445652359,1,20419000000,2345000000,15052000000,2510000000,5345000000,22000000,0,6461000000,8728000000,3246000000,273000000,273000000,0.6,0.6,0.39,526000000,-427000000,-172000000,-74000000,39000000,1598000000,52.37,55.25,49.49,0.14,0.0366,11.99,4.47,22.48,14.24,0.9244,1.6329,0.2618,0.0581,0.63,-2.41,0.9343
2015-09-30,446495290,446495290,1,20402000000,2399000000,15145000000,2442000000,5235000000,22000000,0,6381000000,8835000000,3360000000,337000000,335000000,0.75,0.74,0.385,657000000,-302000000,-514000000,-160000000,113000000,335000000,49.47,53.05,45.88,0.1994,0.0529,11.72,4.15,22.8,13.85,0.634,1.6877,0.2566,0.0836,0.63,0.72,0.9824
2015-06-30,452250411,452250411,1,20578000000,2553000000,15171000000,2477000000,5386000000,21000000,0,6392000000,8910000000,3315000000,273000000,274000000,0.6,0.6,0.385,816000000,-251000000,-571000000,-4000000,273000000,296000000,51.12,55.93,46.31,0.1866,0.0491,11.91,4.21,25.31,13.46,0.6737,1.6543,0.2617,0.0772,0.63,1.15,1.0307
2015-03-31,457822145,457822145,1,20691000000,2617000000,15116000000,2273000000,5554000000,21000000,0,6419000000,9039000000,3040000000,-131000000,-129000000,-0.28,-0.28,0.385,499000000,-628000000,-898000000,-1030000000,277000000,233000000,52.98,55.3,50.67,0.1714,0.0453,12.13,4.15,18.99,13.08,0.7189,1.6275,0.2684,0.0711,0.63,0.58,1.1513
2014-12-31,459128449,459128449,1,21412000000,3641000000,15523000000,3485000000,5866000000,23000000,0,6180000000,8345000000,3437000000,619000000,619000000,1.28,1.27,0.38,520000000,1571000000,-965000000,1124000000,1307000000,370000000,48.72,51.94,45.5,0.2326,0.0607,12.78,4.16,211.83,12.69,0.5242,1.4226,0.274,0.0948,0.63,0.33,1.0448
2014-09-30,457920973,457920973,1,22211000000,4116000000,16548000000,3789000000,5364000000,299000000,0,6230000000,9023000000,3602000000,281000000,270000000,0.59,0.58,0.375,672000000,-282000000,-341000000,46000000,183000000,307000000,45.59,47.67,43.5,0.0182,0.0051,11.71,3.63,168.85,12.31,6.6842,1.6821,0.2415,0.0073,0.63,0.8,1.0863
2014-06-30,466401578,466401578,1,22179000000,2355000000,16032000000,2980000000,5853000000,294000000,0,6587000000,9011000000,3561000000,210000000,210000000,0.45,0.45,0.375,555000000,-172000000,-587000000,-202000000,137000000,208000000,42.96,44.87,41.05,0.0207,0.0055,12.55,3.48,126.35,11.94,5.5484,1.5396,0.2639,0.0088,0.62,0.74,0.7903
2014-03-31,465362211,465362211,1,22442000000,2535000000,16403000000,3357000000,5737000000,302000000,0,6571000000,8978000000,3396000000,228000000,228000000,0.49,0.49,0.375,584000000,-122000000,-179000000,281000000,339000000,266000000,42.58,44.8,40.36,0.0256,0.0069,12.33,3.47,202.76,11.56,4.3304,1.5649,0.2556,0.0113,0.61,0.68,0.7551
2013-12-31,464821875,464821875,1,22603000000,2499000000,16601000000,3014000000,5707000000,295000000,0,6599000000,9500000000,3500000000,-605000000,-605000000,-1.29,-1.29,0.36,597000000,-468000000,-228000000,-99000000,58000000,447000000,43.33,46.37,40.29,0.0155,0.0042,12.28,3.03,21.88,11.19,6.9404,1.6646,0.2525,0.007,0.61,0.32,0.8291
2013-09-30,469186159,469186159,1,23613000000,2417000000,16598000000,2862000000,6708000000,307000000,0,7162000000,9491000000,3621000000,291000000,291000000,0.62,0.62,0.365,736000000,-739000000,6000000,3000000,157000000,323000000,41.59,43.58,39.6,0.1428,0.0399,14.3,2.99,22.85,10.83,0.7288,1.4149,0.2841,0.0666,0.6,0.88,0.8445
2013-06-30,468776225,468776225,1,23012000000,2404000000,16194000000,3022000000,6509000000,309000000,0,6802000000,8994000000,3526000000,244000000,244000000,0.52,0.52,0.365,545000000,-272000000,-424000000,-153000000,154000000,235000000,40.48,42.99,37.97,0.1331,0.0368,13.89,2.96,23.13,10.46,0.7871,1.3818,0.2829,0.0618,0.6,0.66,0.7955
2013-03-31,467025512,467025512,1,23155000000,2497000000,16439000000,3188000000,6395000000,321000000,0,6823000000,9045000000,3336000000,168000000,168000000,0.36,0.36,0.365,577000000,-421000000,-41000000,113000000,307000000,266000000,36.48,39.26,33.7,0.1292,0.0354,13.69,2.67,20.73,10.1,0.8139,1.4144,0.2762,0.0595,0.6,0.67,0.7832
2012-12-31,465200137,465200137,1,23097000000,2423000000,16422000000,3036000000,6354000000,321000000,0,6688000000,9173000000,3434000000,224000000,224000000,0.48,0.48,0.35,577000000,-469000000,-311000000,-204000000,194000000,472000000,32.64,34.45,30.83,0.1309,0.0358,13.66,2.41,17.64,9.73,0.8034,1.4437,0.2751,0.0599,0.6,0.23,0.7981
2012-09-30,463899149,463899149,1,23073000000,2659000000,16461000000,3187000000,6288000000,324000000,0,6664000000,9166000000,3461000000,214000000,214000000,0.46,0.46,0.355,574000000,-458000000,43000000,161000000,398000000,402000000,33.39,35.7,31.08,0.1392,0.0378,13.55,2.51,16.95,9.38,0.7572,1.4577,0.2725,0.0631,0.6,0.37,0.8343
2012-06-30,463557830,463557830,1,22691000000,2454000000,16204000000,3187000000,6168000000,319000000,0,6653000000,8973000000,3459000000,208000000,208000000,0.45,0.45,0.355,669000000,-400000000,-220000000,48000000,237000000,351000000,34.14,36.35,31.93,0.1507,0.0408,13.31,2.57,16.9,9.03,0.7004,1.4548,0.2718,0.067,0.61,0.69,0.77
2012-03-31,462909315,462909315,1,22535000000,2285000000,16054000000,3047000000,6159000000,322000000,0,6684000000,8989000000,3295000000,171000000,171000000,0.37,0.37,0.355,475000000,-503000000,-42000000,-69000000,189000000,379000000,33.93,35.75,32.11,0.1547,0.0426,13.3,2.58,16.63,8.67,0.6746,1.4595,0.2733,0.0697,0.61,0.21,0.7499
2011-12-31,461374381,461374381,1,22569000000,2379000000,16179000000,3068000000,6070000000,320000000,0,6672000000,9125000000,3406000000,266000000,266000000,0.58,0.57,0.34,732000000,-650000000,-107000000,-24000000,258000000,415000000,32.65,35.52,29.77,0.1562,0.0438,13.16,2.53,15.85,8.32,0.6609,1.5033,0.269,0.0718,0.61,0.69,0.7754
2011-09-30,460330016,460330016,1,22052000000,2419000000,15767000000,2527000000,5948000000,337000000,0,6501000000,9388000000,3522000000,272000000,272000000,0.58,0.58,0.34,659000000,-711000000,-34000000,-89000000,282000000,313000000,32.91,38.06,27.76,0.1574,0.045,12.92,2.47,16.54,7.98,0.641,1.5783,0.2697,0.0742,0.61,0.75,0.9573
2011-06-30,472054373,472054373,1,21583000000,2374000000,14960000000,2295000000,6291000000,332000000,0,6103000000,8839000000,3347000000,237000000,237000000,0.5,0.5,0.34,478000000,-362000000,-422000000,-305000000,371000000,280000000,37.95,39.69,36.22,0.1519,0.0441,13.33,2.86,18.98,7.64,0.653,1.405,0.2915,0.0736,0.6,0.42,1.0344
2011-03-31,474200316,474200316,1,21648000000,2548000000,15016000000,2363000000,6298000000,334000000,0,6089000000,8882000000,3103000000,186000000,186000000,0.39,0.39,0.34,600000000,-462000000,-3000000,137000000,676000000,316000000,37.22,38.58,35.86,0.1546,0.0444,13.28,2.83,18.8,7.3,0.6363,1.4103,0.2909,0.0755,0.59,0.6,1.0783
2010-12-31,475487984,475487984,1,21476000000,2482000000,14885000000,2485000000,6260000000,331000000,0,6021000000,8674000000,3187000000,281000000,281000000,0.59,0.59,0.31,622000000,-431000000,-204000000,-11000000,539000000,367000000,35.67,37.25,34.09,0.1543,0.0445,13.17,2.78,17.57,6.96,0.6294,1.3856,0.2915,0.0761,0.59,0.54,0.9988
2010-09-30,475800754,475800754,1,21339000000,2569000000,14900000000,2311000000,6108000000,331000000,0,6002000000,8798000000,3235000000,244000000,244000000,0.51,0.51,0.315,677000000,-352000000,-946000000,-619000000,550000000,262000000,33.73,36.24,31.22,0.1597,0.0463,12.84,2.64,16.22,6.65,0.6009,1.4404,0.2862,0.08,0.58,0.87,1.1116
2010-06-30,477435789,477435789,1,21759000000,3156000000,15351000000,2858000000,6099000000,309000000,0,5923000000,8827000000,3158000000,246000000,246000000,0.51,0.51,0.315,480000000,-388000000,208000000,298000000,1169000000,220000000,33.58,35.98,31.18,0.1643,0.0484,12.77,2.6,16.22,6.33,0.5737,1.4473,0.2803,0.0841,0.58,0.54,1.1043
2010-03-31,483019919,483019919,1,20995000000,2719000000,14454000000,2670000000,6233000000,308000000,0,5920000000,8191000000,2935000000,182000000,182000000,0.37,0.37,0.315,496000000,-435000000,-331000000,-269000000,871000000,255000000,33.14,35,31.29,0.1647,0.0494,12.9,2.56,16.49,6.02,0.5658,1.3141,0.2969,0.0857,0.58,0.5,1.0184
2009-12-31,484972117,484972117,1,21154000000,3010000000,14563000000,2901000000,6285000000,306000000,0,5870000000,8124000000,3006000000,315000000,315000000,0.65,0.64,0.29,720000000,-420000000,226000000,528000000,1140000000,356000000,31.23,34.18,28.28,0.1625,0.0484,12.96,2.46,17.25,5.7,0.5716,1.2926,0.2971,0.0843,0.57,0.75,1.0376
2009-09-30,489651990,489651990,1,20392000000,2510000000,13871000000,2805000000,6216000000,305000000,0,5781000000,7504000000,3023000000,277000000,277000000,0.56,0.56,0.29,575000000,-267000000,-227000000,84000000,612000000,240000000,28.55,30.8,26.31,0.1489,0.0442,12.69,2.32,15.19,5.41,0.6246,1.2072,0.3048,0.0754,0.59,0.68,0.8948
2009-06-30,492689736,492689736,1,20148000000,2417000000,13781000000,2235000000,6068000000,299000000,0,5702000000,7999000000,2952000000,247000000,247000000,0.5,0.5,0.29,548000000,-267000000,-701000000,-419000000,528000000,258000000,27.03,29,25.06,0.1565,0.0459,12.32,2.25,13.38,5.12,0.5922,1.3182,0.3012,0.075,0.61,0.59,1.0814
2009-03-31,492002011,492002011,1,20400000000,2704000000,14207000000,2586000000,5903000000,290000000,0,5633000000,8096000000,2810000000,155000000,155000000,0.31,0.31,0.29,519000000,-296000000,245000000,467000000,947000000,325000000,28.05,33.99,22.1,0.1709,0.0494,12,2.34,12.81,4.83,0.5397,1.3715,0.2894,0.0774,0.64,0.39,1.0456
2008-12-31,491461631,491461631,1,20227000000,2335000000,14042000000,3036000000,5902000000,283000000,0,5620000000,7491000000,3108000000,218000000,218000000,0.44,0.44,0.27,673000000,-407000000,-286000000,-24000000,480000000,434000000,28.97,33.43,24.51,0.188,0.0538,12.01,2.41,12.17,4.54,0.4876,1.2692,0.2918,0.0812,0.66,0.49,0.7691
2008-09-30,490571189,490571189,1,20343000000,2593000000,14143000000,3006000000,5896000000,304000000,0,5640000000,7613000000,3525000000,310000000,310000000,0.63,0.63,0.27,771000000,-277000000,-199000000,294000000,504000000,301000000,34.2,37.34,31.05,0.2075,0.0591,12.02,2.93,14.93,4.27,0.4324,1.2912,0.2898,0.0875,0.68,0.96,0.8626
2008-06-30,490462991,490462991,1,20050000000,2410000000,14026000000,2580000000,5722000000,302000000,0,5572000000,7958000000,3489000000,318000000,318000000,0.65,0.64,0.27,570000000,-299000000,-528000000,-256000000,210000000,273000000,36.28,39.24,33.33,0.2016,0.0576,11.67,3.17,15.84,4,0.4353,1.3908,0.2854,0.086,0.67,0.61,0.9341
2008-03-31,490677993,490677993,1,20184000000,2565000000,14266000000,2594000000,5611000000,307000000,0,5536000000,8229000000,3266000000,241000000,241000000,0.49,0.48,0.27,561000000,-200000000,-243000000,118000000,466000000,213000000,31.37,34.64,28.1,0.202,0.0585,11.44,2.68,14.07,3.73,0.4213,1.4666,0.278,0.0883,0.66,0.71,0.9888
2007-12-31,495349812,495349812,1,20175000000,2480000000,14073000000,2598000000,5792000000,310000000,0,5530000000,8008000000,3361000000,325000000,325000000,0.64,0.63,0.24,593000000,-354000000,-427000000,-189000000,348000000,490000000,35.84,39.11,32.56,0.1973,0.0577,11.69,3.07,17.48,3.46,0.421,1.3826,0.2871,0.0874,0.66,0.21,0.9546
2007-09-30,508345584,508345584,1,20275000000,2861000000,14042000000,2740000000,5932000000,301000000,0,5528000000,7797000000,3403000000,278000000,278000000,0.54,0.54,0.24,771000000,-223000000,-582000000,-33000000,537000000,240000000,37.37,40.8,33.94,0.1806,0.0535,11.67,3.2,18.14,3.22,0.4502,1.3144,0.2926,0.0819,0.65,1.04,1.0442
2007-06-30,519108681,519108681,1,20184000000,2861000000,13830000000,2691000000,6070000000,284000000,0,5477000000,7723000000,3358000000,338000000,338000000,0.65,0.64,0.24,537000000,-148000000,-292000000,99000000,570000000,209000000,37.14,40.35,33.93,0.1826,0.0541,11.69,3.32,17.04,2.98,0.4374,1.2723,0.3007,0.0833,0.65,0.63,1.0632
2007-03-31,517429902,517429902,1,20043000000,2772000000,13981000000,2977000000,5780000000,282000000,0,5413000000,7464000000,3188000000,222000000,222000000,0.42,0.42,0.24,538000000,-36000000,-645000000,-143000000,471000000,272000000,35.63,38.7,32.56,0.1943,0.0575,11.17,3.05,16.97,2.74,0.4034,1.2913,0.2884,0.089,0.65,0.51,0.9311
2006-12-31,533077368,533077368,1,20600000000,3182000000,14103000000,3268000000,6222000000,275000000,0,5413000000,7495000000,3283000000,246000000,246000000,0.46,0.45,0.22,675000000,-219000000,-587000000,-132000000,614000000,505000000,37.16,38.64,35.68,0.1862,0.0552,11.67,3.23,17.05,2.5,0.4124,1.2046,0.302,0.086,0.64,0.32,0.9737
2006-09-30,535012925,535012925,1,20919000000,3600000000,14471000000,3358000000,6160000000,288000000,0,5439000000,7780000000,3441000000,300000000,300000000,0.56,0.55,0.22,745000000,-70000000,-498000000,177000000,746000000,357000000,35.14,37.41,32.88,0.1941,0.0569,11.51,3.05,17.48,2.28,0.3905,1.263,0.2945,0.0887,0.64,0.73,1.0721
2006-06-30,540494754,540494754,1,20935000000,3582000000,14423000000,3245000000,6232000000,280000000,0,5440000000,7737000000,3410000000,417000000,417000000,0.77,0.76,0.22,557000000,-146000000,-297000000,115000000,569000000,296000000,36.09,38.34,33.83,0.1807,0.0531,11.53,3.24,16.63,2.06,0.4138,1.2415,0.2977,0.0828,0.64,0.48,1.1039
2006-03-31,545119909,545119909,1,20846000000,3387000000,14485000000,3104000000,6071000000,290000000,0,5496000000,8020000000,3229000000,186000000,186000000,0.34,0.34,0.22,563000000,-353000000,-421000000,-212000000,454000000,171000000,32.72,35.35,30.08,0.1989,0.0585,11.14,2.92,15.66,1.84,0.3711,1.321,0.2912,0.0918,0.64,0.72,1.0912
2005-12-31,546684987,546684987,1,21135000000,3451000000,14733000000,3257000000,6121000000,281000000,0,5514000000,8165000000,3372000000,290000000,290000000,0.53,0.53,0.2,665000000,-424000000,125000000,366000000,666000000,415000000,28.99,31.03,26.95,0.194,0.0569,11.2,2.62,14.35,1.62,0.3771,1.3339,0.2896,0.0904,0.63,0.46,1.0596
2005-09-30,551835681,551835681,1,20569000000,2905000000,14183000000,2678000000,6107000000,279000000,0,5519000000,8168000000,3375000000,215000000,215000000,0.39,0.38,0.2,623000000,-345000000,-461000000,-181000000,300000000,272000000,28.28,29.76,26.8,0.1918,0.0561,11.07,2.57,13.09,1.42,0.3779,1.3375,0.2969,0.0899,0.62,0.64,1.0848
2005-06-30,562101115,562101115,1,20694000000,2827000000,14203000000,2753000000,6197000000,294000000,0,5502000000,8216000000,3289000000,527000000,527000000,0.93,0.92,0.2,595000000,-172000000,-382000000,40000000,481000000,308000000,28.59,30,27.18,0.2084,0.0597,11.02,2.73,17.76,1.22,0.3502,1.3258,0.2995,0.0974,0.61,0.51,1.0269
2005-03-31,568049322,568049322,1,20658000000,2682000000,14426000000,3018000000,5943000000,289000000,0,5497000000,8067000000,3038000000,150000000,150000000,0.26,0.26,0.2,508000000,-121000000,-372000000,17000000,441000000,185000000,29.38,30.38,28.37,0.1594,0.0445,10.46,2.8,18.25,1.02,0.464,1.3574,0.2877,0.074,0.6,0.57,0.8887
2004-12-31,568473943,568473943,1,20905000000,2819000000,14652000000,3205000000,5971000000,282000000,0,5453000000,8182000000,3208000000,269000000,269000000,0.48,0.46,0.18,600000000,-280000000,-497000000,-176000000,443000000,421000000,28.73,31.42,26.03,0.1615,0.0443,10.5,2.81,19.68,0.82,0.4595,1.3703,0.2856,0.075,0.59,0.31,0.8796
2004-09-30,572129820,572129820,1,21428000000,3305000000,15307000000,3601000000,5846000000,275000000,0,5504000000,8152000000,3274000000,302000000,302000000,0.52,0.52,0.19,599000000,-200000000,-335000000,66000000,619000000,311000000,28.51,30.66,26.35,0.1494,0.0404,10.22,2.87,22.1,0.64,0.3859,1.3945,0.2728,0.0695,0.58,0.5,0.9178
2004-06-30,579867019,579867019,1,21230000000,3121000000,15204000000,3579000000,5758000000,268000000,0,5476000000,7947000000,3138000000,216000000,216000000,0.37,0.37,0.19,549000000,-229000000,-536000000,-218000000,553000000,345000000,29.3,31,27.6,0.1347,0.0366,9.93,3,24.02,0.45,0.2974,1.3802,0.2712,0.0635,0.58,0.35,0.872
2004-03-31,580529906,580529906,1,21201000000,3136000000,15261000000,3303000000,5675000000,265000000,0,5459000000,8445000000,2896000000,152000000,152000000,0.26,0.26,0.19,470000000,-154000000,238000000,554000000,689000000,181000000,28.95,30.61,27.28,0.1286,0.035,9.78,3,27.31,0.26,0.1611,1.4881,0.2677,0.0613,0.57,0.5,0.9494
2003-12-31,576872627,576872627,1,20656000000,2588000000,14843000000,3332000000,5563000000,250000000,0,5422000000,7997000000,2968000000,183000000,183000000,0.31,0.31,0,640000000,-322000000,-707000000,-388000000,135000000,402000000,27.31,29.72,24.9,0.114,0.031,9.64,2.84,24.17,0.07,0.0092,1.4375,0.2693,0.0544,0.57,0.41,0.7767
2003-09-30,582463126,582463126,1,20186000000,2826000000,14536000000,3114000000,5606000000,44000000,0,5379000000,8002000000,2975000000,210000000,210000000,0.36,0.35,0.01,213000000,-250000000,-194000000,-230000000,523000000,297000000,25.02,26.93,23.1,0.1251,0.0341,9.62,2.65,21.57,0.07,0.0085,1.4274,0.2777,0.0598,0.57,-0.14,0.9075
2003-06-30,592213162,592213162,1,20456000000,3186000000,14825000000,3135000000,5584000000,47000000,0,5331000000,8350000000,2915000000,176000000,176000000,0.3,0.3,0,644000000,-285000000,13000000,372000000,753000000,289000000,23.11,26.03,20.19,0.1301,0.0352,9.43,2.56,19.1,0.06,0.0086,1.4953,0.273,0.0621,0.57,0.6,1.0163
2003-03-31,591373508,591373508,1,19916000000,2831000000,14526000000,3106000000,5344000000,46000000,0,5266000000,8164000000,2716000000,61000000,61000000,0.1,0.1,0,429000000,-227000000,-85000000,117000000,381000000,212000000,21.97,24.55,19.39,0.1396,0.0375,9.04,2.46,16.52,0.06,0.0082,1.5277,0.2683,0.0662,0.57,0.37,0.9115
2002-12-31,594964062,594964062,1,19631000000,2700000000,14304000000,3173000000,5308000000,19000000,0,5184000000,8062000000,2812000000,236000000,236000000,0.39,0.38,0,626000000,-179000000,-839000000,-392000000,264000000,373000000,22.98,25.08,20.87,0.1547,0.042,8.92,2.58,19.15,0.06,0.0074,1.5188,0.2704,0.0738,0.57,0.43,0.8509
2002-09-30,608679670,608679670,1,19989000000,3079000000,14563000000,3635000000,5410000000,16000000,0,5156000000,8151000000,2896000000,231000000,231000000,0.38,0.38,0.01,643000000,-334000000,-372000000,-64000000,656000000,362000000,24.03,26.17,21.89,0.1395,0.0381,8.89,2.78,27.62,0.06,0.0166,1.5067,0.2706,0.0669,0.57,0.46,0.847
2002-06-30,611658364,611658364,1,19828000000,3120000000,14523000000,3501000000,5290000000,15000000,0,5146000000,8236000000,2825000000,217000000,217000000,0.35,0.35,0,448000000,-318000000,282000000,412000000,720000000,372000000,27.12,28.73,25.5,0.1028,0.0282,8.65,3.19,33.07,0.05,0.0116,1.5569,0.2668,0.0488,0.58,0.12,0.8912
2002-03-31,618062193,618062193,1,18807000000,2564000000,13549000000,3100000000,5245000000,13000000,0,5125000000,7754000000,2609000000,138000000,138000000,0.22,0.22,0,436000000,-131000000,-729000000,-424000000,306000000,180000000,27.25,31.16,23.34,0.0983,0.0273,8.49,3.18,34.06,0.05,0.0122,1.4784,0.2789,0.0461,0.59,0.41,0.8271
2001-12-31,628690931,628690931,1,19490000000,3124000000,14085000000,3721000000,5392000000,13000000,0,5121000000,7709000000,2791000000,158000000,158000000,0.24,0.25,0.01,847000000,-445000000,253000000,655000000,730000000,485000000,28.3,32.5,24.09,0.0971,0.0265,8.58,3.41,46.39,0.05,0.0125,1.4297,0.2767,0.0444,0.6,0.58,0.8396
2001-09-30,627801596,627801596,1,18880000000,2556000000,13663000000,3083000000,5207000000,10000000,0,5141000000,7854000000,2897000000,30000000,30000000,0.05,0.05,0,642000000,-338000000,-624000000,-321000000,75000000,369000000,28.32,31.85,24.79,0.0762,0.0204,8.29,3.42,113.28,0.04,0.0163,1.5084,0.2758,0.0336,0.61,0.43,0.8291
2001-06-30,626300880,626300880,1,18709000000,2707000000,13501000000,3193000000,5191000000,17000000,0,5150000000,7671000000,2915000000,191000000,191000000,0.31,0.3,0,466000000,-345000000,-611000000,-491000000,396000000,330000000,26.73,30.95,22.51,0.0333,0.0086,8.29,3.4,None,0.04,0.0384,1.4777,0.2775,0.014,0.62,0.22,0.8478
2001-03-31,625500207,625500207,1,18958000000,3080000000,14019000000,3219000000,4923000000,16000000,0,5153000000,8282000000,2719000000,124000000,124000000,0.2,0.2,0,400000000,-104000000,497000000,793000000,887000000,144000000,25.57,28.63,22.52,-0.0059,-0.0014,7.87,3.33,None,0.04,None,1.6823,0.2597,None,0.62,0.41,0.9568
2000-12-31,624244514,624244514,1,18565000000,2457000000,13749000000,2937000000,4801000000,15000000,0,5193000000,8372000000,2884331000,38524000,38524000,0.06,0.06,0.01,462295000,38125000,-550715000,-50440000,94000000,399924000,22.81,28.31,17.31,-0.0208,-0.0048,7.69,3.06,None,0.04,None,1.7438,0.2586,None,0.62,0.1,0.8366
2000-09-30,621633487,621633487,1,19175693000,3104224000,14532229000,3937437000,4628891000,14573000,0,5245954000,7990616000,3124649000,-190842000,-190842000,-0.31,-0.31,0,560309000,648352000,-1166508000,41252000,144797000,349194000,19.5,21.88,17.12,-0.0588,-0.0126,7.45,2.56,None,0.03,None,1.7262,0.2414,None,0.61,0.34,0.7884
2000-06-30,621594978,621594978,1,20656566000,4376161000,15917295000,5363747000,4729969000,9302000,0,5367231000,8054610000,3265711000,315000,315000,0,0,0,427167000,676219000,-1145776000,-43877000,103545000,315317000,17.09,20.88,13.31,-0.226,-0.0471,7.61,2.38,None,0.03,None,1.7029,0.229,None,0.61,0.18,0.8159
2000-03-31,621088479,621088479,1,22224181000,5906022000,17762455000,6962022000,4452762000,8964000,0,5364781000,8352949000,3217309000,55003000,55003000,0.09,0.09,0,675229000,-290696000,-416001000,-33935000,147422000,248565000,15.75,18.5,13,-0.1497,-0.0317,7.17,2.22,None,0.03,None,1.8759,0.2004,None,0.59,0.69,0.8483
1999-12-31,619941387,619941387,1,22681424000,6220545000,18271138000,7489455000,4402612000,7674000,0,5356677000,8399346000,3326658000,-132327000,-132327000,-0.21,-0.21,0.01,397159000,-399379000,-31888000,-40505000,181357000,449784000,16.88,19.75,14,-0.0826,-0.0177,7.1,2.3,None,0.03,None,1.9078,0.1941,None,0.59,-0.08,0.8306
1999-09-30,619629770,619629770,1,21425014000,4797278000,16864971000,5883302000,4553048000,6995000,0,5505362000,8713546000,3395052000,-947773000,-947773000,-1.53,-1.53,0,507625000,-866991000,500067000,140863000,221862000,262815000,36.78,55.44,18.13,-0.0026,-0.0006,7.35,4.16,None,0.02,None,1.9138,0.2125,None,0.79,0.4,0.8154
1999-06-30,619245656,619245656,1,22991673000,3506258000,17374793000,3828059000,5475932000,140948000,0,6751228000,10932384000,3334575000,318262000,318262000,0.52,0.5,0,410501000,-435893000,43396000,21635000,80999000,332813000,52.38,60,44.75,-0.0713,-0.0148,8.84,6.61,None,0.02,None,1.9964,0.2382,None,0.78,0.13,0.9159
1999-03-31,609061119,609061119,1,22607919000,3528866000,17661906000,4049379000,4830701000,115312000,0,6482610000,10981152000,3070635000,364274000,364274000,0.6,0.58,0,374304000,-314650000,-85397000,-27509000,59364000,281272000,47.69,53.5,41.88,-0.1308,-0.0281,7.93,6.56,None,0.02,None,2.2732,0.2137,None,0.8,0.15,0.8715
1998-12-31,601810986,601810986,1,22715198000,3881397000,18230626000,4293666000,4372496000,112076000,0,6250324000,11114201000,7891679000,252622000,252622000,0.43,0.43,0.01,205152000,-1564401000,1281472000,-85190000,86873000,604653000,42.06,48.88,35.25,-0.2191,-0.0513,7.27,6.08,None,0.02,None,2.5418,0.1925,None,0.85,-0.66,0.904
1998-09-30,574368632,574368632,1,21374843000,4016699000,16647767000,4342983000,3972868000,754208000,0,5779346000,9695312000,3160306000,-1267494000,-1267494000,-2.21,-2.21,0.01,1247598000,-1684896000,424229000,-11628000,166173000,832253000,50.53,58.19,42.88,-0.2909,-0.0816,6.92,9.79,33.24,0.01,None,2.4404,0.1859,None,0.52,0.72,0.9249
1998-06-30,571789484,571789484,1,8374800000,775669000,5424573000,575393000,2950227000,0,0,2172005000,4050989000,882044000,123208000,123208000,0.56,0.52,0,14157000,-418283000,402686000,-1270000,44990000,108983000,47.34,50,44.69,0.1436,0.0545,5.16,3.75,33.1,0,0,1.3731,0.3523,0.1158,0.47,-0.17,1.3481
1998-03-31,220156013,220156013,1,7589405000,676287000,4814283000,498377000,2775122000,0,0,2031811000,3584887000,769440000,120962000,120962000,0.55,0.52,0,35128000,-887557000,847409000,-4981000,46260000,105600000,40.66,46.88,34.44,0.1387,0.0545,12.61,3.39,33.06,0,0,1.2918,0.3657,0.1123,0.49,-0.32,1.357
1997-12-31,218995641,218995641,1,6622845000,655386000,3993869000,568650000,2628976000,0,0,1645985000,2724443000,951927000,126719000,126719000,0.43,0.39,0,261668000,-506857000,233339000,-11999000,51241000,161428000,37.19,41.75,32.63,0.1233,0.0509,12,3.22,37.19,0,0,1.0363,0.397,0.1022,0.5,0.46,1.1525
1997-09-30,216610013,216610013,1,6044619000,706653000,3544264000,545759000,2500355000,0,0,1421254000,2440879000,761751000,18902000,18902000,0.09,0.09,0,136103000,-332451000,212986000,16735000,63240000,94213000,41.06,44.13,38,0.1011,0.0423,11.54,3.58,64.16,0,0,0.9762,0.4136,0.08,0.53,0.19,1.2948
1997-06-30,162769036,162769036,1,4617842000,521458000,2751705000,386840000,1866137000,0,0,958335000,1996958000,535185000,72282000,72282000,0.43,0.43,0,54879000,-582631000,549224000,20496000,43937000,113921000,34.38,39.25,29.5,0.0858,0.036,11.46,3.22,110.9,0,0,1.0701,0.4041,0.0666,0.54,-0.36,1.348
1997-03-31,156409046,156409046,1,3686795000,392831000,2017847000,322191000,1668948000,0,0,807571000,1423358000,364905000,49127000,49127000,0.32,0.32,0,182000,-609537000,608435000,-70000,23441000,66755000,33.76,38.88,28.63,0.0544,0.0234,10.67,4.5,112.53,0,0,0.8528,0.4527,0.0396,0.59,-0.43,1.2192
1996-12-31,154110368,154110368,1,2830505000,339981000,1675229000,319961000,1155276000,0,0,517399000,1158305000,608669000,41433000,41433000,0.16,None,0,21853000,-77605000,65049000,9403000,23511000,24645000,31.44,34.25,28.63,0.0401,0.0169,7.5,4,61.65,0,0,1.0026,0.4082,0.0251,0.67,-0.02,1.0626
1996-09-30,138369237,138369237,1,2628977000,325627000,1541803000,309813000,1087174000,0,0,487321000,1001467000,352754000,-38864000,-38864000,-0.27,None,0,131868000,-348995000,198129000,-18998000,14108000,170522000,28.44,34.13,22.75,0.041,0.0177,7.86,4.23,25.17,0,0,0.9212,0.4135,0.0293,0.6,-0.28,1.051
1996-06-30,91744106,91744106,1,1389948000,216797000,773058000,123541000,616890000,0,0,174758000,558590000,227336000,9861000,9861000,0.1,None,0,37006000,-117636000,89242000,8612000,30262000,61284000,28.32,32.63,24,0.2048,None,6.72,4.41,57.8,0,0,0.9055,0.4438,0.1285,0.64,-0.26,1.7549
1996-03-31,66014914,66014914,1,941209000,131741000,517225000,100360000,423984000,0,0,123282000,354978000,124629000,20516000,20516000,0.31,None,0,14431000,-33293000,22289000,3427000,16591000,14680000,21.44,25.63,17.25,0.1592,None,6.42,3.51,54.97,0,0,0.8372,0.4505,0.0859,0.61,-0,1.3127
1995-12-31,65906973,65906973,1,908037000,120122000,505188000,105243000,402849000,0,0,118778000,334860000,179386000,34412000,34412000,0.37,None,0,41325000,-53600000,13454000,1179000,13164000,28706000,19.75,22.5,17,None,None,6.11,6.27,None,0,0,0.8312,0.4436,None,None,0.19,1.1414
1995-09-30,60659184,60659184,1,836881000,104236000,645729000,97535000,191152000,0,0,117931000,488665000,119976000,18902000,18902000,0.35,None,0,-73023000,-1712000,45010000,-29725000,11985000,17202000,18.32,22,14.63,None,None,3.15,6.97,None,0,None,2.5564,0.2284,None,None,-1.49,1.0687
1995-06-30,52291638,52291638,1,813708000,126075000,675999000,121671000,137709000,0,0,95050000,444270000,111229000,-27839000,-27839000,-0.54,None,0,-4119000,-32416000,47077000,10542000,41710000,30741000,14.06,16.63,11.5,None,None,2.63,2.85,None,0,None,3.2262,0.1692,None,None,-0.67,1.0362
1995-03-31,22974256,22974256,1,338224000,42764000,224878000,23722000,113346000,0,0,88161000,52715000,46508000,4788000,4788000,0.21,None,0,357000,-13614000,14264000,1007000,7620000,7948000,11.25,12.5,10,None,None,4.93,None,None,0,None,0.4651,0.3351,None,None,-0.33,1.8027
