"Quarter end","Shares","Shares split adjusted","Split factor","Assets","Current Assets","Liabilities","Current Liabilities","Shareholders equity","Non-controlling interest","Preferred equity","Goodwill & intangibles","Long-term debt","Revenue","Earnings","Earnings available for common stockholders","EPS basic","EPS diluted","Dividend per share","Cash from operating activities","Cash from investing activities","Cash from financing activities","Cash change during period","Cash at end of period","Capital expenditures","Price","Price high","Price low","ROE","ROA","Book value of equity per share","P/B ratio","P/E ratio","Cumulative dividends per share","Dividend payout ratio","Long-term debt to equity ratio","Equity to assets ratio","Net margin","Asset turnover","Free cash flow per share","Current ratio"
2012-03-31,72168068,72168068,1,2074918000,1554040000,846766000,518099000,801222000,426930000,0,137446000,106048000,326722000,44446000,44446000,0.63,0.59,0,32762000,-275899000,60844000,-180927000,343974000,5240000,45.36,50.54,40.18,0.202,0.1013,11.1,2.91,14.54,0,0,0.1324,0.3861,0.157,0.65,0.38,2.9995
2011-12-31,70634645,70634645,1,1936635000,1409139000,836105000,232231000,1100530000,0,0,137578000,375361000,282711000,38506000,38506000,0.58,0.56,0,84658000,12153000,77484000,171774000,524901000,3250000,33.81,41.4,26.22,0.2242,0.1319,15.58,2.32,9.8,0,0,0.3411,0.5683,0.1853,0.71,1.15,6.0678
2011-09-24,66589390,66589390,1,1873273000,1261016000,903092000,251632000,970181000,0,0,139121000,379526000,306731000,51082000,51082000,0.74,0.73,0,99703000,-117000,-149910000,-53112000,353127000,5642000,31.57,36.9,26.24,0.2499,0.1567,14.57,2.06,8.92,0,0,0.3912,0.5179,0.2019,0.78,1.41,5.0113
2011-06-25,69629867,69629867,1,1965559000,1344790000,900914000,240448000,1064645000,0,0,140957000,385195000,350223000,64733000,64733000,0.81,0.79,0,95178000,-36755000,71747000,130900000,406239000,4828000,34.19,37.46,30.91,0.2569,0.1744,15.29,2.28,10.03,0,0,0.3618,0.5416,0.2105,0.83,1.3,5.5929
2011-03-26,89307628,89307628,1,1827031000,1202836000,489323000,266451000,1337708000,0,0,126170000,112798000,413185000,96358000,96358000,1.07,1.04,0,83765000,44994000,-102614000,28284000,275339000,5039000,36.28,41.69,30.87,0.2497,0.1827,14.98,2.46,12.96,0,0,0.0843,0.7322,0.2136,0.86,0.88,4.5143
2010-12-31,90180509,90180509,1,1832397000,1202401000,504259000,291011000,1328138000,0,0,125043000,105592000,384357000,81503000,81503000,0.92,0.89,0,88409000,-38346000,-11108000,39168000,247055000,6992000,29.39,33,25.78,0.2114,0.1561,14.73,2.15,12.89,0,0,0.0795,0.7248,0.1944,0.8,0.9,4.1318
2010-09-25,90187631,90187631,1,1688244000,1072362000,453189000,251907000,1235055000,0,0,125223000,106773000,367203000,76265000,76265000,0.83,0.82,0,81758000,-2696000,-38325000,43208000,207887000,6261000,25.76,28.26,23.25,0.1794,0.134,13.69,2,18.14,0,0,0.0865,0.7316,0.1787,0.75,0.84,4.257
2010-06-26,91913821,91913821,1,1600270000,983656000,415926000,224423000,1184344000,0,0,123903000,98329000,321369000,63308000,63308000,0.67,0.66,0,104205000,-35683000,-101735000,-33991000,164679000,2962000,26.2,28.47,23.93,0.1147,0.0864,12.89,2.07,109.17,0,0,0.083,0.7401,0.1332,0.65,1.1,4.383
2010-03-27,96049896,96049896,1,1602123000,967214000,385326000,187566000,1216797000,0,0,204311000,106227000,276229000,41256000,41256000,0.43,0.43,0,62048000,8964000,-12434000,56623000,198670000,3693000,23.1,25.31,20.9,0.019,0.0145,12.67,1.88,None,0,0,0.0873,0.7595,0.0274,0.53,0.61,5.1567
2009-12-31,95874987,95874987,1,1558978000,897822000,379201000,171494000,1179777000,0,0,210177000,114147000,244194000,35191000,35191000,0.37,0.37,0,38294000,-44375000,-22356000,-29145000,142047000,2780000,22.02,24.49,19.55,-0.0728,-0.0558,12.31,1.85,None,0,None,0.0968,0.7568,None,0.42,0.37,5.2353
2009-09-26,96999800,96999800,1,1525919000,823491000,371697000,153662000,1154222000,0,0,234276000,117431000,176879000,-4026000,-4026000,-0.04,-0.04,0,6580000,-20845000,-4592000,-19506000,171192000,1715000,18.98,21.32,16.64,-0.2111,-0.162,11.9,1.6,None,0,None,0.1017,0.7564,None,0.38,0.05,5.3591
2009-06-27,97586405,97586405,1,1501416000,806740000,343743000,154327000,1157673000,0,0,214693000,111221000,119208000,-50008000,-50008000,-0.52,-0.52,0,-4137000,-11995000,1610000,-12700000,190698000,4477000,17.36,18.97,15.76,-0.1965,-0.1513,11.86,1.42,None,0,None,0.0961,0.7711,None,0.41,-0.09,5.2275
2009-03-28,97657332,97657332,1,1524842000,960319000,332930000,253563000,1191912000,0,0,211646000,0,98913000,-66392000,-66392000,-0.69,-0.69,0,22592000,-4191000,1552000,19066000,203398000,1652000,14.26,16.96,11.55,-0.1504,-0.1152,12.21,1.11,None,0,None,0,0.7817,None,0.46,0.21,3.7873
2008-12-31,97075923,97075923,1,1637527000,1042602000,390745000,305222000,1246782000,0,0,228303000,0,188453000,-130251000,-130251000,-1.35,-1.35,0,17379000,31693000,-26891000,22101000,184332000,1134000,15.05,19.64,10.46,-0.0843,-0.0635,12.84,1.05,24.67,0,None,0,0.7614,None,0.55,0.17,3.4159
2008-09-27,97664418,97664418,1,1821244000,1075631000,424355000,347925000,1396889000,0,0,353925000,1325000,250098000,1397000,1397000,0.01,0.01,0,46683000,-33385000,-42974000,-29542000,162231000,5741000,21.09,23.01,19.16,0.0467,0.0349,14.3,1.47,20.88,0,0,0.0009,0.767,0.0568,0.61,0.42,3.0916
2008-06-28,99149924,99149924,1,1880938000,1102867000,458896000,383927000,1422042000,0,0,366042000,1447000,257740000,-2385000,-2385000,-0.02,-0.02,0,157694000,-192057000,-14712000,-50812000,191773000,7348000,22.09,23.89,20.29,0.0746,0.0556,14.34,1.55,14.93,0,0,0.001,0.756,0.0871,0.64,1.52,2.8726
2008-03-29,99861574,99861574,1,1946925000,977579000,523964000,294180000,1422961000,0,0,379453000,154227000,314713000,15529000,15529000,0.15,0.15,0,-32520000,237342000,-139722000,67514000,242585000,3588000,23.81,26.63,20.99,0.1044,0.0783,14.25,1.59,13.61,0,0,0.1084,0.7309,0.1179,0.66,-0.36,3.3231
2007-12-31,101966783,101966783,1,2076943000,1223958000,547856000,329209000,1529087000,0,0,371926000,143267000,363463000,52861000,52861000,0.48,0.47,0,69650000,359453000,-359543000,69420000,175071000,-40643000,27.18,28.72,25.65,0.1185,0.0904,15,1.72,16.88,0,0,0.0937,0.7362,0.1361,0.66,1.08,3.7179
2007-09-29,116144972,116144972,1,2418760000,1573996000,585911000,379838000,1832849000,0,0,360028000,137662000,393277000,49711000,49711000,0.41,0.41,0,168618000,32902000,-166116000,35275000,105651000,6421000,29.46,33.03,25.9,0.1082,0.0835,15.78,1.88,16.64,0,0,0.0751,0.7578,0.1236,0.68,1.4,4.1439
2007-06-30,123817041,123817041,1,2514693000,1666118000,575032000,387400000,1939661000,0,0,358473000,130967000,416335000,57345000,57345000,0.46,0.45,0,69096000,12877000,-44542000,39118000,70376000,10340000,31.11,33.85,28.37,0.1205,0.0931,15.67,2.06,17.88,0,0,0.0675,0.7713,0.1319,0.71,0.47,4.3008
2007-03-31,126358288,126358288,1,2444373000,1602624000,533963000,352913000,1910410000,0,0,350654000,129842000,396974000,53783000,53783000,0.43,0.42,0,-1675000,-41125000,16339000,-27205000,31258000,9913000,32.39,34.82,29.96,0.1226,0.0941,15.12,2.22,21.45,0,0,0.068,0.7816,0.1297,0.73,-0.09,4.5411
2006-12-31,125751401,125751401,1,2362492000,1505293000,527787000,361369000,1834705000,0,0,348831000,127862000,438505000,42574000,42574000,0.35,0.33,0,183345000,-235317000,26928000,-25036000,58463000,9520000,30.56,35,26.13,0.1086,0.0831,14.59,2.17,22.64,0,0,0.0697,0.7766,0.1146,0.73,1.38,4.1655
2006-09-30,123603945,123603945,1,2286105000,1399245000,545182000,374703000,1740923000,0,0,372164000,127010000,444032000,70020000,70020000,0.57,0.57,0,141252000,-127373000,1891000,20187000,83499000,6739000,25.73,28.91,22.55,0.0982,0.0752,14.08,1.91,27.08,0,0,0.073,0.7615,0.1098,0.68,1.09,3.7343
2006-07-01,123245465,123245465,1,2217133000,1304873000,556609000,385552000,1660524000,0,0,364987000,127911000,410073000,52705000,52705000,0.42,0.42,0,91912000,91931000,-162455000,18063000,63312000,11786000,24.43,26.57,22.28,0.0698,0.0541,13.47,1.77,31.73,0,0,0.077,0.749,0.0856,0.63,0.65,3.3844
2006-04-01,127243872,127243872,1,2276953000,1369891000,515594000,344798000,1761359000,0,0,361522000,126963000,365906000,24717000,24717000,0.19,0.19,0,30644000,36536000,-64234000,4846000,45249000,9104000,27.23,30.62,23.85,0.0571,0.0448,13.84,2.03,34.04,0,0,0.0721,0.7736,0.0764,0.59,0.17,3.973
2005-12-31,132874946,132874946,1,2290249000,1363512000,510966000,344344000,1779283000,0,0,362776000,124858000,332268000,22990000,22990000,0.17,0.17,0,57004000,81892000,-131462000,1872000,40403000,9053000,23.69,26.02,21.36,0.0592,0.0466,13.39,1.67,26.32,0,0,0.0702,0.7769,0.0821,0.57,0.36,3.9597
2005-10-01,133377534,133377534,1,2374951000,1416582000,483182000,310489000,1891769000,0,0,368907000,125752000,338878000,23415000,23415000,0.17,0.17,0,52361000,-113335000,-15444000,-75491000,38531000,8626000,26.85,29.13,24.57,0.0662,0.0521,14.18,1.98,22.75,0,0,0.0665,0.7966,0.0924,0.56,0.33,4.5624
2005-07-02,138598517,138598517,1,2381665000,1386645000,506529000,322802000,1875136000,0,0,377718000,132995000,329585000,33231000,33231000,0.24,0.24,0,74741000,-30908000,-58586000,-10341000,114022000,11584000,25.38,27.33,23.43,0.0891,0.0692,13.53,1.85,21.33,0,0,0.0709,0.7873,0.1164,0.59,0.46,4.2957
2005-04-02,138109942,138109942,1,2412272000,1401218000,514476000,312072000,1897796000,0,0,372257000,150280000,339740000,30471000,30471000,0.22,0.22,0,89450000,-73696000,1528000,18246000,124363000,12805000,27.42,30.18,24.66,0.0904,0.0714,13.74,2.07,25.39,0,0,0.0792,0.7867,0.1189,0.6,0.55,4.49
2004-12-31,140530177,140530177,1,2401832000,1369324000,539998000,324030000,1861834000,0,0,379308000,161103000,340272000,37536000,37536000,0.27,0.27,0,98255000,-41812000,-3825000,52618000,106117000,14264000,26.85,29.55,24.15,0.081,0.0655,13.25,2.07,30.86,0,0,0.0865,0.7752,0.1154,0.57,0.6,4.2259
2004-09-25,139789533,139789533,1,2398433000,1343064000,582234000,376414000,1816199000,0,0,391503000,154925000,415935000,64662000,64662000,0.45,0.45,0,20540000,-217480000,-65588000,-262528000,51887000,6030000,27.29,31.44,23.13,0.0653,0.0545,12.99,1.98,None,0,0,0.0853,0.7572,0.1042,0.52,0.1,3.5681
2004-06-26,142773205,142773205,1,2338464000,1590015000,372330000,330026000,1966134000,0,0,268857000,0,338219000,37811000,37811000,0.25,0.25,0,30434000,-37147000,-172878000,-179591000,314415000,6316000,31.56,34.64,28.48,-0.016,-0.0138,13.77,2.23,None,0,None,0,0.8408,None,0.44,0.17,4.8178
2004-03-27,147856925,147856925,1,2436676000,1682945000,347226000,301163000,2089450000,0,0,261250000,0,262862000,16681000,16681000,0.11,0.11,0,29973000,-36663000,3518000,-3172000,494006000,5122000,36.8,44.44,29.15,-0.0303,-0.0265,14.13,2.72,None,0,None,0,0.8575,None,0.4,0.17,5.5882
2003-12-31,153331661,153331661,1,2338900000,1571988000,267040000,221082000,2071860000,0,0,260345000,0,226511000,10452000,10452000,0.06,0.06,0,7465000,-68028000,28258000,-32305000,497178000,7268000,39.31,45.03,33.6,-0.0326,-0.0288,13.51,2.94,None,0,None,0,0.8858,None,0.39,0,7.1104
2003-09-27,152336058,152336058,1,2317836000,1574387000,282532000,234281000,2035304000,0,0,230208000,0,221099000,-97568000,-97568000,-0.64,-0.64,0,15559000,-36993000,21084000,-350000,529483000,6339000,37.09,40.85,33.32,-0.0363,-0.0314,13.36,2.64,218.18,0,None,0,0.8781,None,0.38,0.06,6.7201
2003-06-28,151392498,151392498,1,2400409000,1559002000,276925000,219339000,2123484000,0,0,269786000,0,239050000,7430000,7430000,0.05,0.05,0,3585000,-11891000,20980000,12674000,529833000,9294000,32.41,38.53,26.28,0.013,0.0112,14.03,2.33,162.05,0,0,0,0.8846,0.0285,0.39,-0.04,7.1077
2003-03-29,149910708,149910708,1,2375989000,1526484000,293567000,236194000,2082422000,0,0,277775000,0,238410000,11872000,11872000,0.08,0.08,0,16535000,-12408000,-102812000,-98685000,517159000,8234000,30.01,34.74,25.27,0.0156,0.0122,13.89,2.18,200.07,0,0,0,0.8764,0.0341,0.36,0.06,6.4628
2002-12-31,149575876,149575876,1,2493994000,1633934000,438306000,381610000,2055688000,0,0,282705000,0,217637000,2988000,2988000,0.02,0.01,0,36809000,92390000,12909000,142108000,615844000,5364000,28.75,38.09,19.4,0.0118,0.0085,13.74,2.19,95.83,0,0,0,0.8243,0.0273,0.31,0.21,4.2817
2002-09-28,143001680,143001680,1,2174069000,1499786000,296796000,273264000,1877273000,0,0,0,0,230495000,4083000,4083000,0.03,0.03,0,79166000,830309000,-960636000,-51161000,473736000,9036000,27.09,34.56,19.61,0.0195,0.0131,13.13,2.03,159.35,0,0,0,0.8635,0.0451,0.29,0.49,5.4884
2002-06-29,145070611,145070611,1,3086317000,2429372000,1154222000,1154222000,1932095000,0,0,0,0,222147000,12013000,12013000,0.08,0.08,0,34947000,-93081000,-2966000,-61100000,524897000,8373000,42.07,54.45,29.69,0.01,0.0062,13.32,3.19,85.86,0,0,0,0.626,0.0212,0.29,0.18,2.1048
2002-03-30,145183530,145183530,1,3047385000,2560317000,1132685000,1132685000,1914700000,0,0,0,0,169679000,3836000,3836000,0.03,0.03,0,63992000,-52455000,23820000,35357000,585997000,4003000,45.33,54.48,36.18,0.0353,0.0233,13.19,3.51,44.88,0,0,0,0.6283,0.063,0.37,0.41,2.2604
2001-12-31,144970131,144970131,1,3009662000,2517211000,1137668000,1137668000,1871994000,0,0,0,0,200031000,17166000,17166000,0.11,0.16,0,14647000,-3916000,-887000,9844000,550640000,8504000,35.54,45.7,25.37,0.0789,0.0551,12.91,2.75,111.06,0,0,0,0.622,0.1079,0.51,0.04,2.2126
2001-09-29,143316426,143316426,1,3073115000,2534278000,1218472000,1218472000,1854643000,0,0,0,0,303687000,-14019000,-14019000,-0.1,-0.1,0,27257000,-1066630000,871741000,-167632000,540796000,22106000,41.52,57.2,25.84,0.0344,0.0252,12.94,3.21,39.92,0,0,0,0.6035,0.0442,0.57,0.04,2.0799
2001-06-30,143200068,143200068,1,2227311000,1967316000,375471000,375471000,1851840000,0,0,0,0,376899000,59221000,59221000,0.42,0.4,0,36458000,-92458000,23327000,-32673000,708428000,16550000,45.63,58.7,32.56,0.0952,0.0769,12.93,3.73,38.02,0,0,0,0.8314,0.1129,0.68,0.14,5.2396
2001-03-31,142452498,142452498,1,2185922000,1924183000,443500000,443500000,1742422000,0,0,0,0,458705000,82102000,82102000,0.58,0.55,0,-1273000,136335000,16624000,151686000,741101000,32805000,41.84,49.5,34.19,0.1111,0.0905,12.23,3.91,38.04,0,0,0,0.7971,0.1293,0.7,-0.24,4.3386
2000-12-31,141214414,141214414,1,2015472000,1827285000,504760000,504760000,1510712000,0,0,0,0,214576000,-67429000,-67429000,-0.53,-0.53,0,62983000,-173348000,1215000,-109150000,570678000,14721000,36.84,47.75,25.94,0.1107,0.0912,10.7,3.06,19.19,0,0,0,0.7496,0.1287,0.71,0.34,3.6201
2000-09-30,131448371,131448371,1,1846188000,1650625000,266382000,266382000,1579806000,0,0,0,0,359097000,85269000,85269000,0.65,0.62,0,50452000,-266163000,7223000,-208488000,679828000,15470000,56.16,68.44,43.88,0.2132,0.1823,12.02,4.94,37.95,0,0,0,0.8557,0.2185,0.83,0.27,6.1965
2000-07-01,131068829,131068829,1,1718322000,1525993000,228750000,228750000,1489572000,0,0,0,0,325987000,75677000,75677000,0.59,0.56,0,119834000,-25056000,526719000,621497000,888316000,28854000,53.38,66.69,40.06,0.1959,0.1669,11.36,7.93,52.16,0,0,0,0.8669,0.1986,0.84,0.69,6.671
2000-04-01,130623069,130623069,1,1044357000,867629000,165625000,165625000,878732000,0,0,0,0,274071000,57548000,57548000,0.48,0.45,0,44110000,11937000,29204000,85251000,266819000,9419000,54.61,69.94,39.27,0.1652,0.1396,6.73,8.55,83.16,0,0,0,0.8414,0.1659,0.84,0.27,5.2385
1999-12-31,120466785,120466785,1,909929000,732666000,140230000,140230000,769699000,0,0,0,0,191716000,32977000,32977000,0.28,0.29,0,27298000,21102000,20544000,68944000,181568000,6855000,32.54,42.79,22.29,0.1096,0.0934,6.39,5.45,72.31,0,0,0,0.8459,0.1292,0.72,0.17,5.2247
1999-09-25,39105864,117317592,3,832485000,661616000,132153000,132153000,700332000,0,0,0,0,154916000,21773000,21773000,0.56,0.54,0,26499000,-34046000,6586000,-961000,112624000,13803000,21.29,25.29,17.29,0.0862,0.0709,5.97,3.71,62.01,0,0,0,0.8413,0.102,0.69,0.11,5.0064
1999-06-26,38939897,116819691,3,785432000,631185000,115135000,115135000,670297000,0,0,0,0,130878000,12399000,12399000,0.32,0.31,0,14136000,-55518000,747000,-40635000,113585000,3568000,19.27,23.58,14.96,0.0731,0.0571,5.74,3.42,48.99,0,0,0,0.8534,0.0819,0.7,0.09,5.4821
1999-03-27,38768875,116306625,3,749840000,597169000,94551000,94551000,655289000,0,0,0,0,115231000,9425000,9425000,0.26,0.25,0,15700000,-143781000,201077000,72996000,154220000,4568000,20.83,25.17,16.48,0.0956,0.0687,5.63,5.8,40.84,0,0,0,0.8739,0.0877,0.78,0.1,6.3158
1998-12-31,34884617,104653851,3,551939000,399095000,176474000,111474000,375465000,0,0,0,65000000,106016000,8140000,8140000,0.24,0.25,0,15096000,-13771000,13142000,14467000,81224000,7252000,13.31,19.31,7.31,0.1512,0.0956,3.59,3.85,19.87,0,0,0.1731,0.6803,0.1018,0.94,0.07,3.5802
1998-09-26,34172926,102518778,3,544878000,384848000,190022000,125022000,354856000,0,0,0,65000000,106704000,7623000,7623000,0.22,0.22,0,2428000,2744000,4926000,10098000,66757000,-1230000,11.13,14.35,7.9,0.2028,0.1248,3.46,3.32,14.15,0,0,0.1832,0.6513,0.1165,1.07,0.04,3.0782
1998-06-27,34092645,102277935,3,558875000,395892000,215923000,150923000,342952000,0,0,0,65000000,142844000,16115000,16115000,0.47,0.46,0,27364000,-38214000,1926000,-8924000,56659000,17851000,13.45,16.48,10.42,0.255,0.1523,3.35,4.2,None,0,0,0.1895,0.6136,0.1275,1.2,0.09,2.6231
1998-03-28,33834600,101503800,3,553592000,406568000,229221000,164221000,324371000,0,0,0,65000000,163214000,20950000,20950000,0.62,0.6,0,11230000,-7917000,3005000,6318000,65583000,12219000,13.2,16.46,9.94,-0.3133,-0.1813,3.2,4.44,None,0,None,0.2004,0.5859,None,1.2,-0.01,2.4757
1997-12-31,33824931,101474793,3,493300000,351009000,192299000,127299000,301001000,0,0,0,65000000,162830000,22389000,22389000,0.73,None,0,42615000,-23319000,1365000,20661000,59265000,13887000,15.76,21.56,9.96,-0.3125,-0.1996,2.97,5.69,None,0,None,0.2159,0.6102,None,1.11,0.28,2.7574
1997-09-27,33673824,101021472,3,482458000,342763000,203090000,138090000,279368000,0,0,0,65000000,155080000,20079000,20079000,0.57,None,0,27036000,-28167000,5619000,4488000,38604000,9710000,17.84,21,14.67,-0.312,-0.2148,2.77,7.16,None,0,None,0.2327,0.5791,None,1.01,0.17,2.4822
1997-06-28,16629566,99777396,6,463303000,325269000,214705000,149705000,248598000,0,0,0,65000000,114466000,-153739000,-153739000,-9.31,None,0,-54283000,-28367000,69657000,-12993000,34116000,6652000,11.28,14.52,8.04,-0.2805,-0.2089,2.49,2.81,13.38,0,None,0.2615,0.5366,None,0.96,-0.61,2.1727
1997-03-29,16435961,98615766,6,478009000,392127000,82524000,82164000,395485000,0,0,0,0,101628000,15613000,15613000,0.91,None,0,7279000,-30335000,4403000,-18653000,47109000,5904000,12.16,15.08,9.25,0.2321,0.188,4.01,3.21,12.8,0,0,0,0.8274,0.1878,1,0.01,4.7725
1996-12-31,16431000,98586000,6,459787000,373969000,86151000,86151000,373636000,0,0,0,0,104607000,16878000,16878000,1.02,None,0,27872000,-14385000,2201000,15688000,65762000,17730000,8.46,10.42,6.5,0.2778,0.2204,3.79,2.32,8.28,0,0,0,0.8126,0.2036,1.08,0.1,4.3409
1996-09-30,16157555,96945330,6,439623000,362970000,86970000,86970000,352653000,0,0,0,0,121597000,25138000,25138000,1.53,None,0,14593000,-17874000,1243000,-2038000,50074000,-959000,6.39,7.33,5.46,0.3255,0.2532,3.64,1.88,6.53,0,0,0,0.8022,0.2184,1.16,0.16,4.1735
1996-06-30,16092945,96557670,6,412269000,343882000,84187000,84187000,328082000,0,0,0,0,120248000,26504000,26504000,1.6,None,0,9163000,-15137000,6006000,32000,52112000,11265000,8.24,10.52,5.96,0.3349,None,3.4,2.65,9.17,0,0,0,0.7958,0.2216,1.18,-0.02,4.0847
1996-03-31,16043167,96259002,6,394933000,342644000,95194000,95194000,299739000,0,0,0,0,115284000,25509000,25509000,1.55,None,0,15646000,-24650000,970000,-8034000,52080000,7249000,8.71,10.21,7.21,0.3307,None,3.11,3.07,10.84,0,0,0,0.759,0.2215,1.17,0.09,3.5994
1995-12-31,15999199,95995194,6,364688000,318163000,91906000,91906000,272782000,0,0,0,0,109797000,24840000,24840000,1.45,None,0,21980000,-21821000,-31023000,-30864000,60114000,3715000,10.17,12.38,7.96,None,None,2.84,3.61,None,0,0,0,0.748,None,None,0.19,3.4618
1995-09-30,16484771,98908626,6,341606000,299050000,62573000,62573000,279033000,0,0,0,0,100407000,21917000,21917000,1.27,None,0,9576000,16118000,5160000,30854000,90978000,8408000,12.84,14.54,11.15,None,None,2.82,4.98,None,0,None,0,0.8168,None,None,0.01,4.7792
1995-06-30,16435321,98611926,6,311619000,274959000,57158000,57158000,254461000,0,0,0,0,87398000,19178000,19178000,1.12,None,0,15601000,-9980000,-141000,5480000,60124000,5230000,10.66,12.04,9.29,None,None,2.58,4.46,None,0,None,0,0.8166,None,None,0.11,4.8105
1995-03-31,16264850,97589100,6,289645000,256678000,55956000,55956000,233689000,0,0,0,0,76130000,16608000,16608000,0.98,None,0,12152000,-3314000,-181000,8657000,54644000,1915000,9.03,10.92,7.13,None,None,2.39,None,None,0,None,0,0.8068,None,None,0.1,4.5871
