"Quarter end","Shares","Shares split adjusted","Split factor","Assets","Current Assets","Liabilities","Current Liabilities","Shareholders equity","Non-controlling interest","Preferred equity","Goodwill & intangibles","Long-term debt","Revenue","Earnings","Earnings available for common stockholders","EPS basic","EPS diluted","Dividend per share","Cash from operating activities","Cash from investing activities","Cash from financing activities","Cash change during period","Cash at end of period","Capital expenditures","Price","Price high","Price low","ROE","ROA","Book value of equity per share","P/B ratio","P/E ratio","Cumulative dividends per share","Dividend payout ratio","Long-term debt to equity ratio","Equity to assets ratio","Net margin","Asset turnover","Free cash flow per share","Current ratio"
2019-06-28,717367599,717367599,1,53322000000,11603700000,21108800000,5008000000,32201200000,12000000,1599600000,37498600000,10298100000,5156600000,708600000,708600000,0.99,0.97,0.16,1171500000,-228900000,605000000,1523600000,5433600000,169500000,134.29,144.57,124.01,0.084,0.0489,42.66,3.21,39.5,28.05,0.1855,0.3365,0.5739,0.1208,0.4,1.4,2.317
2019-03-29,715933649,715933649,1,51774400000,10080400000,20205700000,4632800000,31556600000,12100000,1599600000,37543300000,9458200000,4879900000,333800000,327300000,0.46,0.46,0.16,703300000,-498500000,2877800000,3122200000,3910000000,154900000,114.52,132.6,96.44,0.0853,0.0495,41.84,2.85,30.62,27.89,0.187,0.3157,0.5786,0.1201,0.41,0.77,2.1759
2018-12-31,701875340,701875340,1,47832500000,7093800000,19605800000,4841500000,28214400000,12300000,0,37579100000,9688500000,5363500000,746800000,746800000,1.06,1.06,0.16,1237600000,-297400000,-915100000,11600000,787800000,209700000,102.72,110.86,94.59,0.0961,0.0556,40.2,2.6,26.41,27.73,0.1691,0.3434,0.5899,0.1333,0.42,1.46,1.4652
2018-09-28,700902703,700902703,1,47719500000,6830500000,20034300000,4465300000,27673400000,11800000,0,37849400000,10558000000,4853100000,663700000,663700000,0.95,0.93,0.16,919500000,-286700000,-732700000,-127800000,776200000,149400000,103.36,109.32,97.4,0.1018,0.0583,39.48,2.66,27.42,27.57,0.157,0.3815,0.5799,0.1407,0.41,1.1,1.5297
2018-06-29,699754843,699754843,1,48055800000,6913100000,20831400000,4605400000,27212300000,12100000,0,38102400000,11145600000,4981000000,673800000,673800000,0.96,0.95,0.16,1036000000,-2242600000,1172100000,-141700000,904000000,152800000,99.57,104.13,95.02,0.1006,0.0569,38.89,2.56,27.58,27.41,0.1569,0.4096,0.5663,0.1384,0.41,1.26,1.5011
2018-03-30,698572727,698572727,1,47145200000,7075100000,19943400000,4442900000,27189900000,11900000,0,37018900000,10410700000,4695400000,566600000,566600000,0.81,0.8,0.16,828900000,-122700000,-321700000,415400000,1045700000,137500000,98.33,104.82,91.84,0.0986,0.0551,38.92,2.6,27.86,27.25,0.1583,0.3829,0.5767,0.1356,0.41,0.99,1.5925
2017-12-31,697569470,697569470,1,46648600000,6850000000,20280800000,4792300000,26358200000,9600000,0,36805700000,10327400000,5085700000,856600000,856600000,1.23,1.21,0.14,834700000,-315500000,-553900000,-18300000,630300000,173500000,89.48,95.16,83.81,0.0996,0.0544,37.79,2.45,26.47,27.09,0.1563,0.3918,0.565,0.136,0.4,0.95,1.4294
2017-09-29,695605257,695605257,1,45851300000,6260200000,20470700000,4387500000,25375400000,5200000,0,36477100000,10726800000,4528200000,572100000,572100000,0.82,0.81,0.14,1072400000,-155000000,-1028900000,-77800000,648600000,137000000,83.8,88.62,78.97,0.0985,0.0524,36.48,2.37,26.77,26.95,0.1487,0.4227,0.5534,0.1607,0.33,1.34,1.4268
2017-06-30,694689883,694689883,1,45646800000,6256600000,21051600000,4202600000,24590000000,5200000,0,36273500000,11422500000,4510100000,557300000,557300000,0.8,0.79,0.14,1010500000,-209200000,-925000000,-77500000,726400000,117900000,84.18,87,81.36,0.0931,0.0496,35.4,2.46,25.66,26.81,7.7923,0.4645,0.5387,0.1526,0.33,1.28,1.4887
2017-03-31,694120308,694120308,1,45245100000,6318900000,21454000000,6003100000,23785800000,5300000,0,35831800000,9729300000,4205700000,506100000,506100000,0.73,0.72,0.14,560200000,-163700000,-590700000,-159800000,803900000,158600000,83.12,88.01,78.22,0.0969,0.0502,34.27,2.51,22.77,26.67,7.454,0.409,0.5257,0.1466,0.34,0.58,1.0526
2016-12-31,693280277,693280277,1,45295300000,6665100000,22218500000,6874000000,23002800000,74000000,0,35644900000,9674200000,1578100000,747000000,747000000,1.07,1.06,0.09,649000000,-4923500000,4347000000,-7700000,963700000,167500000,78.5,81.3,75.71,0.1067,0.0548,33.18,2.34,21.93,26.53,6.7159,0.4206,0.5078,0.1513,0.36,0.69,0.9696
2016-09-30,691702118,691702118,1,41297500000,6493200000,18033100000,4763400000,23191600000,72800000,0,31888800000,7503100000,4132100000,391600000,391600000,0.57,0.56,24.435,818200000,-153600000,-3778400000,-3126200000,971400000,87200000,79.4,82.64,76.15,0.1035,0.0527,33.53,2.19,15.79,26.44,6.8863,0.3235,0.5616,0.0967,0.54,1.06,1.3631
2016-07-01,690538430,690538430,1,51503700000,11231000000,26383400000,8025900000,25045100000,75200000,0,36461800000,12007700000,5785000000,656700000,656700000,0.95,0.94,0.135,1281800000,-174200000,2364700000,3433300000,4097600000,183900000,97.62,102.79,92.45,0.1456,0.0709,36.27,2.74,19.29,2,0.1069,0.4794,0.4863,0.1314,0.54,1.59,1.3993
2016-04-01,688695451,688695451,1,48385600000,7747200000,23808500000,5321300000,24504700000,72400000,0,36749200000,12194700000,5387200000,758400000,758400000,1.1,1.09,0.135,772800000,8300000,-890600000,-126500000,664300000,151000000,88.57,95.89,81.25,0.1487,0.0774,35.58,2.57,18.61,1.87,0.1055,0.4976,0.5064,0.1682,0.46,0.9,1.4559
2015-12-31,687154521,687154521,1,48222200000,7836700000,24458200000,6170400000,23690300000,73700000,0,36340600000,12025200000,10499300000,688700000,688700000,1,0.99,0.14,1231600000,-260400000,-1979700000,-1042700000,790800000,194300000,92.07,97.62,86.52,0.1425,0.0785,34.48,2.73,19.63,1.73,0.1121,0.5076,0.4913,0.1633,0.48,1.51,1.27
2015-10-02,685285314,685285314,1,49707900000,8931800000,26524100000,8625600000,23112700000,71100000,0,36819200000,11522700000,5023400000,1403300000,1403300000,2.04,2.01,0.135,952600000,-13753000000,11329300000,-1508500000,1833500000,180600000,87.61,92.92,82.3,0.1419,0.0834,33.73,2.48,24.13,1.59,0.1054,0.4985,0.465,0.2151,0.39,1.13,1.0355
2015-07-03,683488074,683488074,1,36986800000,9654500000,12814800000,5055600000,24101200000,70800000,0,24032400000,3052700000,167100000,695600000,695600000,0.98,0.97,0.135,1094000000,-246900000,-38600000,831000000,3342000000,138900000,85.92,90.25,81.59,0.1103,0.0716,35.26,2.61,23.8,1.46,0.126,0.1267,0.6516,0.1701,0.42,1.4,1.9097
2015-04-03,707525745,707525745,1,36072300000,8774400000,12681600000,4952700000,23321000000,69700000,0,24069900000,3053800000,4873300000,569800000,569800000,0.81,0.79,0.135,523600000,-690700000,-260800000,-494600000,2511000000,119200000,84.67,88.1,81.25,0.11,0.0718,32.96,2.56,23.33,1.32,0.1184,0.1309,0.6465,0.1286,0.56,0.57,1.7716
2014-12-31,705777722,705777722,1,36991700000,9431300000,13541900000,5396400000,23378100000,71700000,0,24333400000,3401500000,5417200000,661700000,661700000,0.94,0.92,0.1,1239400000,-2446100000,280400000,-1019700000,3005600000,176100000,78.81,87.49,70.12,0.1108,0.0726,33.12,2.33,20.63,1.19,0.1081,0.1455,0.632,0.1305,0.56,1.51,1.7477
2014-09-26,702691595,702691595,1,35535900000,9989500000,11725800000,4471100000,23740700000,69400000,0,22192600000,2964700000,4870300000,680600000,680600000,0.97,0.95,0.1,1016100000,-149100000,-55100000,704200000,4025300000,142800000,76.51,80,73.02,0.1175,0.0774,33.79,2.26,20.62,1.09,0.0823,0.1249,0.6681,0.1379,0.56,1.24,2.2342
2014-06-27,700684075,700684075,1,35652100000,9507300000,11863200000,4406700000,23720500000,68400000,0,22767500000,3020000000,4963600000,676400000,676400000,0.96,0.95,0.1,991700000,-564400000,-458200000,-25400000,3321100000,147700000,76.44,81.14,71.75,0.117,0.076,33.85,2.33,21.06,0.99,0.0649,0.1273,0.6653,0.1351,0.56,1.2,2.1575
2014-03-28,699532283,699532283,1,35042600000,9404300000,12013800000,4304400000,22961700000,67100000,0,22360900000,3422900000,4662700000,579700000,579700000,0.83,0.81,0.1,511200000,-284700000,14700000,231300000,3346500000,130900000,75.34,78.8,71.89,0.1188,0.0757,32.82,2.35,19.83,0.89,0.046,0.1491,0.6553,0.1336,0.57,0.54,2.1848
2013-12-31,698482191,698482191,1,34672200000,9113700000,12220800000,4527400000,22385300000,66100000,0,22285900000,3436700000,5266700000,789300000,789300000,1.12,1.11,0.02,1078200000,19500000,15100000,1119600000,3115200000,159700000,72.11,77.39,66.83,0.1288,0.0805,32.05,2.36,20.14,0.79,0.0245,0.1535,0.6456,0.141,0.57,1.31,2.013
2013-09-27,697199830,697199830,1,33721200000,8023700000,12350400000,4279400000,21304600000,66200000,0,22368900000,3445500000,4669100000,597000000,597000000,0.86,0.84,0.025,971400000,-683000000,-635200000,-329300000,1995600000,139300000,67.05,70.94,63.16,0.1263,0.0767,30.56,2.3,19.1,0.77,0.026,0.1617,0.6318,0.1347,0.57,1.19,1.875
2013-06-28,695568931,695568931,1,33109000000,8231000000,12744400000,4132500000,20296100000,68500000,0,21730700000,4100900000,4737500000,616800000,616800000,0.89,0.87,0.025,899200000,-443700000,-275200000,174200000,2324900000,136200000,61.2,64.8,57.61,0.1278,0.0765,29.18,2.15,17.59,0.74,0.0265,0.2021,0.613,0.1339,0.57,1.1,1.9918
2013-03-29,692707073,692707073,1,32469300000,7910000000,12720100000,3926500000,19681100000,68100000,0,21507800000,4404300000,4444700000,691900000,691900000,1,0.98,0.025,636500000,554700000,-710500000,472000000,2150700000,116300000,59.53,62.9,56.17,0.1303,0.0771,28.41,2.16,17.72,0.72,0.0266,0.2238,0.6061,0.1344,0.57,0.75,2.0145
2012-12-31,690246149,690246149,1,32941000000,7587800000,13857100000,4206100000,19016500000,67400000,0,21806000000,5287600000,4975178000,630404000,630404000,0.91,0.89,0.02,799673000,-942067000,277334000,137366000,1678700000,124921000,54.09,56.8,51.39,0.1293,0.0759,27.55,1.98,16.54,0.69,0.0275,0.2781,0.5773,0.131,0.58,0.98,1.804
2012-09-28,692687947,692687947,1,31585420000,6908000000,12632654000,3934689000,18886086000,66680000,0,21160677000,4659158000,4415543000,548735000,548735000,0.79,0.77,0.025,961144000,-123492000,-423112000,423095000,1541335000,104827000,52.55,55.61,49.48,0.1297,0.0758,27.26,2,16.22,0.67,0.0282,0.2467,0.5979,0.131,0.58,1.24,1.7557
2012-06-29,695355477,695355477,1,31170583000,6610495000,12802859000,4029701000,18301916000,65808000,0,21104154000,4847620000,4553459000,600149000,600149000,0.86,0.84,0.025,1008971000,-988767000,67929000,74957000,1118240000,113561000,52.87,55.99,49.75,0.1327,0.0755,26.32,2.05,15.83,0.65,0.0285,0.2649,0.5872,0.1289,0.59,1.29,1.6404
2012-03-30,692753675,692753675,1,30420959000,6543223000,12529757000,3912566000,17823305000,67897000,0,20435158000,4862716000,4316220000,612912000,612912000,0.89,0.86,0.025,645212000,166726000,-310551000,506282000,1043283000,114991000,52.08,55.92,48.24,0.1392,0.0769,25.73,2.12,16.75,0.62,0.0263,0.2728,0.5859,0.1381,0.56,0.77,1.6724
2011-12-31,689294694,689294694,1,29949447000,6272357000,12977679000,4172028000,16904783000,66985000,0,20314532000,5206800000,4515075000,570714000,570714000,0.83,0.8,0.02,827193000,-243508000,-534771000,52633000,537001000,118129000,45.64,50.86,40.42,0.1346,0.0755,24.52,1.9,15.21,0.6,0.0267,0.308,0.5644,0.135,0.56,1.03,1.5034
2011-09-30,686347315,686347315,1,30618424000,6314538000,14056273000,4123695000,16496791000,65360000,0,20470686000,5813406000,4518089000,523428000,523428000,0.76,0.74,0.025,699942000,-121388000,-645834000,-67215000,484368000,103034000,47.77,55.02,40.52,0.1353,0.0773,24.04,1.99,14.88,0.58,0.0276,0.3524,0.5388,0.1367,0.57,0.87,1.5313
2011-07-01,685554656,685554656,1,31513376000,6554800000,14957857000,4281296000,16489496000,66023000,0,20951773000,7160931000,3711674000,648764000,648764000,0.97,0.94,0.02,662649000,-4917403000,3216777000,-1041976000,551583000,58649000,53.41,55.72,51.11,0.1515,0.0895,24.05,2.42,18.94,0.55,0.0242,0.4343,0.5233,0.1586,0.56,0.88,1.531
2011-04-01,664056433,664056433,1,23034881000,6131892000,8311192000,3323855000,14659179000,64510000,0,14474397000,2668039000,3345702000,429358000,429358000,0.65,0.63,0.02,436483000,-564955000,52462000,-39421000,1593559000,46014000,49.26,52.52,45.99,0.1434,0.0885,22.08,2.37,18.69,0.53,0.0274,0.182,0.6364,0.1428,0.62,0.59,1.8448
2010-12-31,659181326,659181326,1,22217130000,5729513000,8444364000,3304754000,13711010000,61756000,0,14082904000,2783907000,3609268000,473856000,473856000,0.71,0.69,0.02,573282000,-621519000,47822000,-2061000,1632980000,71251000,43.53,47.35,39.7,0.1412,0.0857,20.8,2.16,18.56,0.51,0.0292,0.203,0.6171,0.1358,0.63,0.76,1.7337
2010-10-01,653954253,653954253,1,21497835000,5460623000,8325902000,3079427000,13171933000,0,0,13547768000,2822259000,3190193000,646435000,646400000,0.99,0.95,0.02,579267000,-177123000,-19399000,402105000,1635041000,52807000,38.57,41.43,35.71,0.1302,0.0783,20.14,2.09,20.09,0.49,0.0328,0.2143,0.6127,0.1246,0.63,0.81,1.7733
2010-07-02,652622896,652622896,1,20078957000,5044931000,8020947000,2991901000,12058010000,0,0,13133622000,2754966000,3310921000,372476000,372500000,0.57,0.55,0.02,537923000,-188923000,81471000,426568000,1232936000,53639000,39.94,43.65,36.22,0.1105,0.0656,18.48,2.19,22.01,0.47,0.0377,0.2285,0.6005,0.1051,0.62,0.74,1.6862
2010-04-02,324646610,649293220,2,19880646000,4541077000,8027468000,2857806000,11853178000,0,0,13306483000,2822298000,3092220000,300233000,300233000,0.93,0.89,0.04,393879000,-1301314000,6910000,-915552000,806368000,38072000,37.7,40.38,35.01,0.1072,0.0631,18.26,2.1,21.79,0.45,0.0372,0.2381,0.5962,0.1042,0.61,0.55,1.589
2009-12-31,323482284,646964568,2,19595420000,5220628000,7965244000,2760960000,11630176000,0,0,12473426000,2889023000,3132892000,266935000,266935000,0.83,0.8,0.04,495342000,-498777000,58724000,85689000,1721920000,70430000,35.24,38.28,32.2,0.106,0.0616,17.98,2.02,19.69,0.43,0.0362,0.2484,0.5935,0.103,0.6,0.66,1.8909
2009-10-02,321234857,642469714,2,19161907000,5198784000,7951378000,2678351000,11210529000,0,0,12187361000,2899497000,2750693000,351363000,351363000,1.09,1.05,0.03,503148000,-171251000,48311000,377820000,1636231000,30250000,31.51,34.5,28.52,0.1144,0.0655,17.45,1.9,17.31,0.41,0.0322,0.2586,0.585,0.106,0.62,0.74,1.941
2009-07-03,319738236,639476472,2,18322397000,4788672000,7719870000,2508126000,10602527000,0,0,11893276000,2863393000,2673609000,295694000,295694000,0.93,0.89,0.03,485665000,-202861000,-26227000,282466000,1258411000,45703000,29.32,32.45,26.19,0.1194,0.0681,16.58,1.87,15.27,0.4,0.0316,0.2701,0.5787,0.1036,0.66,0.69,1.9093
2009-04-03,318744792,637489584,2,17673114000,4497281000,7670158000,2474755000,10002956000,0,0,11597963000,2840790000,2627744000,237712000,237712000,0.74,0.72,0.03,316679000,-70052000,326424000,583091000,975945000,36074000,26.91,29.95,23.87,0.1277,0.0723,15.69,1.75,13.63,0.38,0.0299,0.284,0.566,0.104,0.69,0.44,1.8173
2008-12-31,318701106,637402212,2,17490128000,4187119000,7681566000,2745097000,9808562000,0,0,11730003000,2553170000,3176506000,305686000,305686000,0.96,0.92,0.03,509356000,-257446000,-130850000,106335000,392854000,75431000,29.45,35.3,23.6,0.133,0.0743,15.39,1.85,14.72,0.37,0.029,0.2603,0.5608,0.1038,0.72,0.68,1.5253
2008-09-26,319609509,639219018,2,17620648000,4121066000,7448411000,3011618000,10172237000,0,0,11891348000,2391302000,3208181000,371992000,371992000,1.16,1.11,0.03,434743000,-173539000,-260390000,2419000,286519000,33896000,38.34,42.5,34.19,0.137,0.0751,15.91,2.43,17.55,0.35,0.0287,0.2351,0.5773,0.1058,0.71,0.63,1.3684
2008-06-27,318939447,637878894,2,17994614000,4191727000,7920333000,3093521000,10074281000,0,0,12161394000,2740056000,3283895000,363448000,363448000,1.14,1.09,0.03,581772000,-83614000,-445572000,50281000,284100000,44630000,38.92,41.31,36.52,0.157,0.0861,15.79,2.59,18.36,0.34,0.0263,0.272,0.5598,0.1192,0.72,0.84,1.355
2008-03-28,318431485,636862970,2,17853022000,4155273000,8278427000,2981444000,9574595000,0,0,12065881000,3204144000,3028874000,276505000,276505000,0.87,0.83,0.03,333158000,-52800000,-285441000,-5289000,233819000,38738000,38.99,44.1,33.88,0.1635,0.0894,15.03,2.73,18.61,0.32,0.0271,0.3347,0.5363,0.121,0.74,0.46,1.3937
2007-12-31,318300000,636600000,2,17471935000,4049767000,8386247000,2899853000,9085688000,0,0,11805984000,3395764000,3067514000,320225000,320225000,1.01,0.97,0.03,571314000,-2844794000,2299582000,29827000,239108000,60466000,42.31,44.61,40.02,0.1738,0.0953,14.27,3.26,20.05,0.31,0.025,0.3737,0.52,0.1242,0.77,0.8,1.3965
2007-09-28,310397108,620794216,2,13775038000,3386053000,5721687000,2092418000,8053351000,0,0,9180944000,1926846000,2731151000,483721000,483721000,1.56,1.48,0.03,382797000,-169345000,-184614000,35136000,209281000,27425000,39.31,42.17,36.45,0.1889,0.1039,12.97,3.3,22.02,0.29,0.0225,0.2393,0.5846,0.1293,0.8,0.57,1.6182
2007-06-29,308176915,616353830,2,13146694000,3279012000,5812636000,2028792000,7334058000,0,0,8640163000,2133204000,2671212000,311154000,311154000,1.01,0.96,0.03,368766000,-103398000,-288150000,-23419000,174145000,27441000,36.42,38.05,34.8,0.1704,0.0906,11.9,3.19,20.29,0.28,0.024,0.2909,0.5579,0.1121,0.81,0.55,1.6162
2007-03-30,309200000,618400000,2,13088218000,3306074000,6041475000,2098495000,7046743000,0,0,8598090000,2294834000,2556040000,254804000,254804000,0.82,0.78,0.02,322898000,-328222000,-114648000,-120246000,197564000,31202000,36.27,37.98,34.55,0.1807,0.0931,11.4,3.37,20.84,0.26,0.0212,0.3257,0.5384,0.116,0.8,0.47,1.5755
2006-12-31,309100000,618200000,2,12864151000,3394902000,6219491000,2459556000,6644660000,0,0,8294447000,2422861000,2660256000,323717000,323717000,1.05,1,0.02,463198000,-519153000,108337000,53858000,317810000,36298000,35.54,37.64,33.44,0.1868,0.0972,10.75,3.56,21.8,0.25,0.0219,0.3646,0.5165,0.1169,0.83,0.69,1.3803
2006-09-29,307800000,615600000,2,12022568000,3228291000,5871171000,2364677000,6151397000,0,0,7741585000,2261543000,2442723000,268071000,268071000,0.87,0.83,0.02,432420000,-81501000,-371349000,-20781000,263952000,35244000,32.19,34.52,29.86,0.187,0.0989,9.99,3.38,20.57,0.24,0.0234,0.3676,0.5117,0.1141,0.87,0.65,1.3652
2006-06-30,307300000,614600000,2,11912261000,3244221000,6052739000,2537094000,5859522000,0,0,7636067000,2382717000,2349764000,314522000,314522000,1.02,0.98,0.02,314411000,-1929563000,1636144000,23910000,284733000,29245000,32.27,34.23,30.32,0.1897,0.1025,9.53,3.68,22.65,0.23,0.0243,0.4066,0.4919,0.1159,0.88,0.46,1.2787
2006-03-31,306400000,612800000,2,9354178000,3001125000,3979847000,2155207000,5374331000,0,0,5443411000,863951000,2143661000,215719000,215719000,0.7,0.67,0.02,337222000,-239153000,-154291000,-54728000,260823000,26931000,29.87,32.71,27.02,0.1828,0.1022,8.77,3.59,21.64,0.22,0.0249,0.1608,0.5745,0.1114,0.92,0.51,1.3925
2005-12-31,305600000,611200000,2,9163109000,2945019000,4082759000,2268586000,5080350000,0,0,5309138000,857771000,2263754000,251703000,251703000,0.82,0.78,0.02,301349000,-103559000,-159238000,39930000,315551000,30766000,27,29.04,24.96,0.1831,0.1012,8.31,3.33,20.38,0.21,0.024,0.1688,0.5544,0.1124,0.9,0.44,1.2982
2005-09-30,308100000,616200000,2,9023075000,2799939000,4028927000,2199564000,4994148000,0,0,5327594000,935651000,1966375000,228821000,228821000,0.74,0.7,0.02,307863000,-540013000,-308274000,-533034000,275621000,23749000,27.11,28.34,25.88,0.1804,0.0993,8.1,3.48,21.1,0.2,0.025,0.1873,0.5535,0.1122,0.88,0.46,1.273
2005-07-01,308600000,617200000,2,8666138000,3040150000,3864798000,2232197000,4801340000,0,0,4794776000,931482000,1928627000,229020000,229020000,0.74,0.7,0.015,282598000,-88383000,-43621000,135583000,808655000,28333000,26.07,27.86,24.28,0.1822,0.0992,7.78,3.4,21.46,0.19,0.024,0.194,0.554,0.1117,0.89,0.41,1.362
2005-04-01,309200000,618400000,2,8622702000,2916956000,3883774000,2206931000,4738928000,0,0,4863457000,927536000,1825948000,188256000,188256000,0.61,0.58,0.015,311991000,-233451000,-427000,63957000,673072000,19575000,27.2,28.11,26.3,0.1801,0.0964,7.66,3.64,23.65,0.18,0.0254,0.1957,0.5496,0.11,0.88,0.47,1.3217
2004-12-31,309200000,618400000,2,8493893000,2918690000,3874211000,2202286000,4619682000,0,0,4730532000,925535000,1979580000,217730000,217730000,0.7,0.67,0.02,264120000,-210327000,3765000,77505000,609115000,34955000,27.59,29.45,25.72,0.1801,0.0951,7.47,4.07,25.55,0.18,0.0259,0.2003,0.5439,0.1083,0.88,0.37,1.3253
2004-10-01,308617189,617234378,2,7922474000,2689413000,3737792000,2078458000,4184682000,0,0,4440461000,918390000,1745285000,200793000,200793000,0.65,0.62,0.015,270351000,-47472000,3986000,228325000,531610000,18146000,25.15,26.48,23.82,0.1791,0.0938,6.78,3.89,25.47,0.17,0.0188,0.2195,0.5282,0.1091,0.86,0.41,1.2939
2004-07-02,308269186,616538372,2,7683206000,2461641000,3699805000,1703678000,3983401000,0,0,4413385000,1282309000,1621245000,182233000,182233000,0.59,0.56,0.015,246869000,-548684000,-43086000,-339201000,303285000,19177000,24.04,26.01,22.07,0.1711,0.0894,6.46,3.92,26.56,0.16,0.0194,0.3219,0.5185,0.1067,0.84,0.37,1.4449
2004-04-02,153984972,615939888,4,7285127000,2516165000,3502893000,1607105000,3782234000,0,0,4056876000,1274393000,1543191000,145244000,145244000,0.94,0.9,0.025,251876000,-827148000,-2720000,-587670000,642486000,12734000,22.98,24.05,21.91,0.1635,0.085,6.14,3.88,27.28,0.15,0.0199,0.3369,0.5192,0.1026,0.83,0.39,1.5657
2003-12-31,153900000,615600000,4,6890050000,2942151000,3243341000,1380003000,3646709000,0,0,3341972000,1284498000,1488778000,169946000,169946000,1.11,1.06,-0,242185000,-149250000,15643000,125429000,1230156000,23284000,20.71,23.09,18.34,0.159,0.0818,5.92,3.68,24.88,0.15,0.0214,0.3522,0.5293,0.1014,0.81,0.36,2.132
2003-09-26,153556253,614225012,4,6590222000,2780407000,3130058000,1277680000,3460164000,0,0,3208042000,1246008000,1309451000,138618000,138618000,0.9,0.87,0.025,170111000,-76418000,-59657000,36617000,1104727000,13318000,17.99,19.66,16.33,0.1644,0.0833,5.63,3.36,22.49,0.15,0.0275,0.3601,0.525,0.1041,0.8,0.26,2.1761
2003-06-27,153158133,612632532,4,6464800000,2669178000,3190084000,1312487000,3274716000,0,0,3179551000,1249641000,1299432000,125144000,125144000,0.82,0.79,0.025,234912000,-21371000,-70477000,156477000,1068110000,20901000,17.05,18.07,16.02,0.1647,0.082,5.35,3.34,22.21,0.14,0.0287,0.3816,0.5065,0.1028,0.8,0.35,2.0337
2003-03-28,152824788,611299152,4,6292712000,2517860000,3173190000,1368826000,3119522000,0,0,3145385000,1217508000,1196215000,103126000,103126000,0.67,0.65,0.025,214336000,-121013000,4153000,101170000,911633000,9914000,16.01,17.13,14.89,0.1649,0.0812,5.1,3.25,34.8,0.13,0.0283,0.3903,0.4957,0.1016,0.8,0.33,1.8394
2002-12-31,152700000,610800000,4,6029145000,2387266000,3019546000,1265312000,3009599000,0,0,3007704000,1197422000,1274978000,161712000,161712000,1.06,1.02,0.02,144918000,-181123000,33982000,7285000,810463000,13306000,15.02,16.8,13.24,0.1033,0.0505,4.93,3.18,57.22,0.13,0.0445,0.3979,0.4992,0.0634,0.8,0.22,1.8867
2002-09-27,152409174,609636696,4,5894801000,2246588000,3010751000,1372988000,2884050000,0,0,3023667000,1143223000,1151721000,116029000,116029000,0.76,0.74,0.025,171983000,-119620000,45618000,98103000,803178000,9152000,14.87,16.59,13.15,0.0618,0.0297,4.73,3.28,66.09,0.12,0.0796,0.3964,0.4893,0.0383,0.77,0.27,1.6363
2002-06-28,151215745,604862980,4,5644801000,2130983000,2907011000,1318306000,2737790000,0,0,2869972000,1112649000,1146326000,103665000,103665000,0.69,0.66,0.02,130199000,-18033000,7051000,133623000,705075000,6492000,17.09,18.86,15.32,0.0546,0.0259,4.53,3.95,78.57,0.12,0.0893,0.4064,0.485,0.0336,0.77,0.2,1.6165
2002-03-29,150972430,603889720,4,5433512000,1933868000,2815913000,1242231000,2617599000,0,0,2825389000,1103844000,1004207000,-91015000,-91015000,-0.63,-0.58,0.02,263247000,-825755000,429646000,-135107000,571452000,10014000,16.59,18.56,14.63,0.0541,0.0253,4.33,4.5,33.01,0.11,0.0948,0.4217,0.4818,0.0328,0.77,0.42,1.5568
2001-12-31,150900000,603600000,4,4820483000,1874615000,2591897000,1017294000,2228586000,0,0,2292657000,1119333000,918932000,33112000,33112000,0.21,0.23,0.02,178142000,-111838000,-5881000,60093000,706559000,23361000,13.71,16.02,11.39,0.1386,0.0638,3.69,3.56,23.04,0.11,0.0389,0.5023,0.4623,0.0787,0.81,0.26,1.8427
2001-09-28,142922233,571688932,4,4715012000,1870031000,2511604000,972251000,2203408000,0,0,2174949000,1121697000,901588000,87746000,87746000,0.61,0.59,0.02,119076000,-142739000,-5230000,-28844000,646466000,17806000,12.89,14.8,10.97,0.1698,0.0788,3.85,3.48,21.76,0.1,0.0324,0.5091,0.4673,0.0904,0.87,0.18,1.9234
2001-06-29,143259968,573039872,4,4619895000,1889112000,2500294000,973401000,2119601000,0,0,2068854000,1101110000,956641000,94230000,94230000,0.65,0.63,0.02,137559000,-135912000,4214000,6080000,675310000,18314000,14.63,16.37,12.88,0.1752,0.0817,3.7,4.1,25.44,0.1,0.0327,0.5195,0.4588,0.0875,0.93,0.21,1.9407
2001-03-30,142530545,570122180,4,4509378000,1870952000,2473281000,999234000,2036097000,0,0,1976349000,1106902000,1005283000,82577000,82577000,0.58,0.56,0.02,173694000,-97084000,416607000,492306000,669230000,21104000,15.11,17.17,13.05,0.1764,0.0831,3.57,4.43,27.1,0.09,0.0318,0.5436,0.4515,0.0856,0.97,0.27,1.8724
2000-12-31,142500000,570000000,4,4031679000,1474306000,2089346000,1018540000,1942333000,0,0,1863900000,713557000,1032369000,87764000,87764000,0.62,0.6,0.02,115520000,-93557000,1011000,23133000,176924000,27456000,14.85,17.45,12.25,0.1785,0.0874,3.41,4.56,27.63,0.09,0.0307,0.3674,0.4818,0.0858,1.02,0.15,1.4475
2000-09-29,141860035,567440140,4,3889835000,1374704000,2037196000,1004403000,1852639000,0,0,1840709000,745243000,986786000,83625000,83625000,0.59,0.58,0.02,111649000,-216128000,74749000,-29922000,153791000,21238000,12.75,14.19,11.3,0.181,0.0918,3.26,4.09,25.63,0.08,0.0267,0.4023,0.4763,0.0868,1.06,0.16,1.3687
2000-06-30,141758035,567032140,4,3710050000,1318132000,1940574000,954717000,1769476000,0,0,1727981000,675500000,890775000,81267000,81267000,0.57,0.56,0.015,146011000,-248074000,193691000,91741000,183713000,24773000,13.21,14.73,11.7,0.1736,0.0909,3.12,4.4,28.11,0.08,0.0263,0.3818,0.4769,0.0856,1.06,0.21,1.3807
2000-03-31,141684470,566737880,4,3205557000,1133121000,1505961000,812062000,1699596000,0,0,1461449000,402496000,867847000,71557000,71557000,0.5,0.49,0.015,139065000,-237538000,-68970000,-168309000,91972000,15036000,10.96,12.81,9.11,0.1709,0.092,3,3.63,24.63,0.07,0.0286,0.2368,0.5302,0.084,1.1,0.22,1.3954
1999-12-31,141300000,565200000,4,3047071000,1202117000,1338317000,708786000,1708754000,0,0,1292289000,341037000,919003000,81617000,81617000,0.54,0.52,0.01,53605000,-31855000,-41322000,-19857000,260281000,27401000,12.14,13.6,10.69,0.1689,0.09,3.02,4.2,29.08,0.07,0.03,0.1996,0.5608,0.0818,1.1,0.05,1.696
1999-10-01,142346187,569384748,4,3080724000,1208551000,1432884000,801985000,1647840000,0,0,1286533000,341494000,781867000,61846000,61846000,0.43,0.42,0.015,178557000,-86742000,54590000,146255000,280138000,26362000,13.77,15.66,11.88,0.1714,0.0885,2.89,5.4,37.99,0.07,0.0311,0.2072,0.5349,0.0757,1.17,0.27,1.5069
1999-07-02,142172024,568688096,4,2752192000,950008000,1302925000,698193000,1449267000,0,0,1246479000,341282000,741778000,63002000,63002000,0.46,0.45,0.016,82268000,-22994000,2562000,59832000,128008000,22994000,15.05,17.25,12.85,0.1583,0.0788,2.55,5.86,43.62,0.06,0.0354,0.2355,0.5266,0.0667,1.18,0.1,1.3607
1999-04-02,135408036,541632144,4,2746164000,889986000,1354728000,724270000,1391436000,0,0,1261741000,347480000,754590000,55159000,55159000,0.41,0.39,0.015,104677000,-12152000,-67607000,26253000,68176000,12152000,12.68,13.75,11.6,0.1591,0.0753,2.57,5.07,38.87,0.06,0.0341,0.2497,0.5067,0.0639,1.18,0.17,1.2288
1998-12-31,135300000,541200000,4,2738715000,886904000,1386884000,688705000,1351831000,0,0,1284573000,412918000,1028510000,70260000,70260000,0.42,0.41,0.01,90553000,-15519000,-73488000,2637000,41923000,23746000,10.46,13.58,7.34,0.1592,0.0714,2.5,4.39,32.43,0.05,0.0342,0.3055,0.4936,0.0629,1.14,0.12,1.2878
1998-09-25,134979529,539918116,4,2771185000,929625000,1484273000,855932000,1286912000,0,0,1296346000,330253000,724839000,28460000,28460000,0.21,0.2,0.015,66409000,-174577000,76759000,-31134000,39286000,32328000,9.47,11.44,7.5,0.1498,0.0664,2.38,4.43,26.4,0.05,0.0389,0.2566,0.4644,0.0637,1.04,0.06,1.0861
1998-06-26,117170527,468682108,4,2371275000,722724000,1370329000,774463000,1000946000,0,0,1201664000,323399000,622271000,46182000,46182000,0.39,0.38,0.012,66417000,-21372000,-42197000,2559000,32916000,21372000,9.21,9.72,8.7,0.1807,0.0793,2.14,4.49,26.79,0.05,0.0325,0.3231,0.4221,0.0756,1.05,0.1,0.9332
1998-03-27,58554870,468438960,8,2370725000,721994000,1412742000,804267000,957983000,0,0,1208234000,313717000,534418000,38044000,38044000,0.65,0.63,0.025,107959000,-388260000,277213000,-2960000,30357000,12819000,8.45,9.52,7.38,0.1802,0.0808,2.05,4.31,25.61,0.04,0.0344,0.3275,0.4041,0.0761,1.06,0.2,0.8977
1997-12-31,58537110,468296880,8,1879717000,618339000,962836000,524235000,916881000,0,0,853416000,162720000,565137000,43232000,43232000,0.79,None,0.02,57941000,-25814000,-21654000,10553000,33317000,25814000,7.32,7.97,6.68,0.18,0.0836,1.96,3.94,23.71,0.04,0.036,0.1775,0.4878,0.0755,1.11,0.07,1.1795
1997-09-26,58452152,467617216,8,1914811000,622978000,1044452000,575019000,870359000,0,0,858233000,200402000,516601000,41781000,41781000,0.69,None,0.025,84562000,-99294000,2724000,-12284000,22764000,11018000,6.77,7.3,6.23,0.1763,0.0803,1.86,3.78,23.15,0.04,0.038,0.2303,0.4545,0.0739,1.09,0.16,1.0834
1997-06-27,58424737,467397896,8,1819164000,585749000,983832000,522468000,835332000,0,0,811223000,190885000,502789000,38258000,38258000,0.64,None,0.025,54465000,-43940000,-14734000,-3506000,35048000,18289000,5.72,6.49,4.95,0.1727,0.0771,1.79,3.31,20.43,0.04,0.0403,0.2285,0.4592,0.0714,1.08,0.08,1.1211
1997-03-28,58922117,471376936,8,1794658000,578286000,977195000,517083000,817463000,0,0,791179000,190900000,466441000,31535000,31535000,0.52,None,0.025,81404000,-40998000,-27622000,12110000,38554000,7687000,5.72,6.25,5.2,0.1718,0.0771,1.73,3.36,13.04,0.03,0.0438,0.2335,0.4555,0.0709,1.09,0.16,1.1184
1996-12-31,58921377,471371016,8,1765074000,546741000,964813000,474573000,800261000,0,0,792824000,219570000,496637000,34929000,34929000,0.62,None,0.02,70225000,-23448000,-42513000,4495000,26444000,12524000,5.45,5.83,5.06,0.2818,0.1263,1.7,3.41,12.82,0.03,0.0265,0.2744,0.4534,0.1147,1.1,0.12,1.1521
1996-09-27,58478218,467825744,8,1792703000,590999000,1042013000,507587000,750690000,0,0,791469000,268710000,470787000,33577000,33577000,0.56,None,0.025,84281000,-215403000,143956000,12780000,21949000,17601000,4.96,5.39,4.52,0.2973,0.129,1.6,3.22,11.95,0.03,0.027,0.358,0.4187,0.1248,1.03,0.14,1.1643
1996-06-28,58407522,467260176,8,1521481000,514082000,802711000,473302000,718770000,0,0,626080000,124970000,434897000,32525000,32525000,0.54,None,0.029,28085000,-21651000,-13129000,-6698000,9169000,9023000,4.98,5.44,4.52,0.3127,0.1319,1.54,3.41,12.33,0.02,0.0261,0.1739,0.4724,0.127,1.04,0.04,1.0862
1996-03-29,58140968,465127744,8,1503480000,510019000,823702000,494753000,679778000,0,0,616429000,101680000,409557000,106739000,106739000,1.79,None,0.02,34523000,117820000,-144389000,7929000,15867000,12107000,4.17,4.66,3.69,0.329,0.1351,1.46,3.31,18.43,0.02,0.0241,0.1496,0.4521,0.1271,1.06,0.05,1.0309
1995-12-31,58124128,464993024,8,1485991000,466470000,899680000,404138000,586311000,0,0,608140000,268617000,314257000,30448000,30448000,0.51,None,0.02,101264000,-71058000,-34276000,-4173000,7938000,6029000,3.97,4.16,3.78,0.1994,0.0802,1.26,3.36,18.47,0.02,0.0431,0.4581,0.3946,0.0729,1.1,0.2,1.1542
1995-09-29,58483308,467866464,8,1508086000,553108000,953800000,536935000,554286000,0,0,576228000,176399000,404516000,28800000,28800000,0.48,None,0.02,44557000,-165969000,111705000,-10084000,10490000,23057000,4.04,4.3,3.78,0.1991,0.0813,1.18,3.58,19.77,0.02,0.0456,0.3182,0.3675,0.0672,1.21,0.05,1.0301
1995-06-30,58476408,467811264,8,1221294000,477125000,692609000,433171000,528685000,0,0,434319000,116547000,391492000,27220000,27220000,0.45,None,0.02,-3687000,-13434000,22166000,4825000,20574000,13434000,3.65,4,3.3,0.2006,None,1.13,3.38,19.27,0.01,0.045,0.2204,0.4329,0.0669,1.28,-0.04,1.1015
1995-03-31,58442688,467541504,8,1185112000,437255000,682050000,407998000,503062000,0,0,437684000,116566000,376504000,21848000,21848000,0.37,None,0.02,32022000,-16652000,-2407000,13771000,15749000,16652000,3.38,3.73,3.03,0.1971,None,1.08,3.31,19.38,0.01,0.0455,0.2317,0.4245,0.0647,1.29,0.03,1.0717
1994-12-31,58438288,467506304,8,1134941000,388687000,658841000,396235000,476100000,0,0,442655000,116515000,355063000,24758000,24758000,0.42,None,0.02,91947000,-164834000,52972000,-19663000,1978000,25256000,3.01,3.32,2.7,None,None,1.02,3.24,None,0.01,0.0458,0.2447,0.4195,None,None,0.14,0.981
1994-09-30,28572941,457167056,16,985636000,384903000,560711000,287564000,424925000,0,0,334670000,131215000,326386000,23098000,23098000,0.79,None,0.03,14292000,-8671000,-673000,4724000,21641000,8671000,2.78,2.94,2.62,None,None,0.93,3.16,None,0.01,None,0.3088,0.4311,None,None,0.01,1.3385
1994-07-01,28562941,457007056,16,944831000,343219000,543091000,270795000,401740000,0,0,337661000,131350000,318082000,19266000,19266000,0.66,None,0.03,28005000,-10269000,-12223000,5541000,16917000,10269000,2.51,2.73,2.29,None,None,0.88,2.99,None,0,None,0.327,0.4252,None,None,0.04,1.2674
1994-04-01,28556127,456898032,16,916388000,315798000,534492000,261545000,381896000,0,0,338662000,131350000,289153000,14528000,14528000,0.5,None,0.03,10126000,-14927000,9197000,4609000,11376000,10347000,2.39,2.53,2.25,None,None,0.84,None,None,0.001875,None,0.3439,0.4167,None,None,-0,1.2074
