"Quarter end","Shares","Shares split adjusted","Split factor","Assets","Current Assets","Liabilities","Current Liabilities","Shareholders equity","Non-controlling interest","Preferred equity","Goodwill & intangibles","Long-term debt","Revenue","Earnings","Earnings available for common stockholders","EPS basic","EPS diluted","Dividend per share","Cash from operating activities","Cash from investing activities","Cash from financing activities","Cash change during period","Cash at end of period","Capital expenditures","Price","Price high","Price low","ROE","ROA","Book value of equity per share","P/B ratio","P/E ratio","Cumulative dividends per share","Dividend payout ratio","Long-term debt to equity ratio","Equity to assets ratio","Net margin","Asset turnover","Free cash flow per share","Current ratio"
2019-06-30,405246816,405246816,1,33148697000,None,16695891000,None,14994455000,1458351000,0,1657459000,13401538000,1320106000,137762000,137762000,0.34,0.34,0.87,510587000,-2728632000,2173009000,-47721000,359718000,2648457000,78.22,85.26,71.18,0.0422,0.0202,37,2.1,49.82,67.37,2.2522,0.8938,0.4523,0.1198,0.16,-5.28,None
2019-03-31,404940650,404940650,1,30637336000,None,14138960000,None,15078491000,1419885000,0,1607684000,12410495000,1272245000,280470000,280470000,0.72,0.71,0.87,343895000,197268000,-452205000,91310000,407439000,349936000,73.11,79.41,66.82,0.0444,0.0221,37.24,2.03,36.01,66.5,2.1457,0.8231,0.4922,0.128,0.16,-0.01,None
2018-12-31,386361193,386361193,1,30342072000,None,14331427000,None,14632334000,1378311000,718498000,1649480000,12256363000,1241243000,124696000,124696000,0.27,0.28,0.87,372796000,-253178000,-81191000,34844000,316129000,201565000,67.84,74.75,60.93,0.0568,0.0286,36.01,1.88,46.79,65.63,1.6772,0.8809,0.4586,0.1662,0.16,0.44,None
2018-09-30,375644415,375644415,1,30249119000,None,14579054000,None,14307685000,1362380000,718498000,440936000,12304828000,1236379000,84226000,64384000,0.17,0.17,0.87,372724000,-2263544000,1899849000,8902000,281285000,3016722000,64.22,67.7,60.74,0.0398,0.0217,36.18,1.75,43.39,64.76,2.3808,0.9055,0.4492,0.1194,0.16,-7.04,None
2018-06-30,372027784,372027784,1,27618982000,None,12420338000,None,14341923000,856721000,718498000,452680000,10995134000,1125912000,167273000,154432000,0.42,0.41,0.87,469780000,-290826000,-164941000,8264000,272383000,50019000,56.52,63.45,49.58,0.0402,0.0223,36.62,1.52,35.77,63.89,2.331,0.8071,0.4933,0.1255,0.16,1.13,None
2018-03-31,371981518,371981518,1,27746659000,None,12298458000,None,14558435000,889766000,718498000,2016340000,10577232000,1096965000,453555000,437671000,1.18,1.17,0.87,368644000,421077000,-835349000,-45184000,264119000,-822927000,58.45,64.68,52.22,0.0423,0.0235,37.21,1.59,46.02,63.02,2.1917,0.7643,0.4988,0.1353,0.16,3.2,None
2017-12-31,371669527,371669527,1,27944445000,None,12643799000,None,14423147000,877499000,718503000,1947826000,11108093000,1104258000,-89737000,-111516000,-0.3,-0.3,0.87,271713000,-374615000,-14420000,-114786000,309303000,-590076000,66.97,70.87,63.06,0.0333,0.0193,36.87,1.77,27,62.15,2.7719,0.8105,0.4904,0.1074,0.15,2.32,None
2017-09-30,370356835,370356835,1,28180379000,None,12548967000,None,14729925000,901487000,718503000,1954065000,11197079000,1091483000,89299000,74043000,0.2,0.2,0.87,318355000,-369929000,-167130000,-206037000,236247000,656642000,72.84,75.91,69.77,0.0651,0.0348,37.83,1.9,22.69,61.28,1.4023,0.7991,0.4972,0.2117,0.15,-0.91,None
2017-06-30,368878685,368878685,1,27975786000,None,12273387000,None,14828832000,873567000,718750000,1887050000,11090920000,1058602000,203441000,188429000,0.51,0.51,0.87,458583000,-166114000,-239351000,61924000,442284000,-88320000,73.41,78.17,68.66,0.0841,0.0436,38.25,1.93,22.66,60.41,1.0804,0.786,0.5044,0.2732,0.15,1.48,None
2017-03-31,366166605,366166605,1,27767277000,None,12271596000,None,14636203000,859478000,718750000,1900511000,10949744000,1062298000,337610000,312639000,0.86,0.86,0.87,385526000,1065239000,-1492626000,-39018000,380360000,-873269000,67.88,71.14,64.63,0.0857,0.0435,38.01,1.78,24.24,59.54,1.0628,0.7868,0.5012,0.2737,0.15,3.44,None
2016-12-31,362558457,362558457,1,28865184000,None,13185279000,None,14806393000,873512000,1006250000,1907375000,11725104000,1078320000,351106000,333044000,0.92,0.91,0.86,356349000,981633000,-1336637000,-9239000,419378000,-958867000,67.12,74.85,59.39,0.0743,0.0371,38.06,1.77,29.7,58.67,1.2232,0.8496,0.4781,0.2365,0.15,3.63,None
2016-09-30,362531659,362531659,1,29856339000,None,14198571000,None,14789845000,867923000,1006250000,1942502000,12091584000,1079133000,354741000,334910000,0.93,0.93,0.86,423605000,-929701000,469366000,-37968000,428617000,882113000,76.27,80.19,72.34,0.0599,0.0301,38.02,2.04,41.23,57.81,1.5036,0.8772,0.4617,0.1919,0.14,-1.26,None
2016-06-30,357915158,357915158,1,28964501000,None,13701807000,None,14393374000,869320000,1006250000,1809442000,12238790000,1076657000,210749000,195474000,0.55,0.54,0.86,475029000,-119471000,-236147000,110636000,466585000,221307000,71.39,76.24,66.55,0.0487,0.0253,37.4,1.89,32.45,56.95,1.8221,0.9142,0.4622,0.1596,0.14,0.71,None
2016-03-31,356995083,356995083,1,29088293000,None,13728843000,None,14519594000,839856000,1006250000,1836737000,13063198000,1047050000,165474000,148969000,0.42,0.42,0.86,373712000,-241964000,-137030000,-4959000,355949000,273246000,61.63,70.45,52.8,0.0571,0.0299,37.85,1.61,26.34,56.09,1.5248,0.9667,0.4646,0.1935,0.14,0.28,None
2015-12-31,355140936,355140936,1,29023845000,None,13664877000,None,14590560000,768408000,1006250000,1418906000,12967686000,1029483000,149411000,132929000,0.37,0.37,0.83,337144000,-978518000,716504000,68866000,360908000,863705000,64.73,71.25,58.21,0.0601,0.0322,38.25,1.68,25.48,55.23,1.4252,0.9546,0.468,0.212,0.14,-1.48,None
2015-09-30,353879510,353879510,1,27456366000,None,12154426000,None,14645093000,656847000,1006250000,1648657000,11467775000,978997000,199257000,182043000,0.52,0.52,0.825,417023000,-283245000,-54772000,74100000,292042000,297176000,65.61,70.22,61,0.0659,0.0355,38.54,1.69,26.67,54.4,1.2953,0.8408,0.4967,0.2364,0.14,0.34,None
2015-06-30,351884894,351884894,1,27407482000,None,12202803000,None,14687173000,517506000,1006250000,1683493000,11552366000,957169000,330459000,312573000,0.89,0.89,0.825,393119000,-412629000,31894000,15669000,217942000,399250000,72.54,79.6,65.48,0.0642,0.0347,38.88,1.88,40.08,53.58,1.3289,0.8444,0.4992,0.2322,0.14,-0.02,None
2015-03-31,350626627,350626627,1,26629395000,None,11618938000,None,14555387000,455070000,1006250000,1652963000,11014789000,894177000,209422000,190799000,0.57,0.56,0.825,226182000,-1809768000,1312823000,-271453000,202273000,1413109000,79.04,84.88,73.2,0.0479,0.0263,38.64,2.14,55.66,52.75,1.7969,0.813,0.5088,0.171,0.14,-3.39,None
2014-12-31,329912724,329912724,1,25014296000,None,11454838000,None,13175153000,384305000,1006250000,1204257000,10828013000,867770000,206475000,188639000,0.58,0.57,0.79,284501000,-1019310000,210682000,-524952000,473726000,854461000,70.11,78.17,62.05,0.039,0.0213,36.89,1.88,78.78,51.93,2.2342,0.8898,0.4865,0.1336,0.14,-1.73,None
2014-09-30,327674096,327674096,1,24541722000,None,10959884000,None,13195609000,386229000,1006250000,1503208000,10282842000,847523000,152771000,136255000,0.44,0.44,0.795,258635000,-308474000,839969000,791324000,998678000,278599000,64.89,68.36,61.42,0.0245,0.014,37.2,1.79,124.79,51.14,3.564,0.8436,0.4967,0.0829,0.14,-0.06,None
2014-06-30,308544842,308544842,1,23573890000,None,11023596000,None,12182769000,367525000,1006250000,1524393000,10345196000,826446000,87854000,71829000,0.24,0.24,0.795,336873000,-447031000,132924000,21426000,207354000,361972000,62.08,65.25,58.91,0.0145,0.0091,36.22,1.76,248.32,50.34,5.9807,0.9256,0.4741,0.0482,0.14,-0.08,None
2014-03-31,291458048,291458048,1,23211042000,None,11554145000,None,11294355000,362542000,1006250000,1552210000,10941474000,801807000,65200000,50022000,0.17,0.17,0.795,258661000,-351391000,119597000,27148000,185928000,135164000,56.41,59.93,52.9,0.007,0.0058,35.3,1.57,194.52,49.55,12.1456,1.0635,0.4432,0.0242,0.13,0.42,None
2013-12-31,289970598,289970598,1,23083957000,None,11292587000,None,11414583000,376787000,1017361000,1139075000,10652014000,777638000,25695000,11473000,0.04,0.04,0.77,362590000,-329039000,-25642000,-6058000,158780000,-3067854000,59.59,66.76,52.43,0.0077,0.0062,35.86,1.63,97.69,48.75,10.9668,1.0245,0.4504,0.0273,0.13,11.83,None
2013-09-30,288670688,288670688,1,23049805000,None,11103680000,None,11560463000,385662000,1022917000,1118863000,10443239000,786930000,33605000,20691000,0.07,0.07,0.765,219170000,-499985000,-80555000,-347634000,164838000,690337000,63.48,68.79,58.16,0.0159,0.0102,36.5,1.71,90.69,47.98,5.2764,0.9911,0.4572,0.0616,0.12,-1.63,None
2013-06-30,286334855,286334855,1,22196393000,None,10099427000,None,11644161000,452805000,1022917000,997231000,9560066000,682125000,7181000,-8508000,-0.03,-0.03,0.765,206929000,-733866000,769451000,242630000,512472000,722915000,70.84,80.07,61.62,0.0182,0.0118,37.09,2.02,72.29,47.22,4.6104,0.9001,0.4785,0.0775,0.11,-1.8,None
2013-03-31,261550566,261550566,1,20788972000,None,10372098000,None,10180772000,236102000,1022917000,879816000,9853928000,633915000,71799000,55058000,0.21,0.21,0.765,199808000,-1968703000,1004416000,-763922000,269842000,1555971000,64.35,67.92,60.78,0.0273,0.0164,35.01,1.81,67.03,46.45,3.1304,1.076,0.4405,0.1176,0.11,-5.19,None
2012-12-31,260433734,260433734,1,19549109000,None,8993998000,None,10294801000,260310000,1022917000,742005000,8531899000,459519000,104759000,90573000,0.34,0.36,0.74,254663000,-1495365000,892214000,-348488000,1033764000,917421000,59.11,61.33,56.88,0.0271,0.0168,35.6,1.64,79.88,45.69,3.164,0.9202,0.4743,0.1218,0.1,-2.54,None
2012-09-30,259682359,259682359,1,18282275000,None,7724823000,None,10356027000,201425000,1022917000,641086000,7319025000,474139000,53871000,37269000,0.17,0.16,0.74,212432000,-869772000,1834697000,1177357000,1382252000,815842000,59.64,62.8,56.48,0.0214,0.0143,35.94,1.82,75.49,44.95,4.086,0.7842,0.5105,0.09,0.11,-2.32,None
2012-06-30,214766609,214766609,1,16347426000,None,8085565000,None,8058073000,203788000,1022917000,592466000,7685500000,453082000,77696000,54735000,0.26,0.25,0.74,176994000,-690005000,248689000,-264322000,204895000,463961000,55.37,58.34,52.4,0.0245,0.0154,32.76,1.67,59.54,44.21,3.6963,1.0924,0.4304,0.0944,0.11,-1.34,None
2012-03-31,213818411,213818411,1,15859734000,None,7271181000,None,8396385000,192168000,1297917000,565710000,6877979000,435359000,58514000,39307000,0.2,0.19,0.74,174044000,-537837000,669528000,305735000,469217000,537616000,55.46,57.66,53.26,0.0284,0.0168,33.2,1.75,62.31,43.47,3.1883,0.9689,0.4476,0.1081,0.11,-1.7,None
2011-12-31,192618772,192618772,1,14924606000,None,7612309000,None,7124764000,187533000,1010417000,496520000,7240752000,399840000,44517000,27282000,0.14,0.14,0.72,170591000,-847494000,703709000,26806000,163482000,849053000,49.41,55.17,43.65,0.0275,0.0157,31.74,1.59,49.91,42.73,3.2808,1.1842,0.4097,0.1105,0.1,-3.52,None
2011-09-30,178909191,178909191,1,13861089000,None,7135060000,None,6578793000,147236000,1010417000,430153000,6793047000,384786000,53841000,36607000,0.21,0.21,0.715,176035000,-657736000,289619000,-192082000,136676000,646954000,47.83,54.63,41.03,0.0311,0.017,31.12,1.52,60.54,42.01,2.9151,1.2199,0.4017,0.1357,0.1,-2.63,None
2011-06-30,177446904,177446904,1,13480661000,None,6729209000,None,6598190000,153262000,1010417000,398869000,6403659000,381059000,87200000,69847000,0.4,0.39,0.715,126486000,-2402194000,-63529000,-2339237000,328758000,2521276000,52.5,55.21,49.79,0.0266,0.015,31.49,1.65,68.18,41.29,3.4496,1.146,0.4145,0.1285,0.09,-13.5,None
2011-03-31,176757398,176757398,1,13258044000,None,6482895000,None,6620141000,155008000,1010417000,398827000,6148636000,255477000,32052000,23372000,0.15,0.15,0.69,115112000,-612705000,3034018000,2536425000,2667995000,640629000,49.75,52.74,46.75,0.0243,0.0137,31.74,1.7,59.94,40.58,3.8456,1.0961,0.4231,0.1333,0.08,-2.97,None
2010-12-31,147381372,147381372,1,9451734000,None,4714081000,None,4602851000,134802000,291667000,309286000,4469736000,188494000,39988000,34300000,0.25,0.24,0.69,73737000,-1309389000,1186075000,-49577000,131570000,1186507000,48.06,52.06,44.07,0.0284,0.0165,29.25,1.68,57.21,39.89,3.4063,1.0368,0.4561,0.1571,0.09,-7.55,None
2010-09-30,135129154,135129154,1,7893067000,None,3672984000,None,4130006000,90077000,275000000,223349000,3471455000,176146000,5781000,1124000,0.01,0.01,0.69,99498000,-401510000,427736000,125724000,181147000,333261000,44.7,48.54,40.85,0.0292,0.0178,28.53,1.62,44.7,39.2,3.3226,0.9005,0.4884,0.1656,0.09,-1.73,None
2010-06-30,124625296,124625296,1,7079331000,None,3342206000,None,3726729000,10396000,286410000,147861000,3154763000,163131000,51064000,45646000,0.37,0.37,0.68,99018000,-309277000,229124000,18865000,55423000,211629000,42.43,46.44,38.42,0.0351,0.0217,27.61,1.52,36.58,38.51,2.7549,0.917,0.486,0.2042,0.09,-0.9,None
2010-03-31,124112014,124112014,1,6774378000,None,3014462000,None,3750234000,9682000,287974000,147957000,2828487000,152759000,31694000,25812000,0.21,0.21,0.68,92488000,-291863000,200457000,1082000,36558000,123752000,43.3,46.79,39.82,0.0398,0.0245,27.9,1.53,28.68,37.83,2.4156,0.8169,0.5111,0.2353,0.09,-0.25,None
2009-12-31,123687306,123687306,1,6367186000,None,2559735000,None,3797039000,10412000,288683000,127390000,2414022000,137861000,36838000,31701000,0.26,0.25,0.68,90810000,-80941000,-76746000,-66877000,35476000,111081000,43.64,46.74,40.53,0.0513,0.0307,28.36,1.52,29.49,37.15,1.8658,0.6881,0.551,0.3009,0.09,-0.16,None
2009-09-30,123011917,123011917,1,6381406000,None,2545256000,None,3825528000,10622000,288683000,121059000,2420487000,145098000,24685000,19130000,0.17,0.17,0.68,106116000,-128866000,45598000,22848000,102353000,97797000,38.52,44.4,32.64,0.0509,0.0296,28.75,1.36,20.49,36.47,1.9109,0.6844,0.5542,0.2874,0.09,0.07,None
2009-06-30,111887972,111887972,1,6247659000,None,2786722000,None,3450826000,10111000,289000000,133480000,2697432000,141686000,64759000,59240000,0.53,0.53,0.68,99776000,-90198000,50747000,60325000,79505000,67682000,33.02,36.41,29.62,0.0653,0.0358,28.26,1.16,10.69,35.79,1.5,0.8531,0.5061,0.3505,0.09,0.29,None
2009-03-31,111129026,111129026,1,6143081000,None,2692474000,None,3440121000,10486000,289000000,133457000,2589873000,144328000,66645000,61119000,0.56,0.56,0.68,84557000,29945000,-118692000,-4190000,19180000,98392000,34.09,42.32,25.86,0.1046,0.0527,28.36,1.29,11.84,35.11,0.9668,0.8219,0.513,0.5281,0.09,-0.12,None
2008-12-31,110736958,110736958,1,6193118000,None,2970929000,None,3211586000,10603000,289929000,133324000,2863772000,134378000,28593000,23053000,0.23,0.22,0.68,67844000,-210368000,147621000,5097000,23370000,121612000,41.82,53.5,30.14,0.1026,0.0492,26.38,1.49,13.19,34.43,1.0172,0.9802,0.4718,0.4806,0.09,-0.49,None
2008-09-30,103453829,103453829,1,6021955000,None,2811441000,None,3201556000,8958000,301901000,136603000,2686455000,145096000,60522000,54792000,0.57,0.57,0.68,101381000,-247888000,139702000,-6805000,18273000,312820000,48.26,53.98,42.54,0.1201,0.055,28.03,1.97,16.64,33.75,0.881,0.9265,0.4815,0.5214,0.1,-2.04,None
2008-06-30,94909084,94909084,1,5805014000,None,3164221000,None,2633124000,7669000,305681000,134636000,3056954000,135888000,162397000,156613000,1.75,1.74,0.68,88978000,-346564000,250382000,-7204000,25078000,182582000,47.25,50.49,44,0.1196,0.0522,24.52,1.95,31.93,33.07,0.9207,1.3134,0.4009,0.4837,0.1,-0.99,None
2008-03-31,89799692,89799692,1,5387456000,None,2869152000,None,2508607000,9697000,327897000,134388000,2758437000,135852000,36599000,30452000,0.35,0.35,0.66,77451000,-205676000,130238000,2013000,32282000,168315000,42.86,46.45,39.26,0.0609,0.0291,24.28,1.77,29.56,32.39,1.8085,1.2649,0.4048,0.2423,0.1,-1.01,None
2007-12-31,85759075,85759075,1,5213856000,None,2799813000,None,2404356000,9687000,330243000,131312000,2704668000,129049000,48946000,42767000,0.52,0.51,0.66,72512000,-281798000,208115000,-1171000,30269000,-274148000,43.77,46.55,41,0.0612,0.0291,24.19,1.86,36.47,31.73,1.6163,1.304,0.3978,0.2392,0.1,4.04,None
2007-09-30,81499265,81499265,1,4971827000,None,2706215000,None,2260684000,4928000,338993000,129533000,2548402000,125076000,30846000,24529000,0.3,0.3,0.66,79462000,-158400000,71906000,-7032000,31440000,134023000,39.66,44.24,35.08,0.0508,0.0249,23.58,1.67,31.98,31.07,1.9604,1.3261,0.3865,0.2061,0.1,-0.67,None
2007-06-30,80995561,80995561,1,4824804000,None,2555106000,None,2267404000,2294000,338993000,136589000,2404366000,119252000,31937000,25620000,0.32,0.32,0.66,50551000,-229263000,185891000,7179000,38472000,237580000,42.22,45.8,38.64,0.0541,0.0266,23.81,2.04,32.73,30.41,1.8757,1.2468,0.3997,0.2215,0.09,-2.31,None
2007-03-31,80519995,80519995,1,4458654000,None,2447916000,None,2008384000,2354000,338993000,85110000,2300116000,112645000,29673000,23356000,0.32,0.32,0.2991,61358000,-215875000,149594000,-4923000,31293000,150138000,45.58,48.55,42.62,0.0581,0.0286,20.73,2.04,34.79,29.75,1.7839,1.3778,0.3744,0.2374,0.1,-1.1,None
2006-12-31,73535305,73535305,1,4280610000,None,2299589000,None,1978793000,2228000,338993000,84082000,2145786000,84490000,22958000,17494000,0.27,0.26,0.64,57462000,-271011000,234275000,20726000,36216000,103988000,40.81,43.02,38.6,0.0609,0.0303,22.3,2.03,26.85,29.45,2.0428,1.3086,0.3831,0.2518,0.1,-0.63,None
2006-09-30,63067226,63067226,1,3200829000,None,1653860000,None,1546969000,0,276875000,0,1603302000,80745000,26813000,21480000,0.34,0.34,0.64,58021000,-159415000,101684000,290000,15490000,109202000,37.33,40.12,34.55,0.0745,0.0365,20.14,1.84,24.08,28.81,1.7188,1.2623,0.3968,0.2914,0.1,-0.81,None
2006-06-30,62683909,62683909,1,3062112000,None,1516174000,None,1545938000,0,276875000,0,1470533000,80176000,28001000,22668000,0.37,0.37,0.64,36410000,-73196000,26228000,-10558000,15200000,70639000,35.45,38.09,32.8,0.0768,0.0374,20.25,1.9,30.83,28.17,1.6761,1.1588,0.4144,0.2936,0.1,-0.55,None
2006-03-31,62116551,62116551,1,3012640000,None,1577723000,None,1434917000,0,276875000,0,1528324000,77413000,24978000,19645000,0.34,0.34,0.62,64553000,-57193000,-17839000,-10479000,25758000,75467000,36.09,38.5,33.68,0.0589,0.03,18.64,1.83,31.66,27.53,2.2027,1.3197,0.3844,0.2219,0.1,-0.18,None
2005-12-31,58634601,58634601,1,2972164000,None,1541408000,None,1430756000,0,276875000,0,1500818000,71796000,31920000,26587000,0.47,0.47,0.62,58782000,-250391000,200727000,9118000,36237000,291781000,35.36,37.37,33.35,0.0586,0.0306,19.68,1.85,36.83,26.91,2.165,1.3007,0.3882,0.2224,0.1,-3.97,None
2005-09-30,54631567,54631567,1,2736898000,None,1417202000,None,1319696000,0,276989000,0,1373154000,73065000,25297000,19908000,0.37,0.37,0.62,48803000,-1495000,-35256000,12052000,27119000,10178000,37.17,39.2,35.13,0.0497,0.0278,19.09,1.94,38.72,26.29,2.5328,1.3169,0.381,0.1869,0.1,0.71,None
2005-06-30,53892200,53892200,1,2739939000,None,1425974000,None,1313965000,0,283751000,0,1381620000,68607000,3830000,-1606000,-0.03,-0.03,0.62,33710000,-180348000,144276000,-2362000,15067000,179813000,34.84,37.99,31.69,0.0488,0.0272,19.12,1.77,25.62,25.67,2.5302,1.3411,0.376,0.1901,0.1,-2.71,None
2005-03-31,53483623,53483623,1,2560362000,None,1225957000,None,1334405000,0,283751000,0,1208006000,68379000,23239000,17803000,0.34,0.33,0.6,32460000,-16835000,-17959000,-2334000,17429000,26194000,34.59,38.04,31.15,0.0685,0.036,19.64,1.75,24.88,25.05,1.7627,1.1498,0.4104,0.2774,0.11,0.12,None
2004-12-31,53345707,53345707,1,2549643000,None,1214364000,None,1335279000,0,283751000,0,1186225000,67471000,21210000,15768000,0.3,0.29,0.6,48727000,-94734000,50351000,4344000,19763000,107994000,36.28,38.15,34.41,0.0695,0.0364,19.71,1.82,25.37,24.45,1.7137,1.1281,0.4124,0.2889,0.11,-1.11,None
2004-09-30,52416466,52416466,1,2451314000,None,1117300000,None,1334014000,0,289294000,0,1101341000,63629000,21807000,19004000,0.37,0.37,0.6,32454000,-290982000,239957000,-18571000,15419000,276516000,33.16,35.2,31.11,0.071,0.0369,19.93,1.64,21.82,23.85,1.6544,1.0542,0.4262,0.3064,0.11,-4.66,None
2004-06-30,51640370,51640370,1,2191581000,None,1030496000,None,1161085000,0,116859000,0,1012936000,59334000,21429000,19207000,0.37,0.37,0.6,39894000,-32086000,-20881000,-13073000,33990000,35080000,34.29,40.88,27.7,0.0737,0.0404,20.22,1.69,21.98,23.25,1.5843,0.97,0.4765,0.3319,0.11,0.09,None
2004-03-31,51333401,51333401,1,2186321000,None,1025958000,None,1160363000,0,119631000,0,1012616000,60961000,20925000,18655000,0.37,0.36,0.585,22950000,-89560000,-10823000,-77433000,47063000,85390000,38.21,40.65,35.77,0.0761,0.0414,20.27,1.9,23.73,22.65,1.5527,0.973,0.476,0.3381,0.11,-1.22,None
2003-12-31,51098962,51098962,1,2182731000,None,1033052000,None,1149679000,0,120761000,0,1013184000,56908000,19080000,16936000,0.34,0.33,0.58,54849000,-51835000,113310000,116324000,124496000,42994000,33.39,36.1,30.68,0.0795,0.0435,20.14,1.68,21,22.07,1.5103,0.9847,0.4714,0.3518,0.11,0.23,None
2003-09-30,49239128,49239128,1,2031611000,None,910487000,None,1121124000,0,145150000,0,903164000,49975000,25301000,20601000,0.47,0.46,0.585,20435000,-177231000,157015000,219000,8172000,150038000,30.54,31.82,29.25,0.0801,0.045,19.82,1.64,19.58,21.49,1.5213,0.9254,0.4804,0.3538,0.11,-2.63,None
2003-06-30,42356855,42356855,1,1746100000,None,850790000,None,895310000,0,106150000,0,833508000,47856000,19062000,16744000,0.41,0.41,0.585,34933000,-120604000,59746000,-25925000,7953000,113274000,28.41,30.73,26.1,0.0811,0.045,18.63,1.5,18.69,20.9,1.5164,1.0562,0.452,0.3481,0.11,-1.85,None
2003-03-31,40347295,40347295,1,1641840000,None,748467000,None,893373000,0,127500000,0,740830000,46292000,19297000,16451000,0.41,0.41,0.585,19304000,-39076000,44100000,24328000,33878000,38652000,26.38,27.92,24.84,0.0782,0.0456,18.98,1.38,17.82,20.32,1.5665,0.9673,0.4665,0.3438,0.11,-0.48,None
2002-12-31,40294976,40294976,1,1594110000,None,696878000,None,897232000,0,127500000,0,676331000,42712000,15177000,12305000,0.3,0.31,0.58,34196000,-84567000,38481000,-11890000,9550000,115507000,26.46,28.65,24.27,0.0764,0.0454,19.1,1.37,17.88,19.73,1.6105,0.8787,0.4829,0.3384,0.11,-2.02,None
2002-09-30,39056541,39056541,1,1532867000,None,653225000,None,879642000,0,127500000,0,639537000,42373000,19763000,16885000,0.44,0.43,0.585,23551000,-59031000,47664000,12184000,21440000,39249000,27.1,29.94,24.26,0.0774,0.0466,19.26,1.44,18.56,19.15,1.6148,0.8503,0.4907,0.3394,0.11,-0.4,None
2002-06-30,38989230,38989230,1,1466304000,None,595147000,None,871157000,0,135000000,0,576033000,40638000,16831000,13490000,0.38,0.37,0.585,29990000,-105330000,76474000,1134000,9256000,105012000,29.62,31.82,27.41,0.0764,0.0475,18.88,1.59,19.88,18.57,1.6459,0.7825,0.502,0.3346,0.11,-1.92,None
2002-03-31,33947132,33947132,1,1368980000,None,587420000,None,781560000,0,150000000,0,571373000,37395000,15888000,12511000,0.38,0.37,0.585,17630000,-104502000,85168000,-1704000,8122000,97659000,26.19,28.3,24.08,0.0774,0.0491,18.6,1.46,17.12,17.98,1.6251,0.9047,0.4613,0.3411,0.11,-2.36,None
2001-12-31,33947137,33947137,1,1269843000,None,511973000,None,757870000,0,150000000,0,491216000,35068000,13256000,9879000,0.31,0.31,0.58,27596000,-72192000,10858000,-33738000,9826000,66991000,25.32,26.4,24.25,0.079,0.0509,17.91,1.35,15.63,17.39,1.5857,0.8081,0.4787,0.3482,0.11,-1.16,None
2001-09-30,32595721,32595721,1,1195287000,None,432301000,None,762986000,0,150000000,0,416051000,34733000,16967000,13591000,0.42,0.41,0.585,23352000,-6171000,20529000,37710000,43564000,26142000,24.38,26.25,22.5,0.0837,0.0535,18.81,1.28,14.43,16.82,1.4744,0.6787,0.5128,0.3648,0.11,-0.09,None
2001-06-30,32388514,32388514,1,1152753000,None,387306000,None,765447000,0,150000000,0,371318000,32742000,15123000,11747000,0.41,0.4,0.585,19910000,-13116000,-3477000,3317000,5854000,24512000,22.84,24.8,20.87,0.0863,0.054,19,1.21,12.69,16.23,1.4218,0.6033,0.5339,0.3701,0.11,-0.14,None
2001-03-31,28879061,28879061,1,1141281000,None,446446000,None,694835000,0,150000000,0,430135000,32577000,15203000,11827000,0.41,0.41,0.585,17824000,11855000,-29986000,-307000,2537000,6857000,18.61,21.16,16.06,0.0878,0.0563,18.87,0.98,9.74,15.64,1.3008,0.7895,0.4774,0.3882,0.11,0.38,None
2000-12-31,28879061,28879061,1,1156904000,None,458297000,None,698607000,0,150000000,0,439752000,33165000,14814000,11437000,0.41,0.4,0.58,24179000,-6305000,-18546000,-672000,2844000,8616000,17.09,18.25,15.94,0.0869,0.0573,19,0.89,8.46,15.06,1.2251,0.8016,0.4742,0.4034,0.11,0.54,None
2000-09-30,28693011,28693011,1,1162283000,None,459271000,None,703012000,0,150000000,0,438717000,33351000,17161000,13785000,0.48,0.48,0.585,16170000,7149000,-22825000,494000,3516000,-4540000,17.72,19.25,16.19,0.0865,0.0586,19.27,0.72,8.4,14.48,1.1546,0.7933,0.4758,0.4249,0.11,0.72,None
2000-06-30,28616967,28616967,1,1169326000,None,464614000,None,704712000,0,0,0,442682000,33927000,17963000,14587000,0.51,0.51,0.585,25290000,86797000,-110445000,1642000,3022000,-48749000,15.28,16.75,13.81,0.0852,0.0593,24.63,0.62,7.07,13.89,1.0993,0.6282,0.6027,0.44,0.11,2.59,None
2000-03-31,28576877,28576877,1,1261866000,None,555957000,None,705909000,0,0,0,534218000,34827000,18118000,14757000,0.52,0.52,0.58,17060000,6458000,-24267000,-749000,1380000,-16060000,16.09,17.44,14.75,0.0868,0.0595,24.7,0.65,7.28,13.31,1.0663,0.7568,0.5594,0.4536,0.11,1.16,None
1999-12-31,28587994,28587994,1,1271171000,None,564175000,None,706996000,0,0,0,538842000,33811000,17975000,14623000,0.52,0.51,0.58,26267000,-21902000,-10015000,-5650000,2129000,17093000,17.34,20,14.69,0.0888,0.0614,24.73,0.7,7.54,12.73,1.03,0.7622,0.5562,0.4885,0.1,0.32,None
1999-09-30,28490600,28490600,1,1261859000,None,553733000,None,708126000,0,0,0,529464000,34160000,19546000,16195000,0.57,0.57,0.57,21071000,-21090000,6891000,6872000,7779000,21728000,21.59,23.88,19.31,0.0963,0.0641,24.85,0.87,9.43,12.15,0.9604,0.7477,0.5612,0.5412,0.1,-0.02,None
1999-06-30,28376566,28376566,1,1235513000,None,528161000,None,707352000,0,0,0,503986000,32469000,19139000,15787000,0.56,0.56,0.565,26893000,-82309000,55092000,-324000,907000,73729000,23.19,25.63,20.75,0.0985,0.0649,24.93,0.93,10.22,11.58,0.975,0.7125,0.5725,0.5646,0.1,-1.65,None
1999-03-31,28317335,28317335,1,1160045000,None,453351000,None,706694000,0,0,0,430608000,28164000,18978000,16219000,0.58,0.57,0.56,21902000,-87904000,65964000,-38000,1231000,84829000,23.91,26.63,21.19,0.1009,0.0655,24.96,1.07,10.67,11.02,0.9697,0.6093,0.6092,0.5968,0.1,-2.22,None
1998-12-31,28317335,28317335,1,1073424000,None,439665000,None,633759000,0,0,0,426408000,27770000,18132000,18132000,0.6,0.6,0.55,19425000,-89501000,69872000,-204000,1269000,68960000,23.31,26.63,20,0.1052,0.0652,22.38,1.14,10.55,10.46,0.9793,0.6728,0.5904,0.6104,0.1,-1.75,None
1998-09-30,28040734,28040734,1,985354000,None,413221000,None,572133000,0,0,0,391250000,25837000,16029000,14365000,0.57,0.56,0.55,18930000,-58915000,40188000,203000,1473000,59909000,24.94,27.5,22.38,0.1036,0.0656,20.4,1.11,11.44,9.9,1.0332,0.6838,0.5806,0.6073,0.1,-1.46,None
1998-06-30,25456788,25456788,1,926987000,None,356380000,None,570607000,0,0,0,337067000,23159000,14739000,13907000,0.55,0.54,0.545,18099000,-95772000,77254000,-419000,1270000,61349000,26.91,28.44,25.38,0.1067,0.0664,22.41,1.37,12.34,9.35,1.034,0.5907,0.6156,0.6294,0.1,-1.7,None
1998-03-31,25376697,25376697,1,836006000,None,338905000,None,497101000,0,0,0,328300000,21226000,13409000,13409000,0.55,0.54,0.54,19292000,-102395000,83411000,308000,1689000,68419000,27.94,29.25,26.63,0.1119,0.0692,19.59,1.51,13,8.81,1.0292,0.6604,0.5946,0.6421,0.11,-1.94,None
1997-12-31,25367997,25367997,1,734327000,None,264403000,None,469924000,0,0,0,249070000,19732000,12951000,12951000,0.57,None,0.53,10127000,-71653000,34817000,-26709000,1381000,44984000,27.13,28.75,25.5,0.1096,0.0697,18.52,1.59,12.74,8.27,1.0586,0.53,0.6399,0.634,0.11,-1.37,None
1997-09-30,24124633,24124633,1,686635000,None,274159000,None,412476000,0,0,0,85600000,18559000,11773000,11773000,0.53,None,0.53,20329000,-22991000,29779000,27117000,28090000,30375000,25.94,27.63,24.25,0.1097,0.0694,17.1,1.4,12.35,7.74,1.0679,0.2075,0.6007,0.6225,0.11,-0.42,None
1997-06-30,22076768,22076768,1,637595000,None,228133000,None,409462000,0,0,0,206600000,18448000,11928000,11928000,0.54,None,0.525,13910000,-29339000,16281000,852000,973000,16260000,23.63,25,22.25,0.108,0.0683,18.55,1.28,10.64,7.21,1.0748,0.5046,0.6422,0.5975,0.11,-0.11,None
1997-03-31,21887294,21887294,1,608432000,None,203998000,None,404434000,0,0,0,182500000,16569000,9826000,9826000,0.51,None,0.52,11642000,-88086000,75984000,-460000,121000,44216000,24.56,25.5,23.63,0.1119,0.0685,18.48,1.41,11.27,6.68,1.0615,0.4512,0.6647,0.5796,0.12,-1.49,None
1996-12-31,18662919,18662919,1,519831197,None,194295056,None,325536141,0,0,0,174125000,14817548,9046304,9046304,0.55,None,0.52,8882756,-52558527,40781613,-2894158,581390,32751753,24.13,25.25,23,0.1192,0.0673,17.44,1.41,14.28,6.16,1.0389,0.5349,0.6262,0.5639,0.12,-1.28,None
1996-09-30,16083931,16083931,1,471877642,None,197125040,None,274752602,0,0,0,93725000,14068308,7383279,7383279,0.5,None,0.52,10909023,-36679137,28566894,2796780,3475548,13148395,22.06,23.25,20.88,0.1006,0.054,17.08,1.33,15.01,5.64,1.268,0.3411,0.5823,0.4347,0.12,-0.14,None
1996-06-30,14457086,14457086,1,434477937,None,194180679,None,240297258,0,0,0,98900000,14625578,8568871,8568871,0.66,None,0.52,8045098,-36967033,28602918,-319017,678768,11802680,21.75,23,20.5,0.0915,0.0475,16.62,1.39,17.98,5.13,1.4231,0.4116,0.5531,0.3617,0.13,-0.26,None
1996-03-31,12082519,12082519,1,397412701,None,208719743,None,188692958,0,0,0,142600000,10890381,5677108,5677108,0.47,None,0.52,8382858,-38776815,30531392,137435,997785,8380095,20.25,22.63,17.88,0.0769,0.0389,15.62,1.3,17.46,4.61,1.7111,0.7557,0.4748,0.315,0.12,0,None
1995-12-31,12036196,12036196,1,358092053,None,170494257,None,187597796,0,0,0,158700000,11977893,785983,785983,0.06,None,0.52,17622460,-10987087,-6329501,305872,860350,0,17.44,19.13,15.75,0.0725,0.0384,15.59,1.1,10.83,4.08,1.7922,0.846,0.5239,0.3057,0.13,1.46,None
1995-09-30,11723528,11723528,1,358006376,None,171495261,None,186511115,0,0,0,106400000,13315515,3346835,3346835,0.28,None,0.52,-1458196,18997362,-17643405,-104239,554478,1650000,18.5,21.5,15.5,0.0992,0.054,15.91,1.15,9.84,3.56,1.2904,0.5705,0.521,0.4281,0.13,-0.27,None
1995-06-30,11695832,11695832,1,372168004,None,183480242,None,188687762,0,0,0,119100000,9677526,4637190,4637190,0.4,None,0.52,3821064,-40901194,37091561,11431,658717,1326000,21.75,23.13,20.38,0.1147,None,16.13,1.34,10.07,3.04,1.1008,0.6312,0.507,0.5303,0.12,0.21,None
1995-03-31,11649725,11649725,1,331098644,None,141865476,None,189233168,0,0,0,76300000,9624993,4864965,4864965,0.42,None,0.515,7167458,-7688149,232528,-288163,647286,0,21.13,22.38,19.88,0.1318,None,16.24,1.3,9.74,2.52,0.9476,0.4032,0.5715,0.5655,0.14,0.62,None
1994-12-31,11649725,11649725,1,324101989,None,134922214,None,189179775,0,0,0,122900000,11041911,5842644,5842644,0.51,None,0.51,6489049,-17858461,11610657,241245,935449,656500,21.19,22.63,19.75,None,None,16.24,1.3,None,2.01,0.9306,0.6496,0.5837,None,None,0.5,None
1994-09-30,11549064,11549064,1,306759454,None,118382393,None,188377061,0,0,0,54000000,10518166,6326167,6326167,0.55,None,0.505,10072273,-813972,-8887717,370584,694204,2854764,23.5,25,22,None,None,16.31,1.45,None,1.5,None,0.2867,0.6141,None,None,0.62,None
1994-06-30,11517237,11517237,1,306843312,None,119685382,None,187157930,0,0,0,55300000,12730715,7799857,7799857,0.68,None,0.5,8520832,8194319,-16714221,930,323620,4888826,24.25,25.25,23.25,None,None,16.25,1.51,None,0.99,None,0.2955,0.6099,None,None,0.32,None
1994-03-31,11494229,11494229,1,315882574,None,131324056,None,184558518,0,0,0,64300000,8441239,4984250,4984250,0.43,None,0.495,6895286,-35989144,24520234,-4573624,322690,5652960,23.94,25.38,22.5,None,None,16.06,None,None,0.495,None,0.3484,0.5843,None,None,0.11,None
