"Quarter end","Shares","Shares split adjusted","Split factor","Assets","Current Assets","Liabilities","Current Liabilities","Shareholders equity","Non-controlling interest","Preferred equity","Goodwill & intangibles","Long-term debt","Revenue","Earnings","Earnings available for common stockholders","EPS basic","EPS diluted","Dividend per share","Cash from operating activities","Cash from investing activities","Cash from financing activities","Cash change during period","Cash at end of period","Capital expenditures","Price","Price high","Price low","ROE","ROA","Book value of equity per share","P/B ratio","P/E ratio","Cumulative dividends per share","Dividend payout ratio","Long-term debt to equity ratio","Equity to assets ratio","Net margin","Asset turnover","Free cash flow per share","Current ratio"
2012-09-30,175061774,175061774,1,1713100000,1086400000,464000000,180500000,1232400000,16700000,0,0,104800000,257700000,-39100000,-37200000,-0.21,-0.21,0.08,9600000,-7600000,-2200000,-1000000,10700000,26200000,12.36,13.93,10.79,0.0407,0.0287,7.04,1.78,19.94,0.89,1.0704,0.085,0.7194,0.0464,0.64,-0.09,6.0188
2012-06-30,175061774,175061774,1,1681700000,1066500000,448500000,171300000,1217800000,15400000,0,0,93900000,281800000,32900000,32900000,0.17,0.17,0.07,-44300000,-32200000,48300000,-27700000,11700000,18000000,12.73,15.05,10.42,0.0916,0.0686,6.96,1.81,20.21,0.81,0.4687,0.0771,0.7241,0.1038,0.66,-0.36,6.2259
2012-03-31,175179774,175179774,1,1672100000,1021100000,424100000,191500000,1232900000,15100000,0,0,31000000,276700000,25600000,25600000,0.15,0.15,0.075,-33500000,8500000,15900000,-7900000,39400000,9700000,14.92,16.53,13.3,0.0896,0.0687,7.04,2.15,23.31,0.74,0.4845,0.0251,0.7373,0.1035,0.66,-0.25,5.3321
2011-12-31,175179774,175179774,1,1622000000,959500000,390600000,182600000,1218300000,13100000,0,0,0,258700000,28600000,28600000,0.16,0.16,0.08,-27800000,4800000,-19000000,-41600000,47300000,21900000,15.73,17.95,13.52,0.0918,0.0718,6.95,2.24,25.79,0.66,0.3552,0,0.7511,0.1091,0.66,-0.28,5.2547
2011-09-30,175179774,175179774,1,1563900000,928000000,320700000,166200000,1228500000,14700000,0,0,0,262500000,25000000,25000000,0.14,0.14,0.075,11500000,36000000,-48900000,-4700000,88900000,14900000,16.23,19.19,13.28,0.0878,0.0698,7.01,2.29,27.51,0.58,0.2434,0,0.7855,0.1084,0.64,-0.02,5.5836
2011-06-30,177864873,177864873,1,1589200000,976100000,311100000,153100000,1263100000,15000000,0,0,0,272000000,31500000,31500000,0.18,0.18,0.075,-19500000,88000000,-58200000,10500000,93600000,9700000,18.21,20.39,16.03,0.0861,0.0686,7.1,2.62,35.02,0.51,0.1267,0,0.7948,0.1106,0.62,-0.16,6.3756
2011-03-31,180174253,180174253,1,1579200000,1016000000,306200000,152400000,1255500000,17500000,700000,0,0,252000000,28900000,28900000,0.16,0.16,0,-6200000,-196600000,0,-200300000,83100000,7600000,18.6,20.69,16.51,0.0781,0.0625,6.96,2.77,41.33,0.44,0,0,0.7946,0.1041,0.6,-0.08,6.6667
2010-12-31,180174253,180174253,1,1498000000,940700000,272300000,122800000,1209900000,15800000,700000,0,0,217400000,23300000,23400000,0.13,0.13,0,15200000,47200000,0,61500000,283400000,12200000,18.85,21.1,16.6,0.0699,0.056,6.71,2.91,55.44,0.44,0,0,0.8072,0.094,0.59,0.02,7.6604
2010-09-30,180174253,180174253,1,1465100000,901000000,283100000,115000000,1166500000,15500000,700000,0,0,210300000,21500000,21500000,0.12,0.12,0,26100000,6300000,-100000,35800000,221900000,5700000,19.9,22.93,16.87,0.0554,0.045,6.47,3.2,86.52,0.44,0,0,0.7957,0.0758,0.58,0.11,7.8348
2010-06-30,180174253,180174253,1,1398300000,844600000,262300000,100000000,1122100000,13900000,700000,0,0,212000000,19100000,19000000,0.11,0.11,0,28300000,-46400000,-4800000,-25400000,186100000,3200000,17.55,21.29,13.8,0.0376,0.031,6.22,2.83,103.24,0.44,0,0,0.802,0.0529,0.57,0.14,8.446
2010-03-31,179551134,179551134,1,1407000000,826800000,273100000,105100000,1117300000,16600000,3200000,0,0,217500000,16800000,16700000,0.09,0.09,0,51800000,-6600000,-1400000,42100000,211500000,2400000,13.96,17.39,10.54,0.0283,0.0236,6.2,2.27,73.47,0.44,0,0,0.7918,0.0401,0.56,0.28,7.8668
2009-12-31,179646134,179646134,1,1378600000,807300000,254500000,104600000,1107000000,17100000,3200000,0,0,183500000,6200000,5200000,0.02,0.02,0,77300000,-42200000,-8800000,25800000,169400000,8100000,10.79,13.18,8.39,0.031,0.0259,6.14,1.72,29.97,0.44,0,0,0.8007,0.0446,0.56,0.39,7.718
2009-09-30,180021134,180021134,1,1403300000,825600000,255300000,134400000,1130500000,17500000,3200000,0,0,181400000,1200000,1100000,0.01,0.01,0,53100000,-9000000,-7100000,37000000,143600000,8500000,8.98,10.63,7.34,0.0576,0.0463,6.26,1.44,15.75,0.44,0.2274,0,0.8033,0.0745,0.62,0.25,6.1429
2009-06-30,180566821,180566821,1,1390600000,811600000,245900000,123500000,1127800000,16900000,3200000,0,0,205700000,8700000,8600000,0.05,0.05,0,51500000,-7700000,-4400000,42300000,106600000,8200000,8.38,11.52,5.25,0.0922,0.0742,6.23,1.39,10.74,0.44,0.273,0,0.8087,0.106,0.7,0.24,6.5717
2009-03-31,181107221,181107221,1,1362500000,787600000,243900000,127300000,1097500000,21100000,3200000,0,0,203400000,19700000,19600000,0.11,0.11,0,24900000,-5200000,0,19300000,64300000,4600000,6.96,9.89,4.04,0.1257,0.1008,6.04,1.17,7.82,0.44,0.2943,0,0.8032,0.1333,0.75,0.11,6.187
2008-12-31,181086421,181086421,1,1367700000,788900000,267400000,152200000,1079600000,20700000,3200000,0,0,265100000,34400000,34400000,0.19,0.19,0.08,69600000,-31700000,-28200000,8600000,45000000,32000000,8.31,11.32,5.31,0.1429,0.1143,5.94,1.29,7.99,0.44,0.3405,0,0.787,0.1409,0.81,0.21,5.1833
2008-09-30,181058421,181058421,1,1438400000,846500000,248000000,160000000,1167900000,22500000,3200000,0,13100000,295400000,40300000,40200000,0.22,0.22,0.075,41600000,-21500000,-23100000,-5000000,36400000,23100000,12.4,15,9.8,0.1631,0.1313,6.43,1.92,11.17,0.36,0.2859,0.0112,0.8097,0.158,0.83,0.1,5.2906
2008-06-30,181058421,181058421,1,1457000000,857100000,263000000,160500000,1171100000,22900000,3200000,0,22500000,297300000,47400000,47300000,0.26,0.26,0.075,27400000,-39000000,3300000,-8600000,41400000,30600000,16.49,19.65,13.33,0.1792,0.1421,6.45,2.63,12.98,0.28,0.2005,0.0193,0.8016,0.168,0.84,-0.02,5.3402
2008-03-31,181023421,181023421,1,1426000000,857700000,261700000,179000000,1135900000,28400000,3200000,0,0,293700000,40400000,40300000,0.22,0.22,0.075,59000000,-50400000,-49700000,-40000000,50000000,35600000,19.92,26.79,13.05,0.2153,0.1675,6.26,3.23,13.64,0.21,0.1156,0,0.7943,0.1856,0.89,0.13,4.7916
2007-12-31,183077755,183077755,1,1419900000,897800000,263300000,177700000,1132700000,23900000,4100000,0,0,298700000,60400000,59500000,0.37,0.34,0.07,62400000,-37600000,-13800000,11200000,90000000,40300000,30.88,36.5,25.26,0.2643,0.1985,6.16,4.9,17.85,0.13,0.0487,0,0.7948,0.2057,0.95,0.12,5.0523
2007-09-30,162190755,162190755,1,1382400000,882800000,265200000,158700000,1095100000,22100000,73400000,0,0,297300000,53700000,52300000,0.32,0.29,0,72400000,-36700000,-1400000,34800000,78800000,26700000,30.54,35.32,25.75,0.3437,0.2461,6.3,5.16,17.65,0.06,0,0,0.7391,0.2411,1,0.28,5.5627
2007-06-30,162190755,162190755,1,1315800000,849100000,262900000,157600000,1033200000,19700000,73400000,0,0,341200000,77700000,76300000,0.47,0.42,0,-2600000,-20600000,-8500000,-31600000,44000000,20600000,35.05,39.8,30.3,0.3794,0.2591,5.92,6.51,21.64,0.06,0,0,0.7294,0.2462,1.03,-0.14,5.3877
2007-03-31,161977756,161977756,1,1285100000,831200000,314500000,210100000,945900000,24700000,73900000,0,0,341700000,76400000,75000000,0.46,0.41,0,59900000,-13300000,-800000,46200000,75600000,13300000,33.84,38.85,28.83,0.3912,0.2551,5.38,6.81,22.12,0.06,0,0,0.6785,0.2364,1.06,0.29,3.9562
2006-12-31,161588623,161588623,1,1216873000,757566000,316677000,211131000,878872000,21324000,75045000,0,0,323524000,112089000,110670000,0.68,0.61,0,21576000,36580000,-56269000,2700000,29360000,38420000,28.56,33.92,23.2,0.414,0.2562,4.97,6.75,24.94,0.06,0,0,0.6606,0.232,1.08,-0.1,3.5881
2006-09-30,161157557,161157557,1,1127626000,717624000,351090000,180296000,758526000,18010000,76131000,0,55283000,271808000,54169000,52724000,0.33,0.29,0,34611000,-27556000,5846000,12906000,26660000,27556000,28.83,34.88,22.77,0.3554,0.2064,4.23,7.32,27.33,0.06,0,0.081,0.6052,0.1873,1.06,0.04,3.9803
2006-06-30,161125557,161125557,1,1056299000,662412000,328941000,166746000,711201000,16157000,76210000,0,48436000,300941000,56173000,54318000,0.36,0.31,0,13466000,-18018000,5705000,1811000,13754000,18018000,36.06,47.63,24.5,0.3746,0.2031,3.94,10.27,38.01,0.06,0,0.0763,0.6011,0.1833,1.05,-0.03,3.9726
2006-03-31,75522565,151045130,2,989885000,619682000,334528000,180165000,639159000,16198000,108645000,0,48791000,286895000,58846000,56772000,0.78,0.64,0,9431000,-17546000,2246000,-5662000,11943000,16886000,20.95,25.93,15.96,0.4014,0.1957,3.51,7.2,24.43,0.06,0,0.092,0.5359,0.1842,0.99,-0.05,3.4395
2005-12-31,73725762,147451524,2,907264000,550270000,331573000,166850000,562168000,13523000,132493000,683000,51359000,220764000,41378000,38560000,0.57,0.45,0,55844000,-17836000,-25912000,12065000,17605000,17836000,14.21,19.86,8.56,0.4229,0.188,2.91,5.62,20.12,0.06,0,0.1195,0.4736,0.1917,0.9,0.26,3.298
2005-09-30,35482522,141930088,4,841363000,491180000,320520000,209762000,508606000,12237000,148978000,4309000,10727000,190032000,36263000,33433000,1.02,0.8,0,-848000,-8404000,10106000,602000,5540000,8404000,8.38,10.6,6.16,0.4214,0.1678,2.53,3.61,12.37,0.06,0,0.0298,0.4274,0.1796,0.87,-0.07,2.3416
2005-06-30,16096224,128769792,8,805294000,445669000,322398000,215391000,471877000,11019000,173650000,4529000,0,183746000,36899000,33601000,2.1,1.63,0,-6264000,-22171000,20231000,-8909000,4938000,19899000,5.54,7.19,3.88,0.4539,0.165,2.32,2.61,11.34,0.06,0,0,0.3703,0.1851,0.83,-0.2,2.0691
2005-03-31,15989250,127914000,8,764154000,412044000,305942000,195106000,445304000,12908000,173650000,4748000,0,155235000,41405000,38107000,2.39,1.83,0,24164000,-13075000,-4453000,6653000,13847000,13700000,4,5.07,2.92,0.3745,0.1254,2.12,2.47,16.21,0.06,0,0,0.3555,0.1465,0.81,0.08,2.1119
2004-12-31,15945010,127560080,8,665549000,343626000,273326000,162172000,379684000,12539000,173650000,5057000,175000,136969000,14486000,14486000,0.7,0.59,0,-3019000,-4525000,6166000,-779000,7194000,715000,2.82,3.33,2.31,0.2124,0.0642,1.62,1.83,11.25,0.06,0,0.0008,0.3096,0.0774,0.81,-0.03,2.1189
2004-09-30,15919560,127356480,8,626797000,314515000,245629000,139842000,370040000,11128000,173650000,5165000,9740000,120246000,25241000,24142000,1.52,1.37,0,-17031000,-16756000,32713000,-1243000,7973000,4154000,2.71,3.12,2.3,0.2001,0.0591,1.54,2.08,48.39,0.06,0,0.0496,0.3133,0.0735,0.78,-0.17,2.2491
2004-06-30,3180002,127200080,40,591339000,287433000,415043000,112984000,165505000,10791000,0,5545000,9814000,124125000,1865000,1865000,0.59,0.59,0,-16560000,-7193000,266000,-23563000,9216000,3434000,2.25,2.7,1.79,0.0451,0.0123,1.3,1.76,None,0.06,0,0.0593,0.2799,0.0165,0.74,-0.16,2.544
2004-03-31,3179942,127197680,40,603290000,296013000,428561000,124976000,163428000,11301000,0,5938000,10084000,120488000,-1654000,-1654000,-0.52,-0.52,0,14177000,-16054000,-403000,-2261000,32779000,3280000,1.82,2.59,1.06,-0.0074,-0.002,1.28,1.47,None,0.06,None,0.0617,0.2709,None,0.71,0.09,2.3686
2003-12-31,3192182,127687280,40,567409000,275978000,397521000,78505000,158757000,11131000,0,6294000,16167000,100562000,9870000,9870000,3.11,3.11,0,15216000,-8586000,-947000,5126000,35040000,6483000,1.18,1.51,0.84,-0.0885,-0.0231,1.24,1.05,None,0.06,None,0.1018,0.2798,None,0.68,0.07,3.5154
2003-09-30,3180062,127202480,40,548296000,267042000,195323000,92188000,141889000,211084000,0,7185000,15561000,83635000,-2986000,-2986000,-0.94,-0.94,0,10380000,-2406000,-4536000,3480000,29914000,2405000,0.84,0.96,0.73,-0.5204,-0.1365,1.12,0.74,None,0.06,None,0.1097,0.2588,None,0.66,0.06,2.8967
2003-06-30,3183182,127327280,40,564391000,276368000,209164000,106947000,144123000,211104000,0,7551000,15690000,101813000,-6351000,-6351000,-2,-2,0,13791000,-2055000,-11469000,-122000,26434000,2092000,0.7,0.88,0.52,-0.5075,-0.1452,1.13,0.61,None,0.06,None,0.1089,0.2554,None,0.64,0.09,2.5842
2003-03-31,3180182,127207280,40,577266000,284809000,219561000,111491000,145557000,212148000,0,7857000,20299000,99294000,-13590000,-13590000,-4.29,-4.29,0,26434000,-1487000,-5116000,20342000,26556000,1487000,0.5,0.61,0.39,-0.4638,-0.1505,1.14,0.4,None,0.06,None,0.1395,0.2521,None,0.61,0.2,2.5545
2002-12-31,3186634,127465360,40,563778000,262526000,192771000,92625000,159350000,211657000,0,52752000,15976000,84972000,-53955000,-53955000,-17.08,-17.08,0,5055000,-2702000,-627000,1652000,6214000,2702000,0.4,0.57,0.23,-0.5051,-0.1831,1.25,0.25,None,0.06,None,0.1003,0.2826,None,0.6,0.02,2.8343
2002-09-30,31851938,127407752,4,582403000,278833000,166035000,111329000,205566000,210802000,0,52722000,10540000,82794000,-9148000,-9148000,-0.29,-0.29,0,707000,-1428000,-1969000,-2810000,4562000,1428000,0.71,1.01,0.41,-0.5073,-0.2016,1.61,0.35,None,0.06,None,0.0513,0.353,None,0.62,-0.01,2.5046
2002-06-30,31864538,127458152,4,642667000,288044000,174483000,108548000,257429000,210755000,0,54002000,18732000,94295000,-12345000,-12345000,-0.39,-0.39,0,-156000,-2055000,4109000,1459000,7372000,2055000,1.1,1.32,0.88,-0.3856,-0.1692,2.02,0.54,None,0.06,None,0.0728,0.4006,None,0.64,-0.02,2.6536
2002-03-31,31866338,127465352,4,646992000,291680000,175659000,107310000,260847000,210486000,0,53430000,21489000,104440000,-36082000,-36082000,-1.14,-1.14,0,-19201000,-1282000,2010000,-18587000,5913000,1282000,1.08,1.35,0.81,-0.2243,-0.1046,2.05,0.46,None,0.06,None,0.0824,0.4032,None,0.66,-0.16,2.7181
2001-12-31,31861338,127445352,4,699383000,308687000,191301000,122360000,298114000,209968000,0,54146000,19310000,116455000,-72042000,-72042000,-2.29,-2.29,0,14981000,-8201000,2435000,9136000,24500000,8171000,0.93,1.18,0.69,-0.1183,-0.0567,2.34,0.31,5.55,0.06,None,0.0648,0.4263,None,0.66,0.05,2.5228
2001-09-30,31892338,127569352,4,756527000,292100000,158340000,106169000,388195000,209992000,0,56652000,16668000,126437000,4340000,4340000,0.14,0.14,0,-7597000,-3692000,2315000,-9438000,15364000,3722000,1.78,2.98,0.59,0.065,0.0318,3.04,0.6,25.43,0.06,0,0.0429,0.5131,0.0506,0.63,-0.09,2.7513
2001-06-30,31877497,127509988,4,736252000,271290000,150260000,99804000,376595000,209397000,0,57718000,13211000,120035000,29552000,29552000,0.94,0.86,0,68212000,-1599000,-46745000,19961000,24802000,1599000,2.65,3.6,1.69,0.0323,0.0155,2.95,0.96,None,0.06,0,0.0351,0.5115,0.0257,0.6,0.52,2.7182
2001-03-31,31817801,127271204,4,755821000,251662000,196986000,133451000,349813000,209022000,0,60016000,25593000,124008000,-3616000,-3616000,-0.12,-0.12,0,-13022000,-2601000,10637000,-4955000,4841000,2601000,2.16,2.65,1.67,-0.0757,-0.0358,2.75,0.77,None,0.06,None,0.0732,0.4628,None,0.58,-0.12,1.8858
2000-12-31,31827405,127309620,4,759146000,248205000,192537000,115842000,357515000,209094000,0,62563000,27595000,102150000,-6354000,-6354000,-0.21,-0.21,0,22050000,-4530000,-13660000,4283000,9796000,4530000,1.77,2.05,1.5,-0.1046,-0.0498,2.81,0.62,None,0.06,None,0.0772,0.4709,None,0.55,0.14,2.1426
2000-09-30,31841405,127365620,4,759358000,246588000,186339000,110139000,363874000,209145000,0,64469000,30626000,107930000,-7909000,-7909000,-0.25,-0.25,0,11989000,-1874000,-10814000,-717000,5513000,1800000,1.68,2.23,1.13,-0.1302,-0.0617,2.86,0.57,None,0.06,None,0.0842,0.4792,None,0.53,0.08,2.2389
2000-06-30,31841405,127365620,4,785836000,265361000,200364000,123247000,376000000,209472000,0,66406000,32623000,109530000,-9518000,-9518000,-0.3,-0.3,0,11380000,-2699000,-9427000,-74000,6230000,2699000,1.02,1.25,0.78,-0.1239,-0.0589,2.95,0.33,None,0.06,None,0.0868,0.4785,None,0.52,0.07,2.1531
2000-03-31,31371405,125485620,4,818765000,291445000,219701000,143094000,390326000,208738000,0,69086000,35507000,107188000,-15121000,-15121000,-0.48,-0.48,0,17909000,4885000,-36777000,-14367000,6304000,2115000,1.21,1.38,1.05,-0.1027,-0.0491,3.11,0.37,None,0.06,None,0.091,0.4767,None,0.52,0.13,2.0367
1999-12-31,31371405,125485620,4,883105000,342559000,266499000,194421000,408081000,208525000,0,71115000,32201000,105579000,-17532000,-17532000,-0.56,None,0,-1458000,-6243000,21829000,13879000,20671000,6243000,1.38,1.72,1.03,-0.0736,-0.0352,3.25,0.4,None,0.06,None,0.0789,0.4621,None,0.54,-0.06,1.7619
1999-09-30,31370905,125483620,4,881554000,334261000,244579000,104074000,428261000,208714000,0,73341000,94252000,112706000,-7469000,-7469000,-0.24,-0.24,0.04,-2951000,-4140000,9290000,1748000,6792000,4140000,2.52,3.27,1.78,-0.0374,-0.018,3.41,0.73,43.83,0.06,None,0.2201,0.4858,None,0.58,-0.06,3.2118
1999-06-30,31370905,125483620,4,886324000,343259000,245155000,108377000,432876000,208293000,0,73904000,87477000,127608000,-2493000,-2493000,-0.08,None,0.04,14760000,-4543000,-16723000,-6422000,5044000,4752000,2.24,3.03,1.45,0.0163,0.0078,3.45,0.64,11.95,0.05,0.6916,0.2021,0.4884,0.0123,0.63,0.08,3.1673
1999-03-31,31369405,125477620,4,913361000,365041000,265902000,108917000,437717000,209742000,0,76270000,105477000,134136000,-3896000,-3896000,-0.12,-0.12,0.04,9192000,-6737000,-5833000,-3998000,11466000,6737000,1.95,2.47,1.42,0.0528,0.0253,3.49,0.55,5.45,0.04,0.2131,0.241,0.4792,0.036,0.7,0.02,3.3516
1998-12-31,31369405,125477620,4,953246000,395820000,295382000,136949000,448377000,209487000,0,79441000,110019000,150491000,-2495000,-2495000,-0.07,-0.07,0.04,1409000,-116900000,-8423000,-127127000,15464000,35945000,2.89,3.95,1.83,0.1031,0.0498,3.57,0.79,5.14,0.03,0.0824,0.2454,0.4704,0.0647,0.77,-0.28,2.8903
1998-09-30,31369405,125477620,4,986827000,528195000,319274000,157569000,458432000,209121000,0,80735000,115745000,176376000,16141000,16141000,0.51,0.5,0.04,24067000,-39010000,73667000,62265000,142591000,31882000,4.13,5.39,2.88,0.1702,0.0841,3.65,1.18,6.91,0.02,0.034,0.2525,0.4646,0.0964,0.87,-0.06,3.3522
1998-06-30,31459405,125837620,4,879181000,453516000,230468000,148937000,439442000,209271000,0,83973000,39413000,193012000,13820000,13820000,0.44,0.44,0.04,15846000,-42138000,-11947000,-38239000,80326000,22161000,6.15,6.97,5.34,0.1909,0.0964,3.49,1.81,9.61,0.01,0.0159,0.0897,0.4998,0.103,0.94,-0.05,3.045
1998-03-31,31457905,125831620,4,852219000,413769000,215394000,123816000,427982000,208843000,0,75826000,51438000,187798000,18286000,18286000,0.58,0.56,0,34795000,-25167000,38935000,48421000,117378000,25167000,7.04,8.03,6.06,0.2169,0.1087,3.4,2.17,11.31,0,0,0.1202,0.5022,0.113,0.96,0.08,3.3418
1997-12-31,31457905,125831620,4,793059000,413769000,176199000,123816000,408947000,207913000,0,77660000,11447000,208463000,25587000,25587000,0.81,0.75,0,27493000,-26875000,421000,168000,68957000,25436000,8.21,9.5,6.91,0.2232,0.1101,3.25,2.72,None,0,0,0.028,0.5157,0.1126,0.98,0.02,3.3418
1997-09-30,31456655,125826620,4,754706000,400637000,168250000,117280000,379378000,207078000,0,86744000,12141000,177634000,21336000,21336000,0.68,0.64,0,9759000,-19468000,-5670000,-14914000,68789000,11118000,8.34,9.34,7.34,None,None,3.02,2.91,None,0,None,0.032,0.5027,None,None,-0.01,3.4161
1997-06-30,31456655,125826620,4,748272000,397409000,181076000,125301000,360580000,206616000,0,80279000,12592000,183072000,20310000,20310000,0.65,0.61,0,30545000,-22868000,-2186000,5207000,83703000,19607000,7.25,8.19,6.31,None,None,2.87,2.7,None,0,None,0.0349,0.4819,None,None,0.09,3.1716
1997-03-31,31456655,125826620,4,720759000,387590000,176108000,120584000,338815000,205836000,0,81209000,12082000,167925000,15777000,15777000,0.5,0.49,0,4773000,-10580000,-2388000,-8030000,78496000,10134000,7.33,8.41,6.25,None,None,2.69,2.83,None,0,None,0.0357,0.4701,None,None,-0.04,3.2143
1996-12-31,31456655,125826620,4,703018000,371018000,171345000,112825000,326216000,205457000,0,86744000,1158000,None,None,None,None,None,0,8142000,-115523000,191765000,84306000,86526000,10843000,8.02,8.97,7.06,None,None,2.59,3.41,None,0,None,0.0035,0.464,None,None,-0.02,3.2884
1996-09-29,31455455,125821820,4,476258000,252452000,177041000,119524000,295949000,3268000,0,10111000,1472000,123435000,13288000,13288000,0.42,None,0,320000,-7362000,444000,-4959000,2220000,4424000,6.63,7.63,5.63,None,None,2.35,2.95,None,0,None,0.005,0.6214,None,None,-0.03,2.1121
1996-06-30,31455455,125821820,4,443056000,228523000,159906000,101599000,283150000,0,0,7169000,0,118834000,8069000,8069000,0.3,None,0,None,None,None,None,7179000,0,6.28,6.47,6.09,None,None,2.25,None,None,0,None,0,0.6391,None,None,None,2.2493
