"Quarter end","Shares","Shares split adjusted","Split factor","Assets","Current Assets","Liabilities","Current Liabilities","Shareholders equity","Non-controlling interest","Preferred equity","Goodwill & intangibles","Long-term debt","Revenue","Earnings","Earnings available for common stockholders","EPS basic","EPS diluted","Dividend per share","Cash from operating activities","Cash from investing activities","Cash from financing activities","Cash change during period","Cash at end of period","Capital expenditures","Price","Price high","Price low","ROE","ROA","Book value of equity per share","P/B ratio","P/E ratio","Cumulative dividends per share","Dividend payout ratio","Long-term debt to equity ratio","Equity to assets ratio","Net margin","Asset turnover","Free cash flow per share","Current ratio"
2019-06-30,286854529,286854529,1,15140000000,2215000000,15163000000,2780000000,-30000000,7000000,0,12139000000,8838000000,2484000000,260000000,260000000,0.9,0.89,0.15,286000000,-51000000,20000000,255000000,718000000,-14000000,90.63,97.74,83.53,None,0.0553,-0.1,266.56,35.68,12.78,0.2178,None,None,0.0871,0.64,1.05,0.7968
2019-03-31,291062641,291062641,1,14853000000,1876000000,14745000000,2794000000,100000000,8000000,0,12471000000,7330000000,2204000000,158000000,158000000,0.54,0.54,0.15,364000000,-44000000,-343000000,-23000000,461000000,57000000,77.14,87.09,67.18,None,0.0534,0.34,41.03,30.73,12.63,0.2323,73.3,0.0067,0.0842,0.63,1.05,0.6714
2018-12-31,292847337,292847337,1,13995000000,1983000000,13437000000,2615000000,551000000,7000000,0,11316000000,7266000000,2288000000,224000000,224000000,0.76,0.75,0.15,341000000,-51000000,-510000000,-216000000,484000000,67000000,72.55,81.34,63.76,0.893,0.0542,1.88,37.4,16.64,12.48,0.2333,13.1869,0.0394,0.0858,0.63,0.94,0.7583
2018-09-30,296569995,296569995,1,14143000000,2035000000,13563000000,2413000000,574000000,6000000,0,11355000000,7559000000,2253000000,162000000,162000000,0.55,0.54,0.15,382000000,-5000000,-174000000,195000000,700000000,91000000,79.16,83.49,74.84,None,0.0974,1.94,42.56,18.11,12.33,0.1317,13.169,0.0406,0.1551,0.63,0.98,0.8433
2018-06-30,298186104,298186104,1,13986000000,1844000000,13426000000,2378000000,555000000,5000000,0,11364000000,7564000000,2291000000,217000000,217000000,0.72,0.71,0.15,289000000,-49000000,-405000000,-178000000,505000000,65000000,79.75,84.88,74.61,0.9608,0.0984,1.86,13.75,19.12,12.18,0.1326,13.6288,0.0397,0.1553,0.63,0.75,0.7754
2018-03-31,300416906,300416906,1,14260000000,2008000000,12513000000,2488000000,1742000000,5000000,0,11469000000,6558000000,2074000000,161000000,161000000,0.51,0.51,0.15,243000000,-26000000,-211000000,13000000,683000000,39000000,82.59,88.11,77.08,0.7946,0.0944,5.8,12.61,21.29,12.03,0.1405,3.7646,0.1222,0.1487,0.63,0.68,0.8071
2017-12-31,316118115,316118115,1,14308000000,1986000000,12233000000,2208000000,2072000000,3000000,0,11422000000,6556000000,2279000000,840000000,840000000,2.64,2.6,0.15,278000000,-76000000,-328000000,-126000000,670000000,76000000,74.77,80.94,68.6,0.7593,0.0882,6.55,16.54,623.08,11.88,2.3864,3.1641,0.1448,0.1377,0.64,0.64,0.8995
2017-09-30,319951424,319951424,1,14223000000,1905000000,12775000000,2033000000,1447000000,1000000,0,11422000000,6564000000,2354000000,179000000,179000000,0.56,0.55,0.15,270000000,-49000000,-335000000,-113000000,796000000,53000000,65.14,69.74,60.54,0.0122,0.0019,4.52,13.95,465.29,11.73,94.5708,4.5363,0.1017,0.0033,0.57,0.68,0.937
2017-06-30,324212528,324212528,1,14269000000,1999000000,12754000000,1989000000,1515000000,0,0,11398000000,6572000000,2346000000,166000000,166000000,0.51,0.51,0.15,313000000,-47000000,-345000000,-77000000,909000000,48000000,61.85,67.79,55.91,0.0103,0.002,4.67,12.73,176.71,11.58,76.1889,4.338,0.1062,0.0039,0.51,0.82,1.005
2017-03-31,328781212,328781212,1,14287000000,2069000000,12691000000,1967000000,1598000000,-2000000,0,11352000000,6588000000,2161000000,74000000,74000000,0.22,0.22,8.7,63000000,-50000000,-716000000,-698000000,986000000,31000000,43.75,60.49,27,0.0222,0.0049,4.86,2.45,41.27,11.43,27.1523,4.1227,0.1118,0.0102,0.48,0.1,1.0519
2016-12-31,329731387,329731387,1,26211000000,3557000000,20362000000,2684000000,5899000000,-50000000,0,12196000000,10020000000,2920000000,-387000000,-387000000,-1.16,-1.16,0.21,414000000,-146000000,332000000,578000000,1684000000,125000000,74.63,83.85,65.4,0.0556,0.0134,17.89,3.78,15.85,2.73,0.7963,1.6986,0.2251,0.0298,0.45,0.88,1.3253
2016-09-30,989783195,329927698,0.333333,25871000000,3024000000,19380000000,2598000000,6516000000,-25000000,0,12332000000,9883000000,2942000000,187000000,187000000,0.19,0.19,0.07,281000000,-110000000,-123000000,49000000,859000000,96000000,69.9,73.29,66.51,0.2467,0.0601,19.75,3.62,14.04,2.52,0.402,1.5167,0.2519,0.1335,0.45,0.56,1.164
2016-06-30,989776458,329925453,0.333333,25853000000,2930000000,19507000000,2663000000,6375000000,-29000000,0,12393000000,9900000000,3051000000,239000000,239000000,0.24,0.24,0.07,343000000,-126000000,-101000000,118000000,810000000,117000000,65.78,70.8,60.75,0.2757,0.0636,19.32,3.48,13.88,2.31,0.4636,1.5529,0.2466,0.1421,0.45,0.69,1.1003
2016-03-31,989768078,329922659,0.333333,25721000000,2738000000,19516000000,2545000000,6237000000,-32000000,0,12487000000,9878000000,2750000000,309000000,309000000,0.31,0.31,0.07,312000000,-96000000,-137000000,83000000,692000000,104000000,58.58,68.67,48.48,0.2774,0.0605,18.9,3.22,13.75,2.1,0.4425,1.5838,0.2425,0.1368,0.44,0.63,1.0758
2015-12-31,987873503,329291134,0.333333,25716000000,2585000000,19765000000,2467000000,5985000000,-34000000,0,12541000000,9710000000,2856000000,814000000,814000000,0.83,0.83,0.42,403000000,-123000000,-297000000,-19000000,609000000,122000000,70.77,78.81,62.73,0.2679,0.0542,18.18,4.47,31.45,1.89,0.4432,1.6224,0.2327,0.1246,0.44,0.85,1.0478
2015-09-30,987451862,329150587,0.333333,25932000000,2646000000,20752000000,2558000000,5214000000,-34000000,0,12610000000,9945000000,2895000000,279000000,279000000,0.28,0.28,0.21,343000000,257000000,-475000000,117000000,628000000,-250000000,74.17,85.56,62.79,0.1516,0.0288,15.84,4.78,37.46,0.63,0.2772,1.9074,0.2011,0.0665,0.43,1.8,1.0344
2015-06-30,987450969,329150290,0.333333,26051000000,2501000000,20982000000,2426000000,5105000000,-36000000,0,12731000000,10400000000,2922000000,161000000,161000000,0.16,0.16,0,362000000,-207000000,-191000000,-36000000,511000000,94000000,88.35,94.8,81.9,0.1351,0.025,15.51,6.24,41.48,0,0,2.0372,0.196,0.0593,0.42,0.81,1.0309
2015-03-31,987448909,329149603,0.333333,25905000000,2489000000,21283000000,2298000000,4662000000,-40000000,0,12732000000,10572000000,2599000000,150000000,150000000,0.15,0.15,0,286000000,465000000,-761000000,-19000000,547000000,-1762000000,81.63,90.18,73.08,0.1471,None,14.16,5.64,40.01,0,0,2.2677,0.18,0.0652,0.41,6.22,1.0831
2014-12-31,984624908,328208269,0.333333,26125000000,2499000000,21411000000,2257000000,4752000000,-38000000,0,13097000000,10803000000,2828000000,158000000,158000000,0.16,0.16,0,467000000,-110000000,-327000000,23000000,566000000,115000000,70.88,79.59,62.16,0.1423,None,14.48,4.86,None,0,0,2.2734,0.1819,0.0641,0.4,1.07,1.1072
2014-09-30,984617365,328205755,0.333333,26324000000,2414000000,21574000000,2140000000,4790000000,-40000000,0,13213000000,11124000000,2644000000,183000000,183000000,0.19,0.19,0,387000000,-79000000,-302000000,-2000000,543000000,121000000,73.61,77.76,69.45,None,None,14.59,5,None,0,None,2.3223,0.182,None,None,0.81,1.128
2014-06-30,984617365,328205755,0.333333,26497000000,2417000000,21750000000,2120000000,4834000000,-87000000,0,13360000000,11314000000,2667000000,209000000,209000000,0.21,0.21,0,365000000,-48000000,-209000000,110000000,545000000,48000000,67.14,71.4,62.88,None,None,14.73,4.86,None,0,None,2.3405,0.1824,None,None,0.97,1.1401
2014-03-31,984615364,328205088,0.333333,26393000000,2295000000,21946000000,1986000000,4536000000,-89000000,0,13399000000,11551000000,2363000000,123000000,123000000,0.12,0.12,0,147000000,-73000000,-232000000,-159000000,435000000,74000000,65.47,69.3,61.65,None,None,13.82,4.93,None,0,None,2.5465,0.1719,None,None,0.22,1.1556
2013-12-31,984615364,328205088,0.333333,26562000000,2383000000,22286000000,2142000000,4363000000,-87000000,0,11984000000,12671000000,None,None,None,None,None,0,None,None,None,None,594000000,0,70.65,77.85,63.45,None,None,13.29,None,None,0,None,2.9042,0.1643,None,None,None,1.1125
