"Quarter end","Shares","Shares split adjusted","Split factor","Assets","Current Assets","Liabilities","Current Liabilities","Shareholders equity","Non-controlling interest","Preferred equity","Goodwill & intangibles","Long-term debt","Revenue","Earnings","Earnings available for common stockholders","EPS basic","EPS diluted","Dividend per share","Cash from operating activities","Cash from investing activities","Cash from financing activities","Cash change during period","Cash at end of period","Capital expenditures","Price","Price high","Price low","ROE","ROA","Book value of equity per share","P/B ratio","P/E ratio","Cumulative dividends per share","Dividend payout ratio","Long-term debt to equity ratio","Equity to assets ratio","Net margin","Asset turnover","Free cash flow per share","Current ratio"
2019-06-30,418390612,418390612,1,4563729000,631330000,2218925000,234026000,2344804000,0,0,0,1219555000,534117000,181009000,181009000,0.43,0.43,0.09,326650000,-228395000,-171750000,-73495000,241394000,225850000,25.04,27.64,22.43,0.3803,0.1931,5.6,4.57,15.36,1.04,0.146,0.5201,0.5138,0.3451,0.56,0.24,2.6977
2019-03-31,423286317,423286317,1,4481547000,680191000,2160608000,240315000,2320939000,0,0,0,1219338000,641681000,262763000,262763000,0.62,0.62,0.07,585287000,-195132000,-77553000,312602000,314889000,193304000,24.34,26.76,21.91,0.3246,0.1629,5.48,4.94,19.32,0.95,0.1589,0.5254,0.5179,0.2981,0.55,0.93,2.8304
2018-12-31,423367250,423367250,1,4198829000,544545000,2110670000,287264000,2088159000,0,0,0,1226104000,716301000,275044000,275044000,0.63,0.64,0.07,316051000,-248539000,-381302000,-313790000,2287000,244142000,24.17,27.4,20.95,0.2549,0.1287,4.93,4.97,46.48,0.88,0.1958,0.5872,0.4973,0.2546,0.51,0.17,1.8956
2018-09-30,431179872,431179872,1,4179043000,619864000,2084896000,366098000,2094147000,0,0,0,1218848000,545173000,122337000,122337000,0.28,0.28,0.06,242192000,-241536000,-425573000,-424917000,316077000,231575000,23.36,25.23,21.48,0.1035,0.0533,4.86,4.79,83.43,0.81,0.4313,0.582,0.5011,0.1269,0.42,0.02,1.6932
2018-06-30,441177384,441177384,1,4396710000,987413000,2242536000,590744000,2154174000,0,0,0,1218572000,453447000,42431000,42431000,0.09,0.09,0.06,273900000,-258178000,-239656000,-223934000,740994000,230691000,23.26,24.8,21.71,0.0546,0.0283,4.88,4.36,96.92,0.75,0.7509,0.5657,0.49,0.0775,0.36,0.1,1.6715
2018-03-31,451487754,451487754,1,4538401000,1236118000,2131885000,510491000,2406516000,0,0,0,1218231000,473227000,117231000,117231000,0.26,0.25,0.06,272760000,454870000,-242749000,484881000,964928000,-490288000,26.07,29.56,22.59,0.0438,0.0228,5.33,4.76,118.5,0.69,0.8613,0.5062,0.5303,0.0651,0.35,1.69,2.4214
2017-12-31,460786236,460786236,1,4727344000,764957000,2203439000,630050000,2523905000,0,0,0,1217891000,400503000,-44441000,-44441000,-0.1,-0.1,0.05,179113000,-128669000,-80653000,-30209000,480047000,95012000,26.91,29.44,24.38,0.0382,0.0198,5.48,4.7,None,0.63,0.7829,0.4825,0.5339,0.0569,0.35,0.18,1.2141
2017-09-30,462508414,462508414,1,5128766000,718029000,2484172000,438234000,2644594000,0,0,0,1284551000,385416000,17587000,17587000,0.04,0.04,0.05,189101000,-172000000,-23379000,-6278000,510256000,162244000,25.54,26.91,24.17,-0.056,-0.0286,5.72,4.47,None,0.58,None,0.4857,0.5156,None,0.32,0.06,1.6385
2017-06-30,462492784,462492784,1,5219459000,735824000,2577428000,234422000,2642031000,0,0,0,1521211000,460457000,21527000,21527000,0.05,0.05,0.05,260568000,-189732000,-91787000,-20951000,516534000,183848000,23.2,24.99,21.42,-0.0652,-0.0333,5.71,3.99,None,0.53,None,0.5758,0.5062,None,0.3,0.17,3.1389
2017-03-31,465523385,465523385,1,5244388000,748313000,2537209000,224395000,2707179000,0,0,0,1520870000,517843000,105720000,105720000,0.23,0.23,0.02,269378000,-215752000,-14683000,38943000,537485000,208010000,22.38,24.1,20.65,-0.0945,-0.0485,5.82,4.14,None,0.48,None,0.5618,0.5162,None,0.26,0.13,3.3348
2016-12-31,475138587,475138587,1,5122569000,715881000,2554902000,257812000,2567667000,0,0,0,1520530000,316491000,-292760000,-292760000,-0.62,-0.62,0.02,139728000,-133077000,-9302000,-2651000,498542000,128769000,22.86,25.69,20.03,-0.1483,-0.0761,5.4,3.71,None,0.46,None,0.5922,0.5012,None,0.21,0.02,2.7768
2016-09-30,465149507,465149507,1,5531921000,655645000,2668671000,196763000,2863250000,0,0,0,1520190000,310429000,-10260000,-10260000,-0.02,-0.02,0.02,105405000,-92399000,-29303000,-16297000,501193000,86394000,24.99,26.47,23.52,-0.0881,-0.0427,6.16,4.04,None,0.44,None,0.5309,0.5176,None,0.2,0.04,3.3322
2016-06-30,465148234,465148234,1,5570470000,659238000,2692871000,228490000,2877599000,0,0,0,1519849000,246816000,-62910000,-62910000,-0.14,-0.14,0.02,85154000,-73681000,-73299000,-61826000,517490000,67162000,24.09,25.94,22.23,-0.0968,-0.0437,6.19,3.81,None,0.42,None,0.5282,0.5166,None,0.2,0.04,2.8852
2016-03-31,465000267,465000267,1,5702708000,720687000,2758648000,199382000,2944060000,0,0,0,1583192000,281941000,-51194000,-51194000,-0.12,-0.12,0.02,62090000,-54061000,570773000,578802000,579316000,42409000,19.15,22.88,15.42,-0.0891,-0.0374,6.33,3.95,None,0.4,None,0.5378,0.5163,None,0.21,0.04,3.6146
2015-12-31,414060202,414060202,1,5261899000,144786000,3252711000,235552000,2009188000,0,0,0,2005000000,280792000,-111124000,-111124000,-0.27,-0.27,0.02,155783000,-143765000,-20277000,-8259000,514000,135490000,19.36,23.7,15.03,-0.0539,-0.0209,4.85,3.77,None,0.38,None,0.9979,0.3818,None,0.25,0.05,0.6147
2015-09-30,413874655,413874655,1,5484672000,215421000,3362935000,265585000,2121737000,0,0,0,2017000000,305296000,-15514000,-15514000,-0.04,-0.04,0.02,146363000,-181065000,28244000,-6458000,8773000,170381000,26.13,30.98,21.28,-0.1046,-0.0409,5.13,5.03,None,0.36,None,0.9506,0.3868,None,0.31,-0.06,0.8111
2015-06-30,413807968,413807968,1,5504920000,254993000,3359004000,278852000,2145916000,0,0,0,1995000000,306297000,-27508000,-27508000,-0.07,-0.07,0.02,171210000,-271265000,101338000,1283000,15231000,266229000,32.65,35.34,29.95,-0.049,-0.0194,5.19,6.21,408.13,0.34,None,0.9297,0.3898,None,0.34,-0.23,0.9144
2015-03-31,413603811,413603811,1,5512323000,349403000,3336792000,402746000,2175531000,0,0,0,1877000000,464765000,40255000,40255000,0.1,0.1,0.02,267381000,-397239000,122852000,-7006000,13948000,392161000,28.23,30.01,26.44,0.0166,0.0069,5.26,5.44,117.63,0.32,0.8793,0.8628,0.3947,0.0177,0.39,-0.3,0.8676
2014-12-31,413170529,413170529,1,5437716000,413447000,3294983000,499018000,2142733000,0,0,0,1752000000,618004000,-221771000,-221771000,-0.54,-0.54,0.02,293185000,-687496000,105278000,-289033000,20954000,678224000,31.59,34.71,28.46,0.0455,0.0193,5.19,5.51,32.91,0.3,0.3179,0.8176,0.3941,0.0481,0.4,-0.93,0.8285
2014-09-30,413019880,413019880,1,5807264000,587946000,3440793000,432791000,2366471000,0,0,0,1612000000,512017000,100788000,100788000,0.24,0.24,0.02,358302000,-364840000,270915000,264377000,309987000,359041000,33.28,35.16,31.41,0.1749,0.0765,5.73,5.78,37.39,0.28,0.0826,0.6812,0.4075,0.1979,0.39,-0,1.3585
2014-06-30,417294125,417294125,1,5208922000,306096000,2806983000,362147000,2401939000,0,0,0,1193000000,533187000,118420000,118420000,0.28,0.28,0.02,329570000,-276356000,-33035000,20179000,45610000,278912000,35.84,39.33,32.35,0.1622,0.0733,5.76,6.59,43.71,0.26,0.0899,0.4967,0.4611,0.1898,0.39,0.12,0.8452
2014-03-31,417290522,417290522,1,5145775000,373830000,2876984000,432628000,2268791000,0,0,0,1222000000,509803000,107031000,107031000,0.26,0.26,0.02,255378000,-336148000,82801000,2031000,25431000,338701000,36.86,41.54,32.18,0.1514,0.0682,5.44,7.06,55.85,0.24,0.0856,0.5386,0.4409,0.1827,0.37,-0.2,0.8641
2013-12-31,422239090,422239090,1,4981080000,378899000,2776478000,407905000,2204602000,0,0,0,1147000000,487463000,77946000,77946000,0.19,0.18,0.02,257850000,-81229000,-181153000,-4532000,23400000,306911000,35.78,38.93,32.63,0.1251,0.0568,5.22,6.48,62.23,0.22,0.0905,0.5203,0.4426,0.1602,0.35,-0.12,0.9289
2013-09-30,421959520,421959520,1,5031392000,289756000,2702658000,399273000,2328734000,0,0,0,1162000000,435850000,69889000,69889000,0.17,0.17,0.02,276709000,-309578000,13524000,-19345000,27932000,319472000,37.33,39.91,34.75,0.1094,0.0502,5.52,6.89,76.18,0.2,0.0869,0.499,0.4628,0.149,0.34,-0.1,0.7257
2013-06-30,210764304,421528608,2,5017936000,403193000,2731695000,494391000,2286241000,0,0,0,1067000000,449680000,89114000,89114000,0.42,0.42,0.02,277282000,-266467000,16005000,26820000,47277000,263887000,33.97,36.21,31.72,0.0969,0.0445,5.42,6.74,93.07,0.18,0.0804,0.4667,0.4556,0.1406,0.32,0.03,0.8155
2013-03-31,210750374,421500748,2,4687836000,238880000,2564622000,447264000,2123214000,0,0,0,1052000000,373285000,42824000,42824000,0.2,0.2,0.02,212685000,-260933000,37969000,-10279000,20457000,260169000,28.9,34.08,23.72,0.0736,0.0343,5.04,5.71,93.23,0.17,0.1077,0.4955,0.4529,0.1197,0.29,-0.11,0.5341
2012-12-31,210429889,420859778,2,4616313000,270310000,2484866000,444139000,2131447000,0,0,0,1012000000,369879000,40867000,40867000,0.2,0.19,0.02,196981000,-224568000,20822000,-6765000,30736000,258779000,23.5,25.54,21.47,0.0621,0.0294,5.06,4.71,83.93,0.16,0.1276,0.4748,0.4617,0.1094,0.27,-0.15,0.6086
2012-09-30,210242354,420484708,2,4482937000,224674000,2382650000,412790000,2100287000,0,0,0,987000000,296874000,36608000,36608000,0.17,0.17,0.02,163970000,-260246000,85136000,-11140000,37501000,382871000,21.21,22.93,19.49,0.0554,0.0266,4.99,4.18,80.8,0.15,0.1254,0.4699,0.4685,0.1063,0.25,-0.52,0.5443
2012-06-30,209988641,419977282,2,4410192000,295867000,2278862000,340859000,2131330000,0,0,0,972000000,265657000,35937000,35937000,0.17,0.17,0.02,159362000,-93433000,-49616000,16313000,48641000,97780000,17.7,20.62,14.77,0.0519,0.0248,5.07,3.5,57.56,0.14,0.1249,0.4561,0.4833,0.1022,0.24,0.15,0.868
2012-03-31,209830719,419661438,2,4402794000,339727000,2277838000,322154000,2124956000,0,0,0,1012000000,272136000,18318000,18318000,0.09,0.09,0.02,131780000,-187267000,57904000,2417000,32328000,188547000,17.91,20.68,15.13,0.0621,0.0293,5.06,3.57,61.23,0.13,0.0983,0.4762,0.4826,0.1226,0.24,-0.14,1.0545
2011-12-31,209826622,419653244,2,4331493000,345800000,2226725000,343344000,2104768000,0,0,0,950000000,268025000,26363000,26363000,0.13,0.13,0.01,126473000,99258000,-258748000,-33017000,29911000,148790000,18.39,22.15,14.64,0.0612,0.0286,5.02,3.76,53.69,0.12,0.094,0.4514,0.4859,0.1249,0.23,-0.05,1.0072
2011-09-30,104494374,417977496,4,4472397000,310037000,2429227000,288977000,2043170000,0,0,0,1205000000,262117000,28482000,28482000,0.27,0.27,0.03,154665000,-237000000,105949000,23614000,62928000,311773000,17.05,19.28,14.82,0.0747,0.0346,4.89,3.63,59.82,0.11,0.0863,0.5898,0.4568,0.1563,0.22,-0.38,1.0729
2011-06-30,104488502,417954008,4,4250160000,235838000,2283961000,286724000,1966199000,0,0,0,1095000000,240696000,54677000,54677000,0.53,0.52,0.03,129488000,-151752000,36682000,14418000,39314000,154045000,14.65,16.58,12.73,0.0637,0.0297,4.7,3.25,70.6,0.11,0.1038,0.5569,0.4626,0.1361,0.22,-0.06,0.8225
2011-03-31,104466838,417867352,4,4048407000,161538000,2162387000,241702000,1886020000,0,0,0,1055000000,209026000,12886000,12886000,0.12,0.12,0.03,91213000,-198126000,75860000,-31053000,24896000,203169000,11.36,13.35,9.36,0.047,0.0221,4.51,2.53,46.37,0.1,0.1428,0.5594,0.4659,0.1042,0.21,-0.27,0.6683
2010-12-31,104277128,417108512,4,4005031000,203008000,2132331000,303835000,1872700000,0,0,0,975000000,216875000,49110000,49110000,0.46,0.46,0.03,117419000,23349000,-122407000,18361000,55949000,220161000,8.27,9.46,7.07,0.0558,0.0265,4.49,1.87,38.02,0.09,0.1208,0.5206,0.4676,0.1225,0.22,-0.25,0.6682
2010-09-30,103973084,415892336,4,3946710000,220985000,2103372000,304539000,1843338000,0,0,0,1020000000,219130000,3898000,3898000,0.04,0.04,0.03,124314000,-199689000,65278000,-10097000,37588000,199689000,7.58,8.4,6.75,0.0493,0.0237,4.43,1.71,25.27,0.08,0.2178,0.5533,0.4671,0.1053,0.22,-0.18,0.7256
2010-06-30,104135398,416541592,4,3870200000,248257000,2024296000,226833000,1845904000,0,0,0,1015000000,195474000,21682000,21682000,0.21,0.21,0.03,127081000,-202801000,94900000,19180000,47685000,429778000,8.86,10.13,7.58,0.0685,0.0336,4.43,1.99,28.81,0.08,0.1385,0.5499,0.477,0.1481,0.23,-0.73,1.0944
2010-03-31,103910058,415640232,4,3811917000,293897000,1957787000,265302000,1854130000,0,0,0,915000000,212556000,28696000,28696000,0.28,0.27,0.03,116097000,-234600000,106850000,-11653000,28505000,7623000,10.33,11.56,9.1,0.0707,0.0352,4.46,2.37,29.1,0.07,0.1163,0.4935,0.4864,0.1509,0.23,0.26,1.1078
2009-12-31,103821454,415285816,4,3683401000,281502000,1870887000,308741000,1812514000,0,0,0,805000000,233492000,36364000,36364000,0.34,0.35,0.1,196922000,-185030000,-7404000,4488000,40158000,185030000,9.98,11.43,8.54,0.0808,0.0405,4.36,2.27,26.61,0.06,0.0857,0.4441,0.4921,0.1687,0.24,0.03,0.9118
2009-09-30,103654113,414616452,4,3589054000,335007000,1765240000,247172000,1823814000,0,0,0,790000000,207021000,38897000,38897000,0.38,0.37,0.0075,116745000,-115831000,4908000,5822000,35670000,116179000,8.41,9.81,7,0.0851,0.0425,4.4,1.9,19.01,0.04,0.0216,0.4332,0.5082,0.1773,0.24,0,1.3554
2009-06-30,103644436,414577744,4,3623684000,370822000,1787212000,265127000,1836472000,0,0,0,795000000,204824000,25502000,25502000,0.25,0.24,0.0075,147851000,-67734000,-75518000,4599000,29848000,138575000,7.66,9.22,6.09,0.1026,0.0503,4.43,1.7,14.73,0.03,0.0183,0.4329,0.5068,0.2006,0.25,0.02,1.3987
2009-03-31,103637883,414551532,4,3748771000,457074000,1879877000,312314000,1868894000,0,0,0,840286000,233939000,47580000,47580000,0.46,0.46,0.0075,152534000,-162432000,7046000,-2852000,25249000,171029000,6.12,7.69,4.54,0.1284,0.0621,4.51,1.41,11.77,0.03,0.0158,0.4496,0.4985,0.2217,0.28,-0.04,1.4635
2008-12-31,103447221,413788884,4,3701664000,460551000,1911102000,378913000,1790562000,0,0,0,831143000,232466000,43700000,43700000,0.43,0.43,0.01,209719000,-270336000,41344000,-19273000,28101000,258509000,6.9,8.46,5.33,0.1451,0.0688,4.33,1.71,13.27,0.03,0.0157,0.4642,0.4837,0.2234,0.31,-0.12,1.2155
2008-09-30,103352194,413408776,4,3538106000,430494000,1867088000,318034000,1671018000,0,0,0,800000000,244820000,66990000,66990000,0.65,0.64,0.0075,148317000,-798141000,560867000,-88957000,47374000,246486000,12.77,17.14,8.39,0.1643,0.0777,4.04,4.07,28.38,0.03,0.0156,0.4788,0.4723,0.2311,0.34,-0.24,1.3536
2008-06-30,103352060,413408240,4,2718432000,436758000,1419127000,475254000,1299305000,0,0,0,245000000,248854000,54625000,54625000,0.55,0.55,0.0075,143707000,-250650000,201282000,94339000,136331000,184344000,15.32,17.78,12.87,0.1588,0.0763,3.14,5.63,36.69,0.03,0.0181,0.1886,0.478,0.2137,0.36,-0.1,0.919
2008-03-31,97949944,391799776,4,2329990000,272004000,1265744000,321626000,1064246000,0,0,0,350000000,219651000,45975000,45975000,0.47,0.46,0.0075,132704000,-133162000,23952000,23494000,41992000,128101000,11.38,13.35,9.42,0.1568,0.0768,2.72,4.15,26.62,0.02,0.0192,0.3289,0.4568,0.2168,0.35,0.01,0.8457
2007-12-31,97768036,391072144,4,2208594000,221413000,1138337000,252266000,1070257000,0,0,0,330000000,193917000,42047000,42047000,0.43,0.43,0.01,133578000,-157542000,28011000,4047000,18498000,140248000,9.31,10.22,8.4,0.1631,0.0827,2.74,3.44,23.13,0.02,0.0174,0.3083,0.4846,0.2287,0.36,-0.02,0.8777
2007-09-30,97097573,388390292,4,2077246000,197835000,1025462000,223665000,1051784000,0,0,0,295000000,170848000,35453000,35453000,0.37,0.36,0.0075,86752000,-153797000,57905000,-9140000,14451000,145032000,8.74,9.6,7.89,0.1582,0.0816,2.71,3.32,11.03,0.02,0.0154,0.2805,0.5063,0.2219,0.37,-0.15,0.8845
2007-06-30,97014595,388058380,4,1969261000,213662000,950398000,236111000,1018863000,0,0,0,235000000,175832000,41376000,41376000,0.43,0.42,0.0075,105949000,-164967000,25167000,-33851000,23591000,158183000,9.55,10.47,8.64,0.3241,0.1631,2.63,3.84,11.86,0.02,0.0062,0.2306,0.5174,0.4298,0.38,-0.13,0.9049
2007-03-31,96899682,387598728,4,1843357000,219519000,877464000,217110000,965893000,0,0,0,210000000,191573000,48547000,48547000,0.5,0.5,0.005,135858000,-113616000,-6654000,15588000,57442000,113748000,7.92,8.82,7.01,0.3584,0.1738,2.49,3.25,9.72,0.02,0.0046,0.2174,0.524,0.4285,0.41,0.06,1.0111
2006-12-31,48329613,386636904,8,1834491000,315682000,889293000,251027000,945198000,0,0,0,220000000,171682000,32126000,32126000,0.68,0.66,0.01,1054000,-125748000,-155575000,-280269000,41854000,122810000,6.88,8.21,5.55,0.3962,0.1849,2.44,2.9,7.83,0.01,0.0038,0.2328,0.5152,0.4215,0.44,-0.31,1.2576
2006-09-30,47914159,383313272,8,1979960000,547007000,1070176000,305543000,909784000,0,0,0,380000000,184744000,189020000,189020000,3.92,3.84,0.005,86690000,188694000,30680000,306064000,322123000,120157000,6.21,6.89,5.52,0.4797,0.2103,2.37,3.38,12.84,0.01,0.0021,0.4177,0.4595,0.4262,0.49,-0.09,1.7903
2006-06-30,48261684,386093472,8,1628005000,187591000,915921000,189943000,712084000,0,0,0,330000000,190794000,46864000,46864000,0.96,0.94,0.005,114351000,-136110000,29304000,7545000,16059000,121347000,5.8,6.8,4.8,0.3089,0.1272,1.84,3.35,12.75,0.01,0.0038,0.4634,0.4374,0.2427,0.52,-0.02,0.9876
2006-03-31,48844732,390757856,8,1506631000,164353000,830894000,178807000,675737000,0,0,0,275000000,214768000,53165000,53165000,1.09,1.08,0.005,155009000,-114189000,-42932000,-2112000,8514000,103116000,5.95,6.5,5.4,0.3153,0.1269,1.73,3.86,15.97,0.01,0.0041,0.407,0.4485,0.24,0.53,0.13,0.9192
2005-12-31,48610408,388883264,8,1495370000,230312000,895159000,218584000,600211000,0,0,0,320000000,225082000,58505000,58505000,1.2,1.17,0,117449000,-124246000,14236000,7439000,10626000,109802000,5.75,6.44,5.06,0.2853,0.1091,1.54,4.49,18.67,0.01,0.0044,0.5331,0.4014,0.2174,0.5,0.02,1.0537
2005-09-30,48969832,391758656,8,1415924000,232180000,913667000,309628000,502257000,0,0,0,260000000,161757000,33756000,33756000,0.69,0.68,0.005,59035000,-142035000,34241000,-48759000,3187000,125656000,5.43,6.35,4.51,0.2523,0.0947,1.28,4.11,20.27,0.01,0.0053,0.5177,0.3547,0.1995,0.47,-0.17,0.7499
2005-06-30,48944424,391555392,8,1280418000,207400000,764598000,192732000,515820000,0,0,0,250000000,151884000,35422000,35422000,0.72,0.71,0.005,80059000,-86018000,-1679000,-7638000,51946000,74778000,4.15,4.77,3.54,0.2312,0.0863,1.32,3.52,18.18,0.01,0.0049,0.4847,0.4029,0.1864,0.46,0.01,1.0761
2005-03-31,48922599,391380792,8,1252090000,218040000,789046000,222313000,463044000,0,0,0,250000000,144074000,20762000,20762000,0.43,0.42,0.00333,108017000,-59851000,1392000,49558000,59584000,41070000,4.11,4.75,3.47,0.2103,0.0754,1.18,3.51,18.33,0.01,0.0043,0.5399,0.3698,0.1676,0.45,0.17,0.9808
2004-12-31,32414760,388977120,12,1210956000,194679000,755294000,196889000,455662000,0,0,0,250000000,154639000,32227000,32227000,0.99,0.98,0,57093000,-65105000,-6848000,-14860000,10026000,49599000,3.72,4.03,3.41,0.2173,0.0763,1.17,3.65,19.32,0.01,0.0037,0.5487,0.3763,0.1666,0.46,0.02,0.9888
2004-09-30,33086342,397036104,12,1178356000,184151000,775007000,198235000,403349000,0,0,0,270000000,119423000,17822000,17822000,0.55,0.54,0.00333,72628000,-62132000,-7039000,3457000,24886000,55317000,3.5,3.76,3.23,0.1977,0.0678,1.02,3.54,17,0.01,0.0043,0.6694,0.3423,0.1528,0.44,0.04,0.929
2004-06-30,33047521,396570252,12,1137423000,167175000,745404000,186609000,392019000,0,0,0,270000000,119742000,19318000,19318000,0.59,0.59,0.00333,45731000,-76265000,164000,-30370000,21429000,66719000,3.01,3.52,2.51,0.217,0.0748,0.99,3.17,14.86,0.01,0.0041,0.6887,0.3447,0.1606,0.47,-0.05,0.8959
2004-03-31,32892303,394707636,12,1106370000,178772000,730607000,186101000,375763000,0,0,0,270000000,136604000,19011000,19011000,0.59,0.58,0.00333,97570000,-51855000,5360000,51075000,51799000,35711000,2.57,2.74,2.4,0.2247,0.0758,0.95,2.73,49.74,0.01,0.0041,0.7185,0.3396,0.1556,0.49,0.16,0.9606
2003-12-31,32390158,388681896,12,1055056000,143331000,689859000,156527000,365197000,0,0,0,270000000,121248000,19783000,19783000,0.62,0.6,0,35932000,-25839000,-12756000,-2663000,724000,36634000,2.31,2.52,2.11,0.0633,0.0206,0.94,2.54,95.59,0.01,0.0153,0.7393,0.3461,0.0415,0.5,-0,0.9157
2003-09-30,32493157,389917884,12,1019992000,131369000,663946000,148787000,356046000,0,0,0,285000000,125471000,22668000,22668000,0.7,0.7,0.00333,65902000,-47924000,-16894000,1084000,4346000,33985000,2.38,2.54,2.22,0.0303,0.0098,0.91,2.9,None,0.01,0.0322,0.8005,0.3491,0.0203,0.48,0.08,0.8829
2003-06-30,32172457,386069484,12,1007331000,109997000,691577000,169173000,315754000,0,0,0,304000000,126756000,17904000,17904000,0.56,0.55,0.00333,80257000,-44983000,-33235000,2039000,3262000,30078000,2.19,2.33,2.04,-0.0198,-0.0063,0.82,2.84,None,0.01,None,0.9628,0.3135,None,0.44,0.13,0.6502
2003-03-31,32188413,386260956,12,1013826000,124829000,714788000,159695000,299038000,0,0,0,338000000,135916000,-39223000,-39223000,-1.23,-1.23,0.00333,59547000,-33110000,-27775000,-1338000,1223000,21321000,2.25,2.46,2.03,-0.0661,-0.0213,0.77,2.47,54,0.01,None,1.1303,0.295,None,0.4,0.1,0.7817
2002-12-31,32133975,385607700,12,1054871000,93121000,704214000,123024000,350657000,0,0,0,365000000,103550000,8655000,8655000,0.28,0.27,0,56861000,-28008000,-30960000,-2107000,2561000,16541000,1.93,2.18,1.68,0.0464,0.0152,0.91,2.08,None,0.01,0.0198,1.0409,0.3324,0.0455,0.33,0.1,0.7569
2002-09-30,31795548,381546576,12,1050802000,85845000,696395000,83984000,354407000,0,0,0,395000000,85549000,6125000,6125000,0.19,0.19,0.00333,25252000,-25035000,-3259000,-3042000,4668000,15460000,1.75,1.97,1.53,-0.0236,-0.0077,0.93,1.92,None,0.01,None,1.1145,0.3373,None,0.31,0.03,1.0222
2002-06-30,31792901,381514812,12,1065080000,87439000,718099000,109501000,346981000,0,0,0,397000000,89584000,2121000,2121000,0.07,0.07,0.00333,53479000,-37505000,-13240000,2734000,7710000,30126000,1.95,2.15,1.75,-0.0122,-0.004,0.91,2.22,93.6,0.01,None,1.1442,0.3258,None,0.33,0.06,0.7985
2002-03-31,31965705,383588460,12,1066175000,81416000,730483000,105142000,335692000,0,0,0,412000000,75073000,-798000,-798000,-0.03,-0.03,0.00333,29549000,-48120000,17841000,-730000,4976000,41062000,1.83,2.08,1.57,0.0212,0.0072,0.88,2.01,13.73,0.01,0.0429,1.2273,0.3149,0.0197,0.37,-0.03,0.7743
2001-12-31,31905097,382861164,12,1069031000,84987000,722479000,110240000,346552000,0,0,0,393000000,80319000,-15602000,-15602000,-0.49,-0.49,-0,35637000,-68598000,24735000,-8226000,5706000,-149668000,1.81,2.08,1.53,0.1438,0.0512,0.91,1.87,8.1,0.01,0.0064,1.134,0.3242,0.1053,0.49,0.48,0.7709
2001-09-30,31602497,379229964,12,1093097000,116058000,726922000,119847000,366175000,0,0,0,367000000,104226000,10031000,10031000,0.33,0.32,0.00333,47705000,-222323000,179189000,4571000,13932000,213041000,1.79,2.19,1.39,0.2646,0.0953,0.97,2.03,8.36,0.01,0.0038,1.0023,0.335,0.1365,0.7,-0.44,0.9684
2001-06-30,29601604,355219248,12,772930000,109224000,458847000,122384000,314083000,0,0,0,187000000,107606000,13593000,13593000,0.46,0.45,0.00333,57495000,-43246000,-9999000,4250000,9361000,29008000,2.44,2.85,2.02,0.2861,0.1028,0.88,3.05,13.49,0.01,0.0039,0.5954,0.4064,0.1418,0.73,0.08,0.8925
2001-03-31,29424232,353090784,12,745091000,94921000,461980000,142151000,283111000,0,0,0,183000000,154891000,39062000,39062000,1.33,1.32,0.00333,109598000,-45083000,-66978000,-2463000,5111000,34748000,2.42,2.67,2.16,0.2655,0.083,0.8,3.51,28.19,0.01,0.0046,0.6464,0.38,0.1346,0.66,0.21,0.6677
2000-12-31,29280349,351364188,12,735634000,110269000,493129000,118108000,242505000,0,0,0,253000000,217797000,17072000,17072000,0.6,0.59,0,45176000,-34970000,-4654000,5552000,7574000,27685000,2.12,2.65,1.58,0.1345,0.0369,0.69,3.37,40.38,0.01,0.0095,1.0433,0.3297,0.0793,0.53,0.05,0.9336
2000-09-30,29014104,348169248,12,697369000,83474000,476303000,104251000,221066000,0,0,0,260000000,54695000,6137000,6137000,0.21,0.21,0.00333,22627000,-33423000,11389000,593000,2022000,29614000,1.61,1.77,1.45,0.0825,0.0207,0.63,2.6,33.89,0.01,0.0165,1.1761,0.317,0.0796,0.31,-0.02,0.8007
2000-06-30,28946070,347352840,12,675227000,72339000,460939000,103599000,214288000,0,0,0,249000000,46525000,-3082000,1518000,0.05,0.05,0.00333,15772000,-27019000,11840000,593000,1429000,23115000,1.74,2.08,1.4,0.0739,0.0183,0.62,2.72,40.15,0.01,0.0184,1.162,0.3174,0.071,0.3,-0.02,0.6983
2000-03-31,24981394,299776728,12,652092000,57409000,460644000,88799000,191448000,0,0,0,262000000,49634000,5345000,4494000,0.18,0.18,0.00333,35435000,-20655000,-15623000,-843000,836000,18945000,1.34,1.5,1.18,0.0698,0.0243,0.64,2.13,76.57,0.01,0.0193,1.3685,0.2936,0.0658,0.29,0.06,0.6465
1999-12-31,24793578,297522936,12,659480000,66640000,472984000,89938000,186496000,0,0,0,277000000,59842000,5471000,4621000,0.19,0.19,0,32814000,10899000,-43499000,214000,1679000,21211000,1.31,1.5,1.11,0.0282,0.0125,0.63,2.15,None,0,0.0485,1.4853,0.2828,0.0281,0.27,0.04,0.741
1999-09-30,25073016,300876192,12,694717000,104649000,512413000,90590000,182304000,0,0,0,319000000,45690000,4530000,3679000,0.15,0.15,0.00333,27772000,-11825000,-16386000,-439000,1465000,19617000,1.5,1.63,1.37,-0.002,0.0044,0.61,2.5,None,0,None,1.7498,0.2624,None,0.23,0.03,1.1552
1999-06-30,24746145,296953740,12,682544000,57785000,503617000,74559000,178927000,0,0,0,334000000,41061000,960000,110000,0,0,0.00333,21836000,-7490000,-14121000,225000,1904000,14850000,1.42,1.66,1.17,-0.0362,-0.0047,0.6,2.37,None,0,None,1.8667,0.2621,None,0.23,0.02,0.775
1999-03-31,24694609,296335308,12,694738000,60475000,515886000,73536000,178852000,0,0,0,347000000,35280000,-2442000,-3293000,-0.13,-0.13,0.00333,10066000,-28937000,18350000,-521000,1679000,26513000,1.11,1.32,0.91,-0.0238,-0.0015,0.6,1.79,166.5,0,None,1.9402,0.2574,None,0.24,-0.06,0.8224
1998-12-31,24665455,295985460,12,704160000,71115000,521492000,99034000,182668000,0,0,0,327000000,39762000,0,-850000,-0.03,-0.03,0,23331000,-115488000,92262000,105000,2200000,109599000,1.31,1.51,1.11,0.0102,0.0087,0.62,2.11,32.08,0,0.1306,1.7901,0.2594,0.0119,0.26,-0.29,0.7181
1998-09-30,24928480,299141760,12,596932000,62354000,412857000,86633000,184075000,0,0,0,233000000,37386000,-1673000,-2524000,-0.1,-0.1,0.00333,17427000,-32833000,13608000,-1798000,2096000,25921000,1.38,1.7,1.06,0.0645,0.0274,0.62,2.16,24,0,0.0206,1.2658,0.3084,0.07,0.3,-0.03,0.7197
1998-06-30,24873693,298484316,12,578322000,60363000,387557000,80986000,190765000,0,0,0,214000000,41667000,3134000,2283000,0.09,0.09,0.00333,17526000,-39546000,22393000,373000,3893000,36727000,1.75,1.99,1.5,0.0915,0.0375,0.64,2.78,30.43,0,0.0147,1.1218,0.3299,0.0961,0.31,-0.06,0.7454
1998-03-31,24808647,297703764,12,548482000,58965000,360907000,79025000,187575000,0,0,0,191000000,40791000,3843000,2993000,0.12,0.12,0.00333,28953000,-34275000,7058000,1736000,3520000,31385000,1.65,1.89,1.42,0.0922,0.0386,0.63,2.66,20,0,0.0146,1.0183,0.342,0.0955,0.32,-0.01,0.7462
1997-12-31,24680936,296171232,12,541805000,70533000,357743000,85872000,184062000,0,0,0,183000000,52155000,10224000,9294000,0.38,None,0,1594000,34002000,-35606000,-10000,1784000,9653000,1.73,2.09,1.38,0.1328,0.0522,0.62,2.93,23.59,0,0.0101,0.9942,0.3397,0.1255,0.34,-0.03,0.8214
1997-09-30,24644261,295731132,12,561213000,50126000,386836000,79965000,174377000,0,0,0,217000000,40773000,3680000,2289000,0.1,None,0.00333,27240000,-34516000,8628000,1352000,1795000,32018000,1.71,1.97,1.45,0.1189,0.0469,0.59,2.76,22.55,0,0.0117,1.2444,0.3107,0.1105,0.33,-0.02,0.6268
1997-06-30,22876776,274521312,12,533231000,42535000,361741000,67767000,171490000,0,0,0,207000000,39407000,3346000,1955000,0.09,None,0.00333,18785000,-23024000,-1141000,-5380000,442000,20223000,1.43,1.57,1.29,0.1266,0.0489,0.62,2.31,19.95,0,0.011,1.2071,0.3216,0.1177,0.33,-0.01,0.6277
1997-03-31,22864686,274376232,12,533787000,52419000,363914000,55817000,169873000,0,0,0,222000000,52792000,11084000,9693000,0.42,None,0.00333,47421000,-14906000,-28060000,4455000,5822000,11582000,1.48,1.65,1.32,0.1234,0.0471,0.62,2.51,26.51,0,0.0116,1.3069,0.3182,0.1128,0.33,0.13,0.9391
1996-12-31,22857294,274287528,12,561341000,79637000,400637000,72617000,160704000,0,0,0,248000000,49020000,7566000,6173000,0.27,None,0,22750000,-24759000,1943000,-66000,1367000,22151000,1.36,1.53,1.2,0.0983,0.0387,0.59,2.39,102,0,0.0149,1.5432,0.2863,0.0936,0.3,0,1.0967
1996-09-30,22811519,273738228,12,527123000,48538000,372107000,49743000,155016000,0,0,0,244000000,35497000,4365000,2974000,0.13,None,0.00333,16532000,-17240000,-1159000,-1867000,1433000,14654000,1.34,1.53,1.15,0.0244,0.0175,0.57,2.39,None,0,0.0614,1.574,0.2941,0.0218,0.32,0.01,0.9758
1996-06-30,22807311,273687732,12,521597000,46187000,368937000,49380000,152660000,0,0,0,243000000,37346000,2244000,853000,0.04,None,0.00333,20121000,-13332000,-7240000,-451000,3300000,9577000,1.31,1.47,1.15,-0.4782,-0.1276,0.56,2.34,None,0,None,1.5918,0.2927,None,0.35,0.04,0.9353
1996-03-31,22797754,273573048,12,539640000,62877000,387128000,64039000,152512000,0,0,0,248000000,41198000,6649000,5258000,0.23,None,0.00333,16082000,-12222000,-3138000,722000,3751000,14337000,1.25,1.41,1.09,-0.4614,-0.1314,0.56,2.31,None,0,None,1.6261,0.2826,None,0.35,0.01,0.9819
1995-12-31,22796580,273558960,12,528155000,52348000,380299000,60881000,147856000,0,0,0,249000000,56466000,-3981000,-5373000,-0.24,None,0,10724000,-16179000,6523000,1068000,3029000,13740000,1.2,1.31,1.09,-0.4825,-0.1473,0.54,2.14,None,0,None,1.6841,0.2799,None,0.36,-0.01,0.8598
1995-09-30,22779723,273356676,12,511654000,37939000,357702000,43954000,153952000,0,0,0,240307000,47982000,-71919000,-73310000,-3.22,-3.22,0.00333,6386000,5489000,-12224000,-349000,1961000,2907000,1.18,1.28,1.08,-0.419,-0.1345,0.56,1.42,None,0,None,1.5609,0.3009,None,0.34,0.01,0.8632
1995-06-30,22777996,273335952,12,647594000,40154000,419561000,49748000,228033000,0,0,0,250307000,51353000,-3897000,-5288000,-0.23,-0.23,0.00333,12408000,1092000,-14519000,-1019000,2310000,4958000,1.28,1.42,1.14,-0.0888,-0.0232,0.83,1.49,None,0,None,1.0977,0.3521,None,0.33,0.03,0.8071
1995-03-31,22774556,273294672,12,664513000,45590000,430317000,46392000,234196000,0,0,0,261307000,58122000,-6821000,-8200000,-0.36,None,0.00333,11973000,-4412000,-8005000,-444000,3329000,3067000,1.18,1.33,1.03,-0.0752,None,0.86,1.33,None,0,None,1.1158,0.3524,None,0.34,0.03,0.9827
1994-12-31,22772934,273275208,12,688352000,52019000,445270000,53740000,243082000,0,0,0,268363000,59016000,-1814000,-3205000,-0.14,None,0,11588000,-15431000,3299000,-544000,3773000,12570000,1.39,1.66,1.11,-0.0242,None,0.89,1.54,None,0,None,1.104,0.3531,None,0.38,-0,0.968
1994-09-30,22735401,272824812,12,681090000,52073000,434658000,58723000,246432000,0,0,0,259336000,55758000,-3031000,-4441000,-0.2,-0.2,0.00333,6111000,-36634000,31744000,1221000,4317000,25179000,1.69,1.85,1.53,None,None,0.9,1.84,None,0,None,1.0524,0.3618,None,None,-0.07,0.8868
1994-06-30,22721552,272658624,12,669603000,49960000,418047000,71652000,251556000,0,0,0,228336000,56453000,-1384000,-2480000,-0.11,-0.11,0.00333,22433000,-92218000,69606000,-179000,3096000,21391000,1.75,1.94,1.56,None,None,0.92,3.02,None,0,None,0.9077,0.3757,None,None,0,0.6973
1994-03-31,22719036,272628432,12,445871000,41710000,288443000,44955000,157428000,0,0,0,156000000,65840000,5234000,4682000,0.23,None,0.00333,27171000,-14540000,-12253000,378000,3275000,13544000,1.77,1.96,1.59,None,None,0.58,2.85,None,0,None,0.9909,0.3531,None,None,0.05,0.9278
1993-12-31,20583930,247007160,12,445001000,44638000,291472000,37291000,153529000,0,0,0,169000000,None,None,None,None,None,0,None,None,None,None,2897000,0,1.83,2.19,1.47,None,None,0.62,None,None,0,None,1.1008,0.345,None,None,None,1.197
