"Quarter end","Shares","Shares split adjusted","Split factor","Assets","Current Assets","Liabilities","Current Liabilities","Shareholders equity","Non-controlling interest","Preferred equity","Goodwill & intangibles","Long-term debt","Revenue","Earnings","Earnings available for common stockholders","EPS basic","EPS diluted","Dividend per share","Cash from operating activities","Cash from investing activities","Cash from financing activities","Cash change during period","Cash at end of period","Capital expenditures","Price","Price high","Price low","ROE","ROA","Book value of equity per share","P/B ratio","P/E ratio","Cumulative dividends per share","Dividend payout ratio","Long-term debt to equity ratio","Equity to assets ratio","Net margin","Asset turnover","Free cash flow per share","Current ratio"
2019-03-31,68972247,68972247,1,1472911000,1192076000,142079000,95118000,1330832000,0,0,0,0,78316000,-45461000,-45461000,-0.86,-0.86,0,-460979000,-3347000,-20864000,-485301000,1061473000,3347000,50.38,63.23,37.54,0.9859,0.7149,19.3,2.53,3.55,0.87,0,0,0.9035,2.2851,0.31,-6.73,12.5326
2018-12-31,68203284,68203284,1,1927518000,1646046000,567902000,540739000,1359616000,0,0,0,0,80021000,1056400000,1056400000,13.65,13.9,0,-24430000,2249094000,-764782000,1459727000,1546774000,1938000,43.28,50.02,36.53,None,0.7861,19.93,4.48,75.93,0.87,0,0,0.7054,1.7503,0.45,-0.39,3.0441
2018-09-30,78815696,78815696,1,1187792000,873642000,427114000,174762000,760678000,0,0,214382000,0,64812000,20623000,20623000,0.27,0.27,0,7722000,-9675000,-3276000,-5791000,87047000,-4827000,41.59,51.51,31.66,0.0608,0.0382,9.65,4.46,159.96,0.87,0,0,0.6404,0.0593,0.64,0.16,4.999
2018-06-30,77354458,77354458,1,1166968000,310794000,444912000,161493000,722056000,0,0,634271000,227435000,226960000,-3015000,-3015000,-0.04,-0.04,0,17184000,-10684000,-52586000,-47180000,95099000,8184000,26.1,30.86,21.34,0.029,0.0181,9.33,2.69,93.21,0.87,0,0.315,0.6187,0.0234,0.77,0.12,1.9245
2018-03-31,77060281,77060281,1,1209253000,360345000,460158000,178355000,749095000,0,0,640534000,227837000,244781000,5175000,5175000,0.07,0.06,0,35762000,-25418000,-46473000,-35528000,142279000,20940000,25.77,32.93,18.6,0.031,0.0193,9.72,2.63,214.75,0.87,0,0.3041,0.6195,0.0256,0.75,0.19,2.0204
2017-12-31,79100637,79100637,1,1226490000,382163000,452379000,172808000,774111000,0,0,592827000,227943000,234871000,22941000,22941000,0.29,0.28,0,43630000,-16818000,-18835000,8300000,177807000,15818000,26.34,28.23,24.45,0.0135,0.0084,9.79,2.77,None,0.87,0,0.2945,0.6312,0.0066,1.27,0.35,2.2115
2017-09-30,79136883,79136883,1,1216772000,367904000,463676000,164835000,753096000,0,0,592845000,228045000,225240000,-3336000,-3336000,-0.04,-0.04,0,27810000,-7619000,-14120000,6361000,169507000,7619000,24.66,27.53,21.8,-0.0157,-0.0096,9.52,2.6,None,0.87,None,0.3028,0.6189,None,1.08,0.26,2.232
2017-06-30,79504961,79504961,1,1213897000,355219000,460440000,156616000,753457000,0,0,592761000,228145000,212514000,-1300000,-1300000,-0.02,-0.02,0,4951000,-10466000,-2112000,-7197000,163146000,10466000,27.29,29.11,25.47,-0.0016,-0.001,9.48,2.9,545.8,0.87,None,0.3028,0.6207,None,0.92,-0.07,2.2681
2017-03-31,78507559,78507559,1,1234538000,368519000,495558000,230213000,738980000,0,0,658990000,189241000,875209000,-8081000,-8081000,-0.1,-0.1,0,30665000,2873000,-964000,32493000,170343000,21621000,27.57,30.4,24.74,0.0057,0.0035,9.41,2.97,212.08,0.87,0,0.2561,0.5986,0.0047,0.76,0.12,1.6008
2016-12-31,77830113,77830113,1,1209874000,323934000,486764000,214080000,723110000,0,0,591102000,200798000,1502000,1073000,1073000,0.01,0.01,0,48933000,-150432000,64678000,-37559000,137850000,13049000,25.21,27.7,22.72,0.015,0.0093,9.29,2.76,252.1,0.87,0,0.2777,0.5977,0.0462,0.2,0.46,1.5131
2016-09-30,77468461,77468461,1,1102057000,354181000,394569000,183969000,707488000,0,0,487055000,142341000,1836000,7140000,7140000,0.09,0.09,0,35482000,3003000,-13166000,25249000,175409000,-3003000,24.24,27.24,21.25,0.0116,0.0072,9.13,2.71,161.6,0.87,0,0.2012,0.642,0.0181,0.4,0.5,1.9252
2016-06-30,77409054,77409054,1,1083964000,320340000,390200000,172566000,693764000,0,0,492598000,150124000,1700000,3976000,3976000,0.05,0.05,0,750000,-14696000,-24772000,-39469000,150160000,14696000,21.34,23.57,19.11,0.0167,0.0103,8.96,2.37,237.11,0.87,0,0.2164,0.64,0.0179,0.58,-0.18,1.8563
2016-03-31,77524614,77524614,1,1149849000,376010000,450881000,224000000,698968000,0,0,536848000,157897000,224655000,-1571000,-1571000,-0.02,-0.02,0,39316000,-18539000,-17674000,3239000,189629000,18539000,19.77,22.22,17.32,0.0096,0.0056,9.02,2.18,494.25,0.87,0,0.2259,0.6079,0.0079,0.71,0.27,1.6786
2015-12-31,77724143,77724143,1,1161564000,386503000,457121000,206026000,704443000,0,0,518222000,168681000,221193000,-1410000,-1410000,-0.02,-0.02,0,37580000,-18464000,-13504000,5445000,186390000,14753000,21.37,23.42,19.32,0.0032,0.0018,9.06,2.36,194.27,0.87,0,0.2395,0.6065,0.0025,0.72,0.29,1.876
2015-09-30,77873928,77873928,1,1152621000,377384000,448645000,190323000,703976000,0,0,516273000,176744000,207345000,10723000,10723000,0.14,0.14,0,19419000,112854000,-73844000,57753000,180945000,14461000,19.07,21.47,16.67,0.0112,0.0061,9.04,2.13,None,0.87,0,0.2511,0.6108,0.0085,0.73,0.06,1.9829
2015-06-30,77941249,77941249,1,1295031000,513905000,596729000,323148000,698302000,0,0,519122000,184802000,196895000,-1039000,-1039000,-0.01,-0.01,0,23650000,-20587000,-21211000,-17818000,123192000,16103000,17.62,19.46,15.78,-0.0064,-0.0034,8.96,1.96,None,0.87,None,0.2646,0.5392,None,0.74,0.1,1.5903
2015-03-31,78173839,78173839,1,1322424000,414054000,619167000,248015000,703257000,0,0,624371000,254539000,257367000,-6039000,-6039000,-0.07,-0.07,0,34452000,-21580000,1885000,14119000,141010000,21488000,19.13,20.53,17.72,-0.016,-0.0084,9,2.14,None,0.87,None,0.3619,0.5318,None,0.78,0.17,1.6695
2014-12-31,77276038,77276038,1,1313953000,392031000,623545000,242344000,690408000,0,0,596753000,262761000,260440000,4156000,4156000,0.05,0.05,0,42804000,-17934000,-7277000,17081000,126891000,17934000,18.64,21.25,16.04,-0.0501,-0.0262,8.93,2.12,None,0.87,None,0.3806,0.5254,None,0.8,0.32,1.6177
2014-09-30,77011360,77011360,1,1315228000,378853000,636746000,251764000,678482000,0,0,598899000,270869000,260037000,-1544000,-1544000,-0.02,-0.02,0,25874000,-291144000,-17037000,-283108000,109810000,25472000,19.43,22.32,16.53,-0.0342,-0.0178,8.81,2.21,None,0.87,None,0.3992,0.5159,None,0.81,0.01,1.5048
2014-06-30,77150654,77150654,1,1277473000,620028000,598039000,218120000,679434000,0,0,358891000,278975000,242215000,-7604000,-7604000,-0.1,-0.1,0,1854000,-21678000,-6176000,-25668000,392918000,24605000,28.02,35.74,20.3,-0.0178,-0.0094,8.81,3.16,254.73,0.87,None,0.4106,0.5319,None,0.84,-0.29,2.8426
2014-03-31,76955136,76955136,1,1323301000,665525000,640444000,249469000,682857000,0,0,358853000,289043000,277208000,-29223000,-29223000,-0.38,-0.38,0,43834000,-23212000,16951000,37678000,418586000,22902000,35.66,39.3,32.01,0.0135,0.0071,8.87,3.98,53.22,0.87,0,0.4233,0.516,0.0081,0.88,0.27,2.6678
2013-12-31,76379196,76379196,1,1313881000,617299000,628526000,227747000,685355000,0,0,380929000,297703000,277873000,15067000,15067000,0.2,0.19,0,63772000,-10348000,110817000,164292000,380908000,13981000,33.5,38.71,28.29,0.0802,0.0423,8.97,3.99,50,0.87,0,0.4344,0.5216,0.0468,0.91,0.65,2.7105
2013-09-30,75118140,75118140,1,1174211000,460472000,543942000,205781000,630709000,-440000,0,381373000,230713000,276271000,9864000,9839000,0.13,0.13,0,40521000,-17842000,-14237000,8986000,216616000,17842000,26.08,29.26,22.89,0.0817,0.0433,8.4,3.1,34.77,0.87,0,0.3658,0.5371,0.0465,0.94,0.3,2.2377
2013-06-30,74060194,74060194,1,1155289000,436814000,532578000,194528000,623176000,-465000,0,379670000,233838000,266193000,13095000,13180000,0.18,0.17,0,16849000,-16835000,-15274000,-15344000,207630000,16835000,20.7,22.99,18.41,0.0934,0.049,8.41,2.47,27.6,0.87,0,0.3752,0.5394,0.0525,0.94,0,2.2455
2013-03-31,73913373,73913373,1,1187706000,461096000,568338000,224576000,619748000,-380000,0,381826000,237400000,277131000,13099000,13238000,0.18,0.18,0,74221000,-25310000,-11653000,36754000,222974000,25310000,18.45,20.46,16.43,0.0947,0.0491,8.38,2.23,15.91,0.87,0,0.3831,0.5218,0.0524,0.94,0.66,2.0532
2012-12-31,73827393,73827393,1,1153643000,436509000,542608000,211042000,611276000,-241000,0,383369000,240774000,273102000,14449000,14525000,0.2,0.19,0,38543000,-18469000,-22380000,-2184000,186220000,18469000,17.58,18.98,16.18,0.1386,0.0712,8.28,2.16,16.43,0.87,0,0.3939,0.5299,0.0776,0.92,0.27,2.0684
2012-09-30,74562321,74562321,1,1154733000,428906000,548938000,210659000,605960000,-165000,0,383069000,244347000,277467000,16372000,16511000,0.22,0.21,0,39235000,-13648000,-16711000,9122000,188404000,13648000,17.06,18.99,15.13,0.1292,0.0655,8.13,2.15,16.73,0.87,0,0.4032,0.5248,0.071,0.93,0.34,2.036
2012-06-30,75029287,75029287,1,1161554000,424583000,565411000,221021000,596169000,-26000,0,382472000,248613000,271659000,13199000,13333000,0.17,0.17,0,-1867000,-9513000,-38479000,-50366000,179282000,9513000,13.9,15.14,12.66,0.1239,0.0622,7.95,1.75,14.33,0.87,0,0.417,0.5133,0.0657,0.94,-0.15,1.921
2012-03-31,76805131,76805131,1,1226851000,472005000,614996000,265616000,611747000,108000,0,384670000,251886000,260763000,39634000,39634000,0.6,0.59,0,56443000,55166000,-28239000,83785000,229648000,18302000,13.48,14.92,12.04,0.1196,0.0588,7.96,1.81,None,0.87,0,0.4117,0.4986,0.0626,0.93,0.5,1.777
2011-12-31,78188034,78188034,1,1170487000,408599000,586702000,238977000,583484000,301000,0,383063000,256975000,280893000,7930000,7930000,0.1,0.1,0,82540000,-19712000,-36220000,26750000,145863000,20082000,11.82,14.33,9.3,-0.0613,-0.0285,7.46,1.62,None,0.87,None,0.4404,0.4985,None,0.95,0.8,1.7098
2011-09-30,78274188,78274188,1,1179733000,369079000,602791000,225372000,571362000,5580000,0,418153000,284957000,300034000,12977000,12292000,0.16,0.16,0,57714000,-15942000,-112784000,-71931000,119163000,14899000,11.65,14.37,8.94,-0.0383,-0.0173,7.3,1.58,None,0.87,None,0.4987,0.4843,None,0.92,0.55,1.6376
2011-06-30,81528946,81528946,1,1285225000,450533000,678777000,222261000,601553000,4895000,0,424908000,365565000,288934000,10975000,10975000,0.12,0.12,0,32754000,-16137000,-32599000,-15929000,191094000,15882000,13.55,15.4,11.7,-0.036,-0.0164,7.38,1.88,None,0.87,None,0.6077,0.4681,None,0.88,0.21,2.027
2011-03-31,81149455,81149455,1,1306625000,459250000,715592000,229494000,585178000,5855000,0,417654000,394260000,298796000,-67056000,-67056000,-0.81,-0.81,0,42035000,-16905000,-22331000,3087000,207023000,15826000,15.7,18.83,12.58,-0.0382,-0.017,7.21,1.97,21.51,0.87,None,0.6737,0.4479,None,0.85,0.32,2.0011
2010-12-31,80346320,80346320,1,1386252000,445033000,735548000,243233000,640916000,9788000,0,488381000,414307000,299110000,20823000,20823000,0.25,0.25,0,64230000,-21112000,-38672000,4552000,203936000,21112000,17.09,18.79,15.38,0.1,0.0438,7.98,2.24,25.89,0.87,0,0.6464,0.4623,0.0524,0.84,0.54,1.8297
2010-09-30,80213084,80213084,1,1387622000,445562000,764925000,236062000,612847000,9850000,0,488160000,450452000,291669000,13281000,13281000,0.16,0.16,0,42966000,-36649000,-26451000,-19073000,199384000,25700000,14.47,16.75,12.19,0.092,0.039,7.64,1.99,23.34,0.87,0,0.735,0.4417,0.0473,0.83,0.22,1.8875
2010-06-30,80018814,80018814,1,1364027000,466665000,778343000,245000000,581956000,3728000,0,464374000,459833000,270395000,9805000,9805000,0.12,0.12,0,16988000,-16107000,-5163000,-5647000,218457000,14304000,17.25,19.99,14.51,0.0879,0.0365,7.27,2.39,31.36,0.87,0,0.7902,0.4266,0.0447,0.82,0.03,1.9048
2010-03-31,79685317,79685317,1,1363420000,458705000,784923000,255056000,574400000,4097000,0,509106000,458629000,288342000,16362000,16362000,0.21,0.2,0,87904000,-33709000,-29851000,23522000,224104000,32709000,16.12,18.74,13.5,0.0798,0.0324,7.21,2.27,25.19,0.87,0,0.7984,0.4213,0.0402,0.81,0.69,1.7984
2009-12-31,79147630,79147630,1,1377552000,472651000,810420000,236481000,562749000,4383000,0,517674000,483846000,283807000,14158000,14158000,0.18,0.18,0,74509000,-20502000,-21071000,32948000,200582000,16775000,11.74,14.41,9.07,0.0936,0.0369,7.11,1.7,37.87,0.87,0,0.8598,0.4085,0.0454,0.81,0.73,1.9987
2009-09-30,79058990,79058990,1,1347462000,447751000,801609000,236259000,545853000,0,0,516440000,490608000,271105000,9445000,9445000,0.12,0.12,0,60703000,-19540000,-41166000,-36000,167634000,19897000,8.98,10.2,7.76,0.0476,0.0181,6.9,1.33,23.03,0.87,0,0.8988,0.4051,0.0215,0.84,0.52,1.8952
2009-06-30,78897898,78897898,1,1357352000,456026000,826579000,223361000,530773000,0,0,514304000,533470000,255981000,4194000,4194000,0.05,0.05,0,16166000,-15592000,-11604000,-9496000,167670000,15592000,9.92,12.59,7.25,0.0609,0.0226,6.73,1.54,20.67,0.87,0.1509,1.0051,0.391,0.0258,0.87,0.01,2.0417
2009-03-31,78653214,78653214,1,1367343000,459073000,859673000,254554000,507670000,0,0,507742000,537272000,295509000,22450000,22450000,0.29,0.29,0,74652000,-23608000,-11756000,39091000,177166000,47285000,8.91,10.76,7.06,0.0742,0.0269,6.45,1.43,None,0.87,0.2492,1.0583,0.3713,0.0294,0.91,0.35,1.8034
2008-12-31,78274336,78274336,1,1379035000,446652000,891833000,289856000,487202000,0,0,521367000,535759000,321056000,-11449000,-11449000,-0.15,-0.15,0,78913000,-20629000,-12401000,44705000,138075000,17929000,9.64,12.93,6.35,-0.0922,-0.0327,6.22,1.47,40.17,0.87,None,1.0997,0.3533,None,0.93,0.78,1.5409
2008-09-30,78074600,78074600,1,1402542000,413208000,889053000,278561000,513489000,0,0,530238000,542970000,328935000,15853000,15853000,0.2,0.2,0.06,86803000,-6262000,-38163000,41571000,93370000,-6304000,13.01,15.11,10.91,0.0372,0.0133,6.58,1.97,76.53,0.87,0.9447,1.0574,0.3661,0.0145,0.91,1.19,1.4834
2008-06-30,77679209,77679209,1,1435406000,385165000,921235000,297718000,514171000,0,0,543323000,564377000,331073000,10650000,10650000,0.14,0.14,0.06,28473000,-14880000,-24620000,-10862000,51799000,17339000,12.78,15.1,10.46,0.0264,0.0093,6.62,1.98,None,0.81,0.9679,1.0976,0.3582,0.0105,0.89,0.14,1.2937
2008-03-31,77421968,77421968,1,1471855000,385059000,971343000,339626000,500512000,0,0,544059000,575308000,344616000,-61497000,-61497000,-0.79,-0.79,0.06,57936000,-4110000,-57651000,-3604000,62661000,2066000,11.16,13.66,8.66,-0.014,-0.0049,6.46,1.46,14.88,0.75,None,1.1494,0.3401,None,0.86,0.72,1.1338
2007-12-31,77044178,77044178,1,1622339000,421120000,1034523000,330925000,587816000,0,0,579444000,594627000,350269000,54696000,54696000,0.69,0.69,0.06,130094000,-20524000,-97059000,12434000,66265000,32858000,13.88,17.2,10.55,0.1069,0.0364,7.63,1.93,37.51,0.69,0.1569,1.0116,0.3623,0.0429,0.85,1.26,1.2726
2007-09-30,80929810,80929810,1,1650931000,434739000,1070085000,347761000,580846000,0,0,584680000,618981000,351026000,10542000,10542000,0.13,0.13,0,40644000,-27733000,-20721000,-7548000,53831000,26741000,22.75,26.75,18.75,0.0558,0.0183,7.18,3.3,46.43,0.63,0.3139,1.0657,0.3518,0.0216,0.85,0.17,1.2501
2007-06-30,80635643,80635643,1,1660397000,429141000,1104966000,373000000,555431000,0,0,572812000,622950000,338168000,-11521000,-11521000,-0.15,-0.15,0,39132000,-28123000,12288000,23603000,61379000,25443000,24.59,28.25,20.92,0.0807,0.0251,6.89,3.77,29.27,0.63,0.323,1.1216,0.3345,0.0297,0.85,0.17,1.1505
2007-03-31,79827662,79827662,1,1655904000,412876000,1134593000,387788000,521311000,0,0,566335000,631184000,357271000,6271000,6271000,0.1,0.08,0.06,76534000,-51939000,-74907000,-50238000,37776000,33322000,23.39,25.8,20.99,0.1276,0.0436,6.53,3.6,23.16,0.63,0.2513,1.2108,0.3148,0.0507,0.86,0.54,1.0647
2006-12-31,78347549,78347549,1,1651105000,441964000,1142066000,356289000,509039000,0,0,540958000,688381000,352841000,24945000,24945000,0.32,0.31,0.06,62659000,-39865000,-26861000,-3818000,88014000,25465000,24.99,25.89,24.09,0.1457,0.055,6.5,4.16,24.74,0.57,0.1987,1.3523,0.3083,0.0633,0.87,0.47,1.2405
2006-09-30,77667260,77667260,1,1633322000,429981000,1166769000,366122000,466553000,0,0,517277000,697051000,348319000,21716000,21716000,0.25,0.25,0.05,64409000,-19820000,43091000,87669000,91832000,21745000,24.97,26.44,23.5,0.1416,0.0573,6.01,3.05,29.73,0.51,0.1895,1.494,0.2856,0.0653,0.88,0.55,1.1744
2006-06-30,88067274,88067274,1,1545047000,338817000,824494000,371913000,720553000,0,0,518604000,345992000,336705000,17808000,17808000,0.2,0.2,0.05,56350000,-17040000,-43106000,-3542000,4163000,17823000,24.33,26.8,21.85,0.1121,0.0484,8.18,3.03,34.27,0.46,0.231,0.4802,0.4664,0.0554,0.87,0.44,0.911
2006-03-31,88052429,88052429,1,1540498000,338853000,834321000,379990000,706177000,0,0,517910000,353692000,344343000,23059000,23059000,0.26,0.25,0.05,74158000,-20878000,-55569000,-2201000,7705000,21666000,24.63,26.5,22.75,0.0972,0.0414,8.02,3.31,39.73,0.41,0.2711,0.5009,0.4584,0.0481,0.86,0.6,0.8917
2005-12-31,86720394,86720394,1,1550330000,342977000,905972000,383799000,644358000,0,0,522530000,404104000,347431000,27281000,27281000,0.32,0.31,0.05,95414000,-1273000,-90062000,3944000,9906000,3698000,21.18,24,18.36,0.0814,0.0369,7.43,2.93,38.51,0.36,0.3108,0.6271,0.4156,0.0427,0.87,1.06,0.8936
2005-09-30,85106110,85106110,1,1583150000,337780000,967182000,371388000,615968000,0,0,544287000,477461000,330523000,7149000,7149000,0.08,0.08,0.05,44785000,-57161000,7502000,-4927000,5962000,23924000,20.13,22.1,18.15,0.0757,0.0356,7.24,2.63,30.04,0.31,0.3161,0.7751,0.3891,0.0409,0.87,0.25,0.9095
2005-06-30,87883601,87883601,1,1525755000,328547000,852888000,362323000,672867000,0,0,512315000,374162000,310271000,6639000,6639000,0.07,0.07,0.05,61476000,-130792000,76317000,6704000,10889000,24794000,19.38,22.6,16.15,0.0924,0.0457,7.66,2.09,26.19,0.26,0.2469,0.5561,0.441,0.051,0.9,0.42,0.9068
2005-03-31,87924800,87924800,1,1399879000,333632000,585045000,364262000,814834000,0,0,411317000,104210000,322534000,14858000,14858000,0.16,0.16,0.05,67753000,-45902000,-39285000,-17709000,4185000,27525000,23.21,25.78,20.65,0.1041,0.0528,9.27,3.05,31.36,0.21,0.2111,0.1279,0.5821,0.057,0.93,0.46,0.9159
2004-12-31,85751233,85751233,1,1346293000,315408000,694943000,331679000,651350000,0,0,397996000,251391000,312405000,23480000,23480000,0.27,0.24,0.04,82805000,-29392000,-42279000,11754000,21894000,24340000,24.83,26.94,22.72,0.1155,0.0555,7.6,3.52,34.49,0.16,0.1946,0.386,0.4838,0.0601,0.92,0.68,0.9509
2004-09-30,86287525,86287525,1,1285974000,310341000,677289000,311299000,608685000,0,0,372382000,265830000,299109000,18496000,18496000,0.22,0.2,0.04,61742000,-31609000,-31335000,-1074000,10140000,20647000,22.81,24.23,21.39,0.1137,0.0549,7.05,3.25,35.09,0.12,0.1538,0.4367,0.4733,0.06,0.92,0.48,0.9969
2004-06-30,86021054,86021054,1,1254064000,303918000,649885000,296350000,604179000,0,0,361769000,258138000,288994000,12884000,12884000,0.15,0.14,0.04,34714000,-20816000,-16737000,-3141000,11214000,15540000,23.61,25.04,22.17,0.1044,0.0509,7.02,3.47,36.89,0.08,0.1149,0.4273,0.4818,0.0564,0.9,0.22,1.0255
2004-03-31,86286850,86286850,1,1215784000,286326000,628568000,296103000,587216000,0,0,347524000,239327000,277838000,15919000,15919000,0.19,0.16,0.04,82567000,-80543000,-5370000,-3293000,14355000,25111000,20.28,21.96,18.6,0.1043,0.051,6.81,3.06,101.4,0.04,0.0592,0.4076,0.483,0.0577,0.88,0.67,0.967
2003-12-31,85547569,85547569,1,1141820000,296799000,575438000,205529000,566382000,0,0,290525000,230766000,255207000,19944000,19944000,0.23,0.22,0,79282000,-19261000,-46151000,13999000,17648000,19420000,17.04,18.71,15.36,0.0337,0.0168,6.62,2.68,94.67,0,0,0.4074,0.496,0.0192,0.87,0.7,1.4441
2003-09-30,84876786,84876786,1,1102718000,275383000,563409000,193682000,539309000,0,0,288476000,252723000,241095000,11218000,11218000,0.13,0.13,0,49909000,-13987000,-37120000,-1213000,3649000,14146000,16.27,17.46,15.07,0.0326,0.0162,6.35,2.55,73.95,0,0,0.4686,0.4891,0.0187,0.87,0.42,1.4218
2003-06-30,85350563,85350563,1,1112158000,281185000,567827000,186872000,544331000,0,0,285647000,257448000,236682000,11263000,11263000,0.13,0.13,0,48125000,-9558000,-39283000,-629000,4862000,13443000,14.9,16.87,12.93,0.0396,0.0198,6.38,2.27,70.95,0,0,0.473,0.4894,0.0233,0.85,0.41,1.5047
2003-03-31,85807064,85807064,1,1093246000,289115000,530690000,171665000,562556000,0,0,284279000,289677000,239459000,-23761000,-23761000,-0.28,-0.28,0,63112000,-13917000,-110054000,-60911000,5491000,14430000,15.52,16.97,14.06,0.0385,0.0191,6.56,2.32,23.88,0,0,0.5149,0.5146,0.0227,0.84,0.57,1.6842
2002-12-31,89046851,89046851,1,1188394000,382585000,593504000,172280000,594890000,0,0,293956000,326533000,257961000,19537000,19537000,0.22,0.2,0,76992000,-24056000,-12970000,40010000,66402000,18415000,13.88,15.5,12.25,0.1065,0.051,6.68,2.15,23.93,0,0,0.5489,0.5006,0.0624,0.82,0.66,2.2207
2002-09-30,89207662,89207662,1,1157139000,353345000,580286000,173426000,576853000,0,0,285854000,328647000,235396000,15526000,15526000,0.18,0.17,0,53446000,-15423000,-13946000,24113000,26392000,15911000,16.02,19.38,12.67,0.096,0.0444,6.47,2.66,32.69,0,0,0.5697,0.4985,0.0558,0.8,0.42,2.0374
2002-06-30,88026023,88026023,1,1117092000,326064000,586948000,164793000,530144000,0,0,248466000,343327000,225406000,10465000,10465000,0.12,0.12,0,60243000,-15587000,-48097000,-3397000,2279000,13763000,16.34,17.78,14.9,0.0838,0.0369,6.02,2.81,None,0,0,0.6476,0.4746,0.0475,0.78,0.53,1.9786
2002-03-31,87800901,87800901,1,1156834000,360225000,645903000,177670000,510931000,0,0,236092000,396850000,225325000,13368000,13368000,0.16,0.16,0,60092000,-21960000,-33721000,4359000,5676000,17909000,16,19.15,12.85,-0.0635,-0.0276,5.82,2.84,None,0,None,0.7767,0.4417,None,0.75,0.48,2.0275
2001-12-31,87154372,87154372,1,1127963000,312765000,636935000,202003000,491028000,0,0,232156000,420223000,220543000,11278000,11278000,0.13,0.13,0,60493000,-10058000,-58215000,-7799000,1317000,12612000,13.69,18.05,9.32,-0.2348,-0.1059,5.63,2.48,None,0,None,0.8558,0.4353,None,0.72,0.55,1.5483
2001-09-30,86919779,86919779,1,1168312000,330167000,689553000,227179000,478759000,0,0,232756000,456165000,215204000,7029000,7029000,0.08,0.08,0,69300000,-25993000,-44033000,-713000,9116000,23935000,10.68,13.5,7.85,-0.1781,-0.0844,5.51,1.81,None,0,None,0.9528,0.4098,None,0.74,0.52,1.4533
2001-06-30,90235816,90235816,1,1171801000,339175000,638798000,188445000,533003000,0,0,229650000,450353000,205038000,-63639000,-63639000,-0.71,-0.71,0,-39280000,-26976000,61918000,-4347000,9829000,23287000,15.38,19.87,10.89,-0.1323,-0.0662,5.91,2.25,1538,0,None,0.8449,0.4549,None,0.79,-0.69,1.7999
2001-03-31,90029251,90029251,1,1232725000,352447000,616277000,214320000,616448000,0,0,236647000,369172000,208768000,-79087000,-79087000,-0.89,-0.89,0,62446000,-31016000,-32368000,-1064000,14176000,39763000,29.97,39.25,20.69,0.01,0.0052,6.85,3.91,25.18,0,0,0.5989,0.5001,0.0063,0.83,0.25,1.6445
2000-12-31,89220933,89220933,1,1306573000,386584000,623250000,182844000,683323000,0,0,239753000,369886000,279501000,32790000,32790000,0.37,0.34,0,5802000,-23471000,23580000,5969000,15240000,19996000,37.95,44.16,31.75,0.1785,0.0944,7.66,5.31,33.29,0,0,0.5413,0.523,0.1057,0.89,-0.16,2.1143
2000-09-30,88993102,88993102,1,1222220000,385179000,585940000,165211000,636280000,0,0,218892000,359243000,276061000,28253000,28253000,0.32,0.3,0,19731000,-50651000,35226000,4268000,9271000,36259000,25.98,31.78,20.19,0.1797,0.0945,7.15,3.76,24.06,0,0,0.5646,0.5206,0.1031,0.92,-0.19,2.3314
2000-06-30,88229129,88229129,1,1123182000,342205000,513782000,142691000,609400000,0,0,217041000,322767000,245557000,24423000,24423000,0.28,0.26,0,-39878000,-10449000,31522000,-18921000,5003000,-7999000,28.69,32.13,25.25,0.1785,0.0931,6.91,4.3,28.69,0,0,0.5296,0.5426,0.0992,0.94,-0.36,2.3982
2000-03-31,88135363,88135363,1,1105296000,340046000,517566000,180008000,587730000,0,0,204046000,289234000,261811000,26836000,26836000,0.31,0.29,0,50140000,-43251000,-848000,5995000,23924000,41660000,None,None,None,0.1785,0.0884,6.67,None,None,0,0,0.4921,0.5317,0.0937,0.94,0.1,1.8891
1999-12-31,86595765,86595765,1,1034528000,345721000,508655000,161391000,525873000,0,0,209343000,308375000,244303000,26478000,26478000,0.31,0.29,0,45769000,-45810000,4690000,4614000,17929000,27899000,None,None,None,0.1953,0.0903,6.07,None,None,0,0,0.5864,0.5083,0.0926,0.98,0.21,2.1421
1999-09-30,85926582,85926582,1,993189000,327758000,496477000,147167000,496712000,0,0,192182000,310421000,246840000,21300000,21300000,0.25,0.24,0,33761000,-4596000,-16285000,12922000,13315000,36587000,None,None,None,0.1926,0.0834,5.78,None,None,0,0,0.625,0.5001,0.0841,0.99,-0.03,2.2271
1999-06-30,84812412,84812412,1,955458000,331538000,540747000,123958000,414711000,0,0,183525000,377900000,211506000,15749000,15749000,0.19,0.18,0,-25112000,-64099000,77058000,-12211000,393000,47639000,None,None,None,-0.0241,-0.0099,4.89,None,None,0,None,0.9112,0.434,None,1.01,-0.86,2.6746
1999-03-31,82995032,82995032,1,879327000,293066000,530146000,166034000,349181000,0,0,159883000,325223000,239106000,23680000,23680000,0.21,0.25,0,54745000,-62018000,13737000,6382000,9590000,38538000,None,None,None,-0.0589,-0.0242,4.21,None,None,0,None,0.9314,0.3971,None,1.08,0.2,1.7651
1998-12-31,78128478,78128478,1,744328000,242551000,457970000,110422000,286358000,0,0,133394000,312582000,187912000,13759000,13759000,0.18,0.17,0,5980000,-39510000,37396000,3839000,3208000,41081000,None,None,None,-0.1217,-0.0528,3.67,None,None,0,None,1.0916,0.3847,None,1.12,-0.45,2.1966
1998-09-30,77620167,77620167,1,654995000,230795000,384741000,132091000,270254000,0,0,133500000,218594000,174358000,-61160000,-61160000,-0.82,-0.82,0,4911000,-59727000,-64221000,-118999000,11163000,48459000,None,None,None,-0.1476,-0.069,3.48,None,None,0,None,0.8088,0.4126,None,1.2,-0.56,1.7472
1998-06-30,52548698,52548698,1,433755000,132802000,224441000,61315000,209314000,0,0,84274000,137161000,128608000,7291000,7291000,0.14,0.09,0,-6274000,-28848000,37986000,2858000,8533000,17436000,None,None,None,0.1953,0.099,3.98,None,None,0,0,0.6553,0.4826,0.0762,1.3,-0.45,2.1659
1998-03-31,52479289,52479289,1,394310000,114552000,194182000,68300000,200128000,0,0,78145000,99917000,134080000,10713000,10713000,0.21,0.23,0,35541000,-21942000,-10504000,3089000,5675000,20812000,22.25,25.75,18.75,0.1967,0.1017,3.81,6.23,39.73,0,0,0.4993,0.5075,0.0765,1.33,0.28,1.6772
1997-12-31,52260283,52260283,1,369371000,104096000,182994000,50302000,186377000,0,0,74451000,110273000,120692000,11206000,11206000,0.21,0.19,0,-1013000,-37610000,35341000,-3246000,2586000,18730000,16.69,19.25,14.13,0.1943,0.1011,3.57,5.01,32.1,0,0,0.5917,0.5046,0.0756,1.34,-0.38,2.0694
1997-09-30,52135110,52135110,1,320539000,89075000,146956000,49380000,173583000,0,0,56076000,75857000,109966000,8365000,8365000,0.14,0.14,0,32823000,-6493000,-21095000,5206000,5832000,1640000,19.13,21.13,17.13,0.1921,0.1005,3.33,6.07,39.44,0,0,0.437,0.5415,0.0729,1.38,0.6,1.8039
1997-06-30,51947770,51947770,1,316508000,94192000,152816000,32458000,163692000,0,0,57394000,99232000,100327000,5313000,5313000,0.09,0.09,0,-3158000,-12661000,13723000,-2095000,626000,12661000,15.88,20.63,11.13,0.1906,0.0977,3.15,5.28,33.79,0,0,0.6062,0.5172,0.07,1.4,-0.3,2.902
1997-03-31,51815787,51815787,1,299668000,84545000,143571000,36109000,156097000,0,0,56924000,87120000,105982000,8141000,8141000,0.14,0.14,0,8662000,-17354000,9352000,692000,2721000,17354000,19.19,24,14.38,0.1956,0.0996,3.01,6.78,45.15,0,0,0.5581,0.5209,0.0684,1.46,-0.17,2.3414
1996-12-31,51486328,51486328,1,284150000,81996000,138486000,46083000,145664000,0,0,57492000,78642000,104534000,8863000,8863000,0.15,0.15,0,13778000,-11612000,-927000,1239000,2029000,11612000,21.81,25,18.63,0.1867,0.0989,2.83,8.32,56.65,0,0,0.5399,0.5126,0.0654,1.51,0.04,1.7793
1996-09-30,25610590,51221180,2,269357000,75241000,135069000,40736000,134288000,0,0,55801000,81581000,97547000,6263000,6263000,0.21,0.21,0,6040000,-15414000,9660000,286000,822000,15414000,18.25,20.63,15.88,0.1733,0.0959,2.62,7.36,50.69,0,0,0.6075,0.4986,0.0628,1.53,-0.18,1.847
1996-06-30,25563145,51126290,2,251880000,65443000,125223000,40274000,126657000,0,0,54604000,72544000,93953000,4245000,4245000,0.15,0.15,0,6605000,-19723000,10185000,-2933000,536000,19744000,14.91,17.88,11.94,0.1639,0.0962,2.48,6.19,43.22,0,0,0.5728,0.5028,0.0629,1.53,-0.26,1.6249
1996-03-31,25414443,50828886,2,194049000,54014000,71308000,31159000,122741000,0,0,24506000,26885000,81821000,5335000,5335000,0.19,0.19,0,19242000,-11340000,-6307000,1563000,3469000,11340000,12.63,14,11.25,0.1623,0.1026,2.41,5.13,38.27,0,0,0.219,0.6325,0.0675,1.52,0.16,1.7335
1995-12-31,23641709,47283418,2,188134000,53820000,71963000,29759000,116171000,0,0,24771000,32736000,71315000,5812000,5812000,0.22,0.22,0,4064000,-8998000,5251000,314000,1906000,8998000,14.44,15.88,13,0.1593,0.1015,2.46,6.2,36.1,0,0,0.2818,0.6175,0.0694,1.46,-0.1,1.8085
1995-09-30,23491335,46982670,2,174859000,45225000,65392000,27404000,109467000,0,0,14777000,0,62376000,4072000,4072000,0.16,0.16,0,10023000,-16240000,6490000,269000,1592000,11950000,12.76,14.13,11.38,0.152,None,2.33,5.7,33.36,0,0,0,0.626,0.0676,1.44,-0.04,1.6503
1995-06-30,22480297,44960594,2,153296000,42135000,52657000,23660000,100639000,0,0,9410000,0,54390000,3004000,3004000,0.12,0.12,0,5978000,-10275000,2495000,-1826000,1323000,10275000,10.38,12.63,8.13,0.1521,None,2.24,4.81,29.03,0,0,0,0.6565,0.0662,1.47,-0.1,1.7809
1995-03-31,22451244,44902488,2,148170000,43517000,50993000,24964000,97177000,0,0,19331000,18219000,54972000,3975000,3975000,0.16,0.16,0,13012000,-8306000,-6645000,-1939000,3149000,13936000,7.91,9,6.82,None,None,2.16,3.86,None,0,0,0.1875,0.6558,None,None,-0.02,1.7432
1994-12-31,22381014,44762028,2,146236000,44992000,54262000,23700000,91974000,0,0,19902000,24126000,52742000,4121000,4121000,0.36,0.36,0,7567000,-14352000,10745000,3960000,5088000,7062000,7,7.5,6.5,None,None,2.05,3.93,None,0,None,0.2623,0.6289,None,None,0.01,1.8984
1994-09-30,10653460,42613840,4,125448000,36730000,49766000,20677000,75682000,0,0,7707000,23355000,47853000,2793000,2793000,0.25,0.25,0,9366000,-4460000,-4607000,299000,1128000,4372000,6.13,7.13,5.13,None,None,1.78,4.06,None,0,None,0.3086,0.6033,None,None,0.12,1.7764
1994-06-30,10638131,42552524,4,123063000,36111000,59019000,17297000,64044000,0,0,7875000,28037000,46881000,1516000,1516000,0.14,0.14,0,7002000,44000,-6692000,354000,829000,44000,5.06,5.5,4.63,None,None,1.51,None,None,0,None,0.4378,0.5204,None,None,0.16,2.0877
