"Quarter end","Shares","Shares split adjusted","Split factor","Assets","Current Assets","Liabilities","Current Liabilities","Shareholders equity","Non-controlling interest","Preferred equity","Goodwill & intangibles","Long-term debt","Revenue","Earnings","Earnings available for common stockholders","EPS basic","EPS diluted","Dividend per share","Cash from operating activities","Cash from investing activities","Cash from financing activities","Cash change during period","Cash at end of period","Capital expenditures","Price","Price high","Price low","ROE","ROA","Book value of equity per share","P/B ratio","P/E ratio","Cumulative dividends per share","Dividend payout ratio","Long-term debt to equity ratio","Equity to assets ratio","Net margin","Asset turnover","Free cash flow per share","Current ratio"
2019-03-31,5559929190,5559929190,1,155421000000,45290000000,96263000000,29423000000,58806000000,352000000,19000000,87526000000,35733000000,13118000000,3884000000,3883000000,0.69,0.68,0.36,1698000000,7550000000,-8467000000,793000000,2018000000,618000000,41.63,43.79,39.47,0.1744,0.0709,10.57,3.65,22.38,19.27,0.6936,0.6078,0.3782,0.2131,0.33,0.19,1.5393
2018-12-31,5551804790,5551804790,1,159422000000,49926000000,95664000000,31858000000,63407000000,351000000,19000000,88622000000,32909000000,13977000000,-394000000,-393000000,-0.07,-0.07,0.36,4739000000,-764000000,-6407000000,-2433000000,1225000000,792000000,43.45,46.47,40.42,0.1624,0.0679,11.42,3.52,10.81,18.91,0.7125,0.5192,0.3976,0.2079,0.33,0.71,1.5671
2018-09-30,5780474578,5780474578,1,167838000000,41583000000,96173000000,29013000000,71319000000,346000000,20000000,100920000000,33652000000,13298000000,4114000000,4114000000,0.7,0.69,0.34,5257000000,-2904000000,-1406000000,847000000,3658000000,562000000,40.23,44.45,36,0.3373,0.1424,12.33,3.38,10.59,18.55,0.3297,0.472,0.4248,0.4463,0.32,0.81,1.4333
2018-07-01,5862109503,5862109503,1,164980000000,37303000000,94856000000,32156000000,69778000000,346000000,20000000,102420000000,28935000000,13466000000,3872000000,3871000000,0.66,0.65,0.34,3848000000,-1474000000,-1908000000,395000000,2811000000,456000000,35.82,37.27,34.37,0.3316,0.1339,11.9,2.99,9.79,18.21,0.3457,0.4148,0.4228,0.4234,0.32,0.58,1.1601
2018-04-01,5849571048,5849571048,1,164612000000,34835000000,94070000000,27365000000,70184000000,358000000,21000000,104083000000,31831000000,12906000000,3561000000,3560000000,0.6,0.59,0.34,1983000000,9667000000,-10720000000,985000000,2416000000,386000000,36.31,39.43,33.2,0.3339,0.1285,11.99,3.03,10.14,17.87,0.3543,0.4537,0.4262,0.4128,0.31,0.27,1.273
2017-12-31,5952864751,5952864751,1,171797000000,41141000000,100141000000,30427000000,71308000000,348000000,21000000,104693000000,33538000000,13703000000,12274000000,12274000000,2.06,2.09,0.32,6740000000,-4779000000,-3385000000,-1437000000,1342000000,773000000,35.73,37.35,34.1,0.3426,0.1251,11.98,3.51,21.92,17.53,0.3579,0.4705,0.4149,0.4055,0.31,1,1.3521
2017-10-01,5960707317,5960707317,1,172151000000,40291000000,111041000000,28217000000,60770000000,340000000,22000000,105799000000,34503000000,13168000000,2840000000,2839000000,0.48,0.47,0.32,4888000000,-2996000000,-1728000000,194000000,2779000000,597000000,34.27,36.21,32.32,0.167,0.0581,10.19,3.49,25.01,17.21,0.7587,0.568,0.3529,0.1885,0.31,0.72,1.4279
2017-07-02,5947349054,5947349054,1,168558000000,36385000000,109863000000,27182000000,58368000000,327000000,23000000,106362000000,34191000000,12896000000,3073000000,3073000000,0.52,0.51,0.32,3252000000,-1738000000,-3001000000,-1471000000,2585000000,489000000,33.09,34.52,31.67,0.1398,0.0487,9.81,3.38,27.81,16.89,0.8861,0.586,0.3461,0.16,0.3,0.46,1.3386
2017-04-02,5967844470,5967844470,1,168784000000,35878000000,110038000000,24864000000,58435000000,311000000,23000000,107083000000,36330000000,12779000000,3121000000,3121000000,0.52,0.51,0.32,1589000000,4772000000,-4921000000,1462000000,4057000000,358000000,32.83,34.75,30.9,0.12,0.0425,9.79,3.28,28.06,16.57,1.0023,0.622,0.3461,0.1391,0.31,0.21,1.443
2016-12-31,5951872174,5951872174,1,171615000000,38949000000,111776000000,31115000000,59543000000,296000000,24000000,107097000000,31398000000,13627000000,860000000,860000000,0.14,0.14,0.3,5972000000,-3107000000,-2228000000,501000000,2595000000,769000000,31.91,34,29.83,0.1161,0.0422,10,3.06,31.91,16.25,1.0043,0.5275,0.3468,0.1366,0.31,0.87,1.2518
2016-10-02,6068355132,6068355132,1,178430000000,38501000000,114829000000,34759000000,63307000000,294000000,25000000,110519000000,30437000000,13045000000,1320000000,1319000000,0.22,0.21,0.3,4699000000,-4381000000,-1624000000,-1317000000,2094000000,432000000,35.34,37.39,33.3,0.0974,0.0364,10.43,3.42,31.27,15.95,1.1633,0.481,0.3547,0.1161,0.31,0.7,1.1077
2016-07-03,6065652424,6065652424,1,170658000000,43845000000,107592000000,32099000000,62769000000,297000000,25000000,93656000000,30457000000,13147000000,2019000000,2019000000,0.33,0.33,0.3,3578000000,-4678000000,1945000000,850000000,3411000000,497000000,35.34,37.39,33.3,0.1087,0.0416,10.34,3.4,28.97,15.65,1.0152,0.4854,0.3677,0.1337,0.31,0.51,1.3659
2016-04-03,6064849361,6064849361,1,162929000000,41298000000,99582000000,28735000000,63068000000,279000000,26000000,88160000000,27824000000,13005000000,3016000000,3016000000,0.49,0.49,0.3,1652000000,4355000000,-7014000000,-1080000000,2561000000,301000000,32.85,35.65,30.06,0.1163,0.0459,10.39,3.14,29.59,15.35,0.9219,0.4414,0.3869,0.149,0.31,0.22,1.4372
2015-12-31,6184139991,6184139991,1,167460000000,43804000000,102463000000,29399000000,64719000000,278000000,26000000,88598000000,28818000000,14047000000,-172000000,-172000000,-0.03,-0.03,0.28,4713000000,-2224000000,-1109000000,542000000,3641000000,662000000,33.36,36.07,30.64,0.1048,0.0422,10.46,3.08,25.08,15.05,0.9931,0.4455,0.3863,0.1425,0.3,0.66,1.49
2015-09-27,6173001952,6173001952,1,170867000000,45001000000,103743000000,27845000000,66838000000,286000000,27000000,90514000000,29079000000,12087000000,2130000000,2130000000,0.35,0.34,0.28,5023000000,-5243000000,-267000000,-571000000,3099000000,325000000,32.47,36.46,28.47,0.1228,0.0505,10.82,3,23.03,14.77,0.8103,0.4352,0.391,0.1744,0.29,0.76,1.6161
2015-06-28,6167347758,6167347758,1,160878000000,51715000000,93698000000,24143000000,66894000000,286000000,28000000,74995000000,26729000000,11853000000,2626000000,2626000000,0.43,0.42,0.28,4091000000,-2105000000,-1875000000,107000000,3670000000,263000000,34.37,35.53,33.21,0.1256,0.0537,10.84,3.14,23.87,14.49,0.7513,0.3997,0.4156,0.1846,0.29,0.62,2.142
2015-03-29,6157669933,6157669933,1,160640000000,49443000000,93053000000,20222000000,67304000000,283000000,28000000,76188000000,29370000000,10864000000,2376000000,2375000000,0.38,0.38,0.28,684000000,6592000000,-6982000000,220000000,3563000000,246000000,33.23,35.45,31.01,0.1253,0.0545,10.93,2.86,23.4,14.21,0.7194,0.4366,0.4188,0.1869,0.29,0.07,2.445
2014-12-31,6128855392,6128855392,1,169274000000,57702000000,97652000000,21631000000,71301000000,321000000,29000000,77235000000,31541000000,13118000000,1228000000,1228000000,0.2,0.19,0.26,5399000000,-1514000000,-2926000000,906000000,3343000000,396000000,30.31,33.12,27.51,0.1204,0.0533,11.63,2.45,18.71,13.93,0.7159,0.4425,0.421,0.1841,0.29,0.82,2.6676
2014-09-28,6300657237,6300657237,1,171362000000,56987000000,93057000000,19920000000,77988000000,317000000,30000000,79098000000,31666000000,12361000000,2666000000,2666000000,0.42,0.42,0.26,4462000000,-2535000000,-2887000000,-969000000,2437000000,561000000,29.59,31.31,27.87,0.1358,0.0609,12.37,2.45,18.61,13.67,0.6185,0.4062,0.4549,0.2139,0.28,0.62,2.8608
2014-06-29,6340863126,6340863126,1,172612000000,58287000000,95656000000,21938000000,76633000000,323000000,31000000,80021000000,32267000000,12773000000,2912000000,2911000000,0.46,0.45,0.26,4087000000,-1507000000,-2040000000,544000000,3406000000,328000000,30.73,32.69,28.77,0.1348,0.0601,12.08,2.52,9.85,13.41,0.6149,0.4212,0.4438,0.2112,0.28,0.59,2.6569
2014-03-30,6378718293,6378718293,1,171808000000,57793000000,93740000000,24790000000,77769000000,299000000,32000000,80589000000,27649000000,11353000000,2329000000,2329000000,0.36,0.36,0.26,2935000000,-98000000,-2133000000,679000000,2862000000,298000000,31.31,32.96,29.66,0.2781,0.1235,12.19,2.62,9.97,13.15,0.2934,0.3557,0.4525,0.4367,0.28,0.41,2.3313
2013-12-31,6382925343,6382925343,1,172101000000,56244000000,95481000000,23366000000,76307000000,313000000,33000000,81904000000,30462000000,12468000000,2568000000,2567000000,0.41,0.39,0.24,5786000000,80000000,-5744000000,131000000,2183000000,676000000,30.26,32.5,28.02,0.2794,0.1232,11.95,2.52,8.41,12.89,0.2899,0.3994,0.4432,0.4265,0.29,0.8,2.4071
2013-09-29,6481070845,6481070845,1,175521000000,59500000000,97167000000,20373000000,77969000000,385000000,35000000,82949000000,31812000000,12643000000,2590000000,2593000000,0.39,0.39,0.24,5908000000,-611000000,-5631000000,-384000000,2052000000,278000000,28.88,30.43,27.33,0.322,0.1415,12.02,2.44,7.93,12.65,0.2497,0.4082,0.444,0.4798,0.29,0.87,2.9205
2013-06-30,6620299870,6620299870,1,179335000000,61435000000,100358000000,23450000000,78547000000,430000000,36000000,84207000000,31532000000,12973000000,14095000000,14099000000,2,1.98,0.24,3830000000,836000000,-4034000000,610000000,2436000000,309000000,29.13,31.15,27.12,0.3259,0.1435,11.86,2.51,13.94,12.41,0.2463,0.4016,0.4378,0.4793,0.3,0.53,2.6198
2013-03-31,7093223330,7093223330,1,187398000000,64763000000,104571000000,27543000000,82250000000,577000000,38000000,87861000000,31481000000,13500000000,2750000000,2742000000,0.38,0.38,0.24,2241000000,-10930000000,434000000,-8255000000,2134000000,202000000,27.11,28.9,25.33,0.1912,0.0841,11.59,2.4,13.9,12.17,0.422,0.3829,0.4387,0.2718,0.31,0.29,2.3513
2012-12-31,7189061853,7189061853,1,185798000000,61415000000,104120000000,28619000000,81260000000,418000000,39000000,90685000000,31036000000,14548000000,6315000000,6314000000,0.86,0.85,0.22,5256000000,6837000000,-6233000000,5883000000,10389000000,494000000,24.82,26.09,23.55,0.179,0.0791,11.3,2.24,19.39,11.93,0.4456,0.3821,0.4371,0.247,0.32,0.66,2.146
2012-09-30,7362573528,7362573528,1,182603000000,57127000000,100488000000,29131000000,81703000000,412000000,41000000,91579000000,31083000000,13976000000,3208000000,3207000000,0.43,0.43,0.22,5003000000,-247000000,-3291000000,1475000000,4506000000,285000000,23.57,25.15,22,0.1187,0.0525,11.09,2.22,17.72,11.71,0.6623,0.3806,0.4472,0.1584,0.33,0.64,1.961
2012-07-01,7469483622,7469483622,1,182842000000,58765000000,102881000000,30798000000,79547000000,414000000,42000000,92967000000,30868000000,15057000000,3253000000,3253000000,0.44,0.43,0.22,4021000000,-887000000,-2968000000,97000000,3031000000,294000000,22.35,23.3,21.4,0.1221,0.0543,10.64,2.01,18.17,11.49,0.6198,0.3883,0.4348,0.1587,0.34,0.5,1.9081
2012-04-01,7488136070,7488136070,1,185683000000,54863000000,102006000000,27094000000,83256000000,421000000,43000000,98053000000,33543000000,15405000000,1794000000,1794000000,0.24,0.24,0.22,2774000000,451000000,-3507000000,-248000000,2934000000,254000000,21.77,22.8,20.75,0.1115,0.05,11.11,2,17.14,11.27,0.6528,0.4031,0.4481,0.1444,0.35,0.34,2.0249
2011-12-31,7538520276,7538520276,1,188002000000,57728000000,105381000000,28069000000,82190000000,431000000,45000000,98900000000,34931000000,16746000000,1439000000,1437000000,0.19,0.18,0.2,5261000000,899000000,-6250000000,-167000000,3539000000,598000000,19.48,21.9,17.05,0.1142,0.0517,10.9,1.66,13.53,11.05,0.6181,0.4252,0.4369,0.1484,0.35,0.62,2.0566
2011-10-02,7686966786,7686966786,1,196132000000,62732000000,105602000000,27856000000,90047000000,483000000,46000000,101006000000,35399000000,17193000000,3738000000,3738000000,0.48,0.48,0.2,4439000000,215000000,-4035000000,610000000,3706000000,454000000,18.79,20.95,16.63,0.1287,0.0586,11.71,1.66,17.56,10.85,0.5338,0.3933,0.4589,0.1679,0.35,0.52,2.252
2011-07-03,7802126616,7802126616,1,195899000000,60484000000,106936000000,30471000000,88481000000,482000000,47000000,102166000000,35723000000,16984000000,2610000000,2610000000,0.33,0.33,0.2,5898000000,361000000,-3918000000,2366000000,3096000000,358000000,20.27,21.45,19.1,0.0971,0.0442,11.33,1.78,19.3,10.65,0.7012,0.404,0.4514,0.1277,0.35,0.71,1.985
2011-04-03,7901130426,7901130426,1,194956000000,58244000000,104423000000,29171000000,90067000000,466000000,49000000,103350000000,35308000000,16502000000,2222000000,2222000000,0.28,0.28,0.2,4642000000,725000000,-6404000000,-1005000000,730000000,250000000,19.09,20.57,17.62,0.0961,0.0438,11.39,1.74,18.72,10.45,0.6991,0.3922,0.4617,0.1251,0.35,0.56,1.9966
2010-12-31,7995220402,7995220402,1,195014000000,60468000000,106749000000,28609000000,87813000000,452000000,52000000,101505000000,40710000000,17561000000,2890000000,2890000000,0.36,0.35,0.18,6258000000,-5645000000,-1079000000,-441000000,1735000000,547000000,17.07,17.9,16.25,0.094,0.0427,10.98,1.56,22.17,10.25,0.7001,0.4639,0.45,0.1217,0.35,0.71,2.1136
2010-10-03,8009951287,8009951287,1,191415000000,54089000000,103347000000,24172000000,87635000000,433000000,54000000,102414000000,41410000000,16171000000,866000000,865000000,0.11,0.11,0.18,6683000000,-3880000000,-2523000000,299000000,2176000000,288000000,15.82,17.5,14.14,0.0694,0.031,10.93,1.47,14.51,10.07,0.9184,0.4728,0.4575,0.0918,0.34,0.8,2.2377
2010-07-04,8038278387,8038278387,1,191071000000,51101000000,104193000000,24681000000,86439000000,439000000,56000000,105373000000,40065000000,17327000000,2475000000,2474000000,0.31,0.31,0.18,4873000000,-361000000,-4361000000,118000000,1877000000,373000000,15.7,17.39,14,0.0981,0.044,10.75,1.41,14.02,9.89,0.673,0.4638,0.4521,0.1309,0.34,0.56,2.0705
2010-04-04,8066133809,8066133809,1,195113000000,49916000000,105031000000,25924000000,89659000000,423000000,58000000,107128000000,38281000000,16750000000,2026000000,2026000000,0.25,0.25,0.18,-6360000000,9394000000,-3211000000,-219000000,1759000000,305000000,18.58,20.36,16.8,0.1028,0.0461,11.11,1.67,14.63,9.71,0.6447,0.4272,0.4592,0.1419,0.32,-0.83,1.9255
2009-12-31,8070372772,8070372772,1,212949000000,61670000000,122503000000,37225000000,90014000000,432000000,61000000,110391000000,43193000000,16537000000,767000000,767000000,0.09,0.1,0.16,4825000000,-4367000000,-2734000000,-2256000000,1978000000,422000000,17.53,18.99,16.07,0.1237,0.056,11.15,2.14,14.49,9.53,0.6742,0.4802,0.4224,0.1727,0.32,0.55,1.6567
2009-09-27,8069536059,8069536059,1,141294000000,73784000000,75044000000,23992000000,66157000000,93000000,64000000,37921000000,32402000000,11621000000,2878000000,2878000000,0.43,0.43,0.16,4101000000,-298000000,-1828000000,1990000000,4234000000,261000000,15.54,16.98,14.11,0.1319,0.0632,8.19,1.67,13.87,9.37,0.8223,0.4902,0.4678,0.1775,0.36,0.48,3.0754
2009-06-28,6749143013,6749143013,1,139339000000,71550000000,76104000000,26109000000,63041000000,194000000,66000000,38405000000,31864000000,10984000000,2261000000,2261000000,0.34,0.34,0.16,4514000000,-12973000000,9408000000,997000000,2244000000,269000000,14.18,15.6,12.75,0.1216,0.0617,9.33,1.59,11.92,9.21,1.0028,0.506,0.452,0.1632,0.38,0.63,2.7404
2009-03-29,6747979039,6747979039,1,122932000000,54253000000,62491000000,23340000000,60255000000,186000000,69000000,38405000000,21064000000,10867000000,2729000000,2729000000,0.41,0.4,0.32,3147000000,-13634000000,9635000000,-875000000,1247000000,253000000,15.05,18.48,11.62,0.1281,0.0691,8.92,1.77,12.54,9.05,1.0725,0.35,0.4896,0.1701,0.41,0.43,2.3245
2008-12-31,6745269668,6745269668,1,111148000000,43076000000,53408000000,27009000000,57556000000,184000000,73000000,39185000000,7963000000,12346000000,266000000,266000000,0.04,0.04,0.32,5973000000,-2780000000,-2253000000,857000000,2122000000,389000000,16.73,19,14.45,0.1254,0.0702,8.52,1.68,10.72,8.73,1.0659,0.1385,0.5172,0.1678,0.42,0.83,1.5949
2008-09-28,6742935405,6742935405,1,115249000000,48227000000,47758000000,21503000000,67335000000,156000000,76000000,40331000000,7152000000,11973000000,2278000000,2278000000,0.34,0.34,0.32,3952000000,-1107000000,-2378000000,445000000,1265000000,444000000,18.57,19.97,17.17,0.1588,0.0907,9.97,1.88,13.96,8.41,0.7991,0.1063,0.5836,0.2163,0.42,0.52,2.2428
2008-06-29,6740994347,6740994347,1,116515000000,48651000000,49797000000,23193000000,66569000000,149000000,81000000,41579000000,7246000000,12129000000,2776000000,2776000000,0.41,0.41,0.32,5042000000,-3464000000,-2777000000,-1193000000,820000000,385000000,19.34,21.51,17.17,0.1364,0.0788,9.86,1.94,17.58,8.09,0.9136,0.109,0.5706,0.1852,0.43,0.69,2.0977
2008-03-30,6765196985,6765196985,1,118550000000,51011000000,50990000000,21682000000,67417000000,143000000,86000000,41452000000,8143000000,11848000000,2784000000,2784000000,0.41,0.41,0.32,3271000000,-5484000000,848000000,-1393000000,2013000000,483000000,22.29,24.08,20.5,0.113,0.0665,9.95,2.32,19.05,7.77,1.0768,0.1209,0.568,0.1577,0.42,0.41,2.3527
2007-12-31,6760988882,6760988882,1,115268000000,46849000000,50144000000,21835000000,65010000000,114000000,93000000,41880000000,7314000000,12870000000,2724000000,2724000000,0.41,0.4,0.29,3767000000,-2799000000,-200000000,795000000,3406000000,662000000,23.98,25.71,22.24,0.1199,0.0732,9.6,2.46,11.47,7.45,0.9805,0.1127,0.5632,0.1682,0.44,0.46,2.1456
2007-09-30,6829805073,6829805073,1,109030000000,41840000000,42420000000,14328000000,66610000000,0,103000000,42208000000,6041000000,11990000000,761000000,761000000,0.11,0.11,0.29,4678000000,47000000,-4252000000,473000000,2611000000,461000000,24.64,26.15,23.13,0.2139,0.1337,9.74,2.51,10.1,7.16,0.5196,0.0908,0.61,0.3148,0.42,0.62,2.9202
2007-07-01,6927108833,6927108833,1,110403000000,41622000000,42309000000,15136000000,68094000000,0,110000000,43887000000,5777000000,11084000000,1267000000,1267000000,0.18,0.18,0.29,3665000000,-724000000,-3310000000,-354000000,2138000000,428000000,26.48,27.73,25.23,0.2486,0.1573,9.81,2.57,10.22,6.87,0.4279,0.085,0.6158,0.3676,0.43,0.47,2.7499
2007-04-01,7018262990,7018262990,1,110483000000,42337000000,37995000000,13301000000,72488000000,0,124000000,44412000000,4771000000,12474000000,3392000000,3392000000,0.48,0.48,0.29,1243000000,4271000000,-4848000000,665000000,2492000000,329000000,25.98,27.41,24.55,0.2646,0.1672,10.31,2.59,9.73,6.58,0.3876,0.0659,0.655,0.3864,0.43,0.13,3.183
2006-12-31,7086916026,7086916026,1,114837000000,46949000000,43479000000,21389000000,71358000000,0,141000000,45226000000,5546000000,11690000000,9449000000,9449000000,1.32,1.32,0.24,4476000000,435000000,-4254000000,650000000,1827000000,612000000,26.18,28.6,23.75,0.2777,0.1727,10.05,2.71,15.31,6.29,0.3589,0.0779,0.6202,0.3998,0.43,0.55,2.195
2006-10-01,7210444662,7210444662,1,108585000000,38721000000,38873000000,17688000000,69712000000,0,146000000,46374000000,5561000000,12280000000,3362000000,3362000000,0.47,0.46,0.24,4014000000,344000000,-5103000000,-744000000,1177000000,551000000,25.37,28.58,22.16,0.185,0.112,9.65,2.71,17.26,6.05,0.5259,0.0799,0.6407,0.251,0.45,0.48,2.1891
2006-07-02,7291451351,7291451351,1,111550000000,40994000000,43061000000,20055000000,68489000000,0,152000000,47191000000,5450000000,11741000000,2415000000,2415000000,0.33,0.33,0.24,5143000000,-1109000000,-4977000000,-948000000,1921000000,469000000,24.12,25.72,22.51,0.1608,0.0959,9.37,2.54,14.98,5.81,0.5815,0.0798,0.6126,0.2161,0.44,0.64,2.0441
2006-04-02,7327389419,7327389419,1,112959000000,37415000000,43350000000,19674000000,69609000000,0,159000000,51814000000,6508000000,12660000000,4111000000,4111000000,0.56,0.56,0.24,3961000000,5431000000,-8766000000,622000000,2869000000,418000000,25.22,26.84,23.6,0.1784,0.105,9.48,2.83,23.14,5.57,0.5008,0.0937,0.6148,0.2338,0.45,0.48,1.9017
2005-12-31,7357943810,7357943810,1,117565000000,41896000000,51938000000,28448000000,65627000000,0,169000000,51560000000,6347000000,13593000000,2732000000,2732000000,0.37,0.36,0.19,4737000000,-7779000000,4326000000,1288000000,2247000000,613000000,22.92,25.57,20.27,0.1222,0.0698,8.9,2.54,20.84,5.33,0.6941,0.097,0.5568,0.1576,0.44,0.56,1.4727
2005-10-02,7371396380,7371396380,1,110343000000,32768000000,43536000000,20395000000,66807000000,0,175000000,52782000000,5414000000,12189000000,1589000000,1589000000,0.22,0.22,0.19,3013000000,-1462000000,-1862000000,-317000000,959000000,496000000,26.25,27.82,24.67,0.1224,0.0697,9.04,2.97,19.89,5.14,0.6702,0.0813,0.6039,0.1554,0.45,0.34,1.6067
2005-07-03,7370501376,7370501376,1,112327000000,33573000000,46999000000,22566000000,65328000000,0,180000000,53409000000,5517000000,12425000000,3463000000,3463000000,0.47,0.47,0.19,3809000000,6855000000,-10868000000,-200000000,1276000000,532000000,27.37,29.21,25.52,0.1478,0.0826,8.84,3.02,22.25,4.95,0.5399,0.0847,0.58,0.1864,0.44,0.44,1.4878
2005-04-03,7435344024,7435344024,1,122935000000,42353000000,55403000000,28948000000,67532000000,0,187000000,54672000000,6432000000,13091000000,301000000,301000000,0.04,0.04,0.19,3174000000,-2686000000,-818000000,-332000000,1476000000,465000000,25.77,27.75,23.8,0.1382,0.0764,9.06,2.82,17.3,4.76,0.5621,0.0955,0.5478,0.1757,0.43,0.36,1.4631
2004-12-31,7458873726,7458873726,1,123684000000,39694000000,55406000000,26458000000,68278000000,0,193000000,57007000000,7279000000,14924000000,2826000000,2826000000,0.37,0.37,0.17,5990000000,-2689000000,-3349000000,-56000000,1808000000,1075000000,26.74,31.5,21.99,0.1673,0.0931,9.13,2.95,22.47,4.57,0.4515,0.1069,0.5505,0.2163,0.43,0.66,1.5003
2004-09-26,7530995423,7530995423,1,122229000000,39057000000,53846000000,25239000000,68383000000,0,200000000,56676000000,7956000000,12831000000,3341000000,3341000000,0.45,0.44,0.17,5176000000,37000000,-3996000000,1212000000,1864000000,565000000,32.12,34.63,29.6,0.136,0.0759,9.05,3.65,30.88,4.4,0.5478,0.1167,0.5578,0.1765,0.43,0.61,1.5475
2004-06-27,7550775788,7550775788,1,119961000000,36685000000,53256000000,25158000000,66705000000,0,205000000,57289000000,6765000000,12274000000,2863000000,2863000000,0.38,0.38,0.17,3591000000,-3049000000,-867000000,-313000000,652000000,489000000,35.86,37.9,33.82,0.1195,0.067,8.81,3.98,199.22,4.23,0.6064,0.1017,0.5543,0.1561,0.43,0.41,1.4582
2004-03-28,7630536483,7630536483,1,122289000000,35389000000,53241000000,24637000000,69048000000,0,211000000,59454000000,7144000000,12487000000,2331000000,2331000000,0.31,0.3,0.17,1583000000,-3721000000,1583000000,-555000000,965000000,472000000,36.2,38.89,33.5,0.0231,0.013,9.02,4.23,56.56,4.06,3.0163,0.1038,0.5629,0.0321,0.41,0.15,1.4364
2003-12-31,7625056017,7625056017,1,116775000000,29741000000,51398000000,23657000000,65377000000,0,219000000,58656000000,5755000000,14166000000,601000000,601000000,0.08,0.07,0.15,4396000000,899000000,-5385000000,-90000000,1520000000,779000000,32.45,35.39,29.5,0.0685,0.0378,8.55,3.63,33.45,3.89,1.1869,0.0883,0.558,0.0865,0.44,0.47,1.2572
2003-09-28,7631522869,7631522869,1,120058000000,33067000000,51527000000,21660000000,68531000000,0,229000000,57151000000,6439000000,12504000000,2235000000,2235000000,0.29,0.29,0.15,2873000000,106000000,-3556000000,-580000000,1610000000,658000000,32.36,35.29,29.43,0.1261,0.0672,8.95,3.6,30.53,3.74,0.7445,0.0943,0.5689,0.151,0.44,0.29,1.5266
2003-06-29,7786223406,7786223406,1,124258000000,34744000000,53976000000,22157000000,70282000000,0,239000000,59537000000,6710000000,9993000000,-3591000000,-3591000000,-0.48,-0.48,0.15,2133000000,5716000000,-7716000000,122000000,2190000000,822000000,31.94,36.92,26.95,0.176,0.0877,9,10.14,17.17,3.59,0.6716,0.0958,0.5637,0.1709,0.51,0.17,1.5681
2003-03-30,7894470249,7894470249,1,52928000000,31103000000,28085000000,18754000000,24843000000,0,0,1230000000,3713000000,8525000000,4665000000,4665000000,0.76,0.76,0.15,2323000000,-1883000000,-252000000,190000000,2068000000,382000000,30.22,32.55,27.9,0.5539,0.245,3.15,9.33,20.56,3.44,0.314,0.1495,0.4694,0.3521,0.7,0.25,1.6585
2002-12-31,6158347682,6158347682,1,46356000000,24781000000,26406000000,18555000000,19950000000,0,0,1200000000,3140000000,7197000000,2463000000,2463000000,0.38,0.4,0.13,None,-584000000,-3044000000,104000000,1878000000,499000000,31.13,34,28.25,0.4716,0.2085,3.24,10.11,22.56,3.29,0.3526,0.1574,0.4304,0.2819,0.74,None,1.3355
2002-09-29,6162163694,6162163694,1,44876000000,23670000000,25923000000,18401000000,18953000000,0,0,1304000000,3118000000,8725000000,2350000000,2350000000,0.39,0.38,0.13,2315000000,-793000000,-939000000,578000000,1774000000,400000000,30.18,35.23,25.13,0.4552,0.2053,3.08,9.93,22.69,3.16,0.3604,0.1645,0.4223,0.252,0.81,0.31,1.2863
2002-06-30,6189667177,6189667177,1,42568000000,22386000000,23738000000,16317000000,18830000000,0,0,1288000000,3072000000,8033000000,1957000000,1957000000,0.32,0.32,0.13,2560000000,-1885000000,-806000000,-136000000,1196000000,461000000,36.58,40.4,32.75,0.4408,0.2062,3.04,11.61,28.14,3.03,0.3593,0.1631,0.4424,0.2499,0.82,0.34,1.3719
2002-03-31,6244712273,6244712273,1,41316000000,20970000000,21642000000,14729000000,19674000000,0,0,1824000000,2580000000,8418000000,2356000000,2356000000,0.38,0.37,0.13,1574000000,-1076000000,-210000000,296000000,1332000000,398000000,40.78,42.46,39.1,0.44,0.2103,3.15,13.97,33.15,2.9,0.3515,0.1311,0.4762,0.2487,0.85,0.19,1.4237
2001-12-31,6265230721,6265230721,1,39153000000,18450000000,20860000000,13640000000,18293000000,0,0,1722000000,2609000000,9030000000,1957000000,1957000000,0.31,0.31,0.11,2474000000,-2055000000,-1282000000,-862000000,1036000000,616000000,41.18,44.04,38.32,0.4282,0.2076,2.92,13.68,42.45,2.77,0.3556,0.1426,0.4672,0.2414,0.86,0.3,1.3526
2001-09-30,6286721841,6286721841,1,38806000000,19999000000,19910000000,13039000000,18896000000,0,0,1764000000,2087000000,7898000000,2072000000,2072000000,0.33,0.33,0.11,2580000000,-1424000000,-549000000,603000000,1898000000,540000000,38.11,42.23,34,0.3327,0.1625,3.01,13.51,44.84,2.66,0.4515,0.1104,0.4869,0.1713,0.95,0.32,1.5338
2001-07-01,6312710875,6312710875,1,36941000000,19598000000,19125000000,11984000000,17816000000,0,0,1776000000,2367000000,7686000000,1829000000,1829000000,0.29,0.29,0.11,None,None,None,119000000,1295000000,549000000,41.86,45.23,38.5,0.3041,0.1483,2.82,14.9,56.57,2.55,0.4898,0.1329,0.4823,0.1537,0.96,None,1.6353
2001-04-01,6312851420,6312851420,1,35146000000,18698000000,17398000000,10874000000,17748000000,0,0,1797000000,1888000000,7645000000,1930000000,1930000000,0.31,0.3,0.11,1814000000,-1259000000,-474000000,77000000,1176000000,430000000,40.38,46.75,34.01,0.2756,0.1334,2.81,15.84,53.84,2.44,0.5359,0.1064,0.505,0.136,0.98,0.22,1.7195
2000-12-31,6313729006,6313729006,1,33510000000,17187000000,17434000000,11981000000,16076000000,0,0,1791000000,1123000000,11013000000,35000000,35000000,0.04,0.05,0.09,2650000000,-393000000,-2501000000,-242000000,1099000000,575000000,44.53,48.06,41,0.2596,0.125,2.55,17.39,46.87,2.33,0.5506,0.0699,0.4797,0.126,0.99,0.33,1.4345
2000-10-01,6309039330,6309039330,1,33488000000,17168000000,17316000000,12344000000,16172000000,0,0,1761000000,1257000000,7205000000,1361000000,1361000000,0.22,0.21,0.09,2123000000,-1791000000,-578000000,-249000000,1341000000,482000000,44.19,49,39.38,0.37,0.1747,2.56,18.65,48.03,2.24,0.9326,0.0777,0.4829,0.2014,0.87,0.26,1.3908
2000-07-02,6313725922,6313725922,1,32044000000,15816000000,17071000000,12218000000,14973000000,0,0,1806000000,1266000000,7041000000,1150000000,1150000000,0.18,0.18,0.09,358000000,-1494000000,914000000,-220000000,1590000000,725000000,40.91,48.13,33.69,0.3721,0.1712,2.37,15.5,44.47,2.15,1.0222,0.0846,0.4673,0.2007,0.85,-0.06,1.2945
2000-04-02,3859993247,3859993247,1,20225000000,10433000000,10037000000,7478000000,10188000000,0,0,753000000,524000000,4315000000,1180000000,1180000000,0.31,0.31,0.09,1064000000,-75000000,-1540000000,-548000000,191000000,318000000,33.97,37.94,30,0.3883,0.1757,2.64,14.71,41.6,2.06,1.0656,0.0514,0.5037,0.2136,0.82,0.19,1.3952
1999-12-31,3849002705,3849002705,1,20574000000,11191000000,11687000000,9185000000,8887000000,0,0,763000000,525000000,4506000000,954000000,954000000,0.24,0.25,0.74,1278000000,-182000000,-1349000000,-203000000,739000000,386000000,37.22,42.25,32.19,0.3595,0.16,2.31,16.4,50.99,1.97,1.1683,0.0591,0.432,0.1962,0.82,0.23,1.2184
1999-10-03,3871259325,3871259325,1,20239000000,11484000000,11453000000,9092000000,8786000000,0,0,776000000,525000000,3992000000,701000000,701000000,0.19,0.18,0.08,None,None,None,-281000000,942000000,417000000,36.34,40.69,32,0.324,0.1481,2.27,16.3,40.23,1.23,0.3887,0.0598,0.4341,0.1914,0.77,None,1.2631
1999-07-04,3874955129,3874955129,1,19640000000,11151000000,10989000000,8810000000,8651000000,0,0,779000000,530000000,3779000000,709000000,709000000,0.18,0.18,0.07,738000000,-560000000,-111000000,57000000,1223000000,335000000,40.79,50.04,31.54,0.4045,0.1892,2.23,17.51,46.35,1.15,0.2949,0.0613,0.4405,0.249,0.76,0.1,1.2657
1999-04-04,1294270250,3882810750,3,19025000000,10749000000,9980000000,7752000000,9045000000,0,0,788000000,525000000,3927000000,815000000,815000000,0.65,0.62,0.22,-124000000,-1023000000,771000000,-386000000,1166000000,352000000,42.34,48.17,36.52,0.3993,0.193,2.33,18.65,49.81,1.08,0.3002,0.058,0.4754,0.2458,0.78,-0.12,1.3866
1998-12-31,1293175162,3879525486,3,18302000000,9931000000,9492000000,7192000000,8810000000,0,0,813000000,527000000,3242000000,634000000,634000000,0.5,0.49,0.19,1612000000,-1514000000,-1058000000,-1171000000,1552000000,306000000,35.83,42.98,28.67,0.3948,0.1944,2.27,16.14,42.15,1.01,0.3003,0.0598,0.4814,0.2474,0.79,0.34,1.3808
1998-09-27,1297794059,3893382177,3,18177000000,9874000000,9532000000,7259000000,8645000000,0,0,883000000,528000000,3330000000,1397000000,1397000000,1.1,1.06,0.19,None,None,None,1634000000,2723000000,326000000,35.44,40.21,30.67,0.3961,0.1986,2.22,17.9,54.52,0.95,0.2997,0.0611,0.4756,0.2374,0.84,None,1.3602
1998-06-28,1400227335,4200682005,3,16508000000,8259000000,8203000000,6138000000,8305000000,0,0,1023000000,724000000,3633000000,628000000,628000000,0.5,0.47,0.19,618000000,-449000000,-137000000,36000000,1089000000,283000000,36.36,40.58,32.13,0.3113,0.1567,1.98,17.4,59.61,0.88,0.3859,0.0872,0.5031,0.1824,0.86,0.08,1.3456
1998-03-29,1305630767,3916892301,3,15955000000,7408000000,7766000000,5681000000,8189000000,0,0,1270000000,729000000,3339000000,692000000,692000000,0.55,0.53,0.19,108000000,161000000,-86000000,176000000,1053000000,204000000,28.09,32.5,23.69,0.3009,0.1477,2.09,13.77,47.75,0.82,0.3945,0.089,0.5133,0.1793,0.82,-0.02,1.304
1997-12-31,1298734466,3896203398,3,15336000000,6820000000,7403000000,5305000000,7933000000,0,0,1294000000,729000000,3496000000,558000000,558000000,0.49,None,0.17,468000000,-236000000,-544000000,-313000000,877000000,297000000,23.24,26.67,19.81,0.2996,0.144,2.04,12.23,41.87,0.76,0.3976,0.0919,0.5173,0.177,0.81,0.04,1.2856
1997-09-28,1293254610,3879763830,3,15347000000,7239000000,7942000000,5780000000,7363000000,42000000,0,1316000000,729000000,3094000000,596000000,596000000,0.46,None,0.17,484000000,-206000000,-591000000,-324000000,1190000000,226000000,19.3,21.58,17.02,0.3029,0.142,1.9,10.49,36.07,0.7,0.3951,0.099,0.4798,0.1774,0.8,0.07,1.2524
1997-06-29,1292616811,3877850433,3,15732000000,7343000000,8558000000,6422000000,7134000000,40000000,0,1344000000,731000000,2913000000,457000000,457000000,0.35,None,0.17,410000000,-249000000,128000000,284000000,1514000000,209000000,17.18,20.52,13.83,0.3003,0.1383,1.84,9.34,33.04,0.64,0.398,0.1025,0.4535,0.1749,0.79,0.05,1.1434
1997-03-30,645621901,3873731406,6,15053000000,6926000000,7901000000,5780000000,7112000000,40000000,0,1375000000,732000000,3001000000,602000000,602000000,0.93,None,0.34,267000000,-331000000,159000000,80000000,1230000000,211000000,14.97,16.5,13.44,0.3044,0.139,1.84,8.41,29.94,0.59,0.397,0.1029,0.4725,0.1732,0.8,0.01,1.1983
1996-12-31,646441139,3878646834,6,14667000000,6468000000,7713000000,5640000000,6904000000,50000000,0,1424000000,687000000,3160000000,504000000,504000000,0.78,None,0.3,755000000,234000000,-890000000,104000000,1150000000,264000000,14.07,15.21,12.92,0.3063,0.1376,1.78,8.38,29.41,0.53,0.4002,0.0995,0.4707,0.1706,0.81,0.13,1.1468
1996-09-29,644628048,3867768288,6,14616000000,6806000000,8050000000,6199000000,6514000000,52000000,0,1478000000,553000000,2803000000,514000000,514000000,0.8,None,0.3,589000000,-854000000,437000000,176000000,1046000000,197000000,12.09,13.25,10.94,0.3092,0.1356,1.68,7.85,26.47,0.48,0.4054,0.0849,0.4457,0.1709,0.79,0.1,1.0979
1996-06-30,642410060,3854460360,6,13619000000,6491000000,7635000000,5848000000,5935000000,49000000,0,1476000000,583000000,2661000000,394000000,394000000,0.61,None,0.3,502000000,-582000000,139000000,52000000,870000000,178000000,11.69,12.9,10.48,0.311,0.1335,1.54,7.69,26.67,0.43,0.41,0.0982,0.4358,0.1667,0.8,0.08,1.11
1996-03-31,640047387,3840284322,6,13174000000,6406000000,7286000000,5482000000,5840000000,48000000,0,1327000000,584000000,2682000000,517000000,517000000,0.81,None,0.3,221000000,265000000,-68000000,415000000,818000000,135000000,10.9,11.79,10.02,0.3132,0.1292,1.52,7.68,26.21,0.38,0.4124,0.1,0.4433,0.1621,0.8,0.02,1.1686
1995-12-31,639181479,3835088874,6,12729300000,6152400000,7222700000,5187200000,5460000000,46600000,0,1243000000,833000000,2598000000,410900000,410900000,0.65,None,0.26,654800000,-352200000,-633600000,-330300000,403300000,203100000,9.96,11.15,8.77,0.3125,0.1233,1.42,7.27,25,0.33,0.42,0.1526,0.4289,0.157,0.79,0.12,1.1861
1995-10-01,636153833,3816922998,6,12821100000,6137000000,7539900000,5799400000,5235100000,46100000,0,1174300000,358200000,2538500000,425300000,425300000,0.67,None,0.26,417600000,-33300000,-258800000,110000000,733600000,177500000,8.14,9.04,7.25,0.3156,0.1212,1.37,6.46,21.56,0.29,0.4293,0.0684,0.4083,0.1539,0.79,0.06,1.0582
1995-07-02,634217993,3805307958,6,12945400000,5982100000,8116200000,6102500000,4784400000,44800000,0,1218200000,611200000,2482000000,316300000,316300000,0.5,None,0.26,191200000,-293200000,-250400000,-343400000,623600000,119300000,7.31,7.92,6.71,0.3155,0.1199,1.26,5.94,20.07,0.24,0.444,0.1277,0.3696,0.152,0.79,0.02,0.9803
1995-04-02,315775459,3789305508,12,12515300000,5824700000,7818500000,5777300000,4656100000,40700000,0,1212300000,609900000,2402900000,420400000,420400000,1.35,None,0.52,557800000,-1664100000,623700000,-491500000,967000000,196400000,6.86,7.5,6.21,0.3216,None,1.23,6.02,19.6,0.2,0.4507,0.131,0.372,0.1549,0.79,0.1,1.0082
1994-12-31,314219772,3770637264,12,11098500000,5788400000,6774600000,4825900000,4285100000,38800000,0,325700000,604200000,2300200000,334000000,334000000,1.09,None,0.47,481200000,-183000000,260500000,564300000,1458500000,193700000,6.14,6.61,5.67,0.3263,None,1.14,5.63,None,0.16,0.4519,0.141,0.3861,0.1568,0.8,0.08,1.1994
1994-10-02,314778431,3777341172,12,10401500000,5425800000,6247600000,4139000000,4116000000,37900000,0,291900000,586300000,2074900000,336500000,336500000,1.09,None,0.47,404500000,-166600000,-153700000,90100000,894200000,188700000,5.4,5.88,4.93,None,None,1.09,5.51,None,0.12,None,0.1424,0.3957,None,None,0.06,1.3109
1994-07-03,314244694,3770936328,12,10099900000,5171700000,6351900000,4286200000,3711200000,36800000,0,288700000,570200000,1923300000,257200000,257200000,0.84,None,0.47,357500000,-407800000,43300000,7300000,804100000,160900000,4.92,5.4,4.44,None,None,0.98,4.73,None,0.08,None,0.1536,0.3674,None,None,0.05,1.2066
1994-04-03,305185309,3662223708,12,9640900000,4942900000,5801200000,3750200000,3804200000,35500000,0,261100000,570100000,1982900000,370700000,370700000,1.18,None,0.47,245300000,-82900000,-88200000,67400000,796800000,128200000,5.13,5.82,4.43,None,None,1.04,5.13,None,0.04,None,0.1499,0.3946,None,None,0.03,1.318
1993-12-31,319964571,3839574852,12,9330900000,4733200000,5465400000,3443600000,3826200000,39300000,0,231100000,570500000,None,None,None,None,None,0,None,None,None,None,729400000,0,5.33,5.86,4.81,None,None,1,None,None,0,None,0.1491,0.4101,None,None,None,1.3745
