"Quarter end","Shares","Shares split adjusted","Split factor","Assets","Current Assets","Liabilities","Current Liabilities","Shareholders equity","Non-controlling interest","Preferred equity","Goodwill & intangibles","Long-term debt","Revenue","Earnings","Earnings available for common stockholders","EPS basic","EPS diluted","Dividend per share","Cash from operating activities","Cash from investing activities","Cash from financing activities","Cash change during period","Cash at end of period","Capital expenditures","Price","Price high","Price low","ROE","ROA","Book value of equity per share","P/B ratio","P/E ratio","Cumulative dividends per share","Dividend payout ratio","Long-term debt to equity ratio","Equity to assets ratio","Net margin","Asset turnover","Free cash flow per share","Current ratio"
2019-06-30,451247092,451247092,1,4679908000,2444447000,2631634000,1332641000,2048274000,0,0,588289000,591396000,1191729000,-17349000,-17349000,-0.04,-0.04,0,202496000,-42132000,2394000,167790000,465946000,42132000,21.29,24.17,18.4,0.0417,0.0192,4.54,4.69,1064.5,0,0,0.2887,0.4377,0.0162,1.19,0.36,1.8343
2019-03-31,451011943,451011943,1,4436072000,2206708000,2386265000,1094012000,2049807000,0,0,588844000,590431000,1204722000,22477000,22477000,0.05,0.05,0,-89789000,-35911000,-141635000,-267904000,298156000,35911000,18.29,20.85,15.72,0.0032,0.0015,4.54,4.07,None,0,0,0.288,0.4621,0.0012,1.22,-0.28,2.0171
2018-12-31,448754292,448754292,1,4245022000,2593628000,2228151000,1315977000,2016871000,0,0,4250000,703834000,1389980000,4220000,4220000,0.01,0.01,0,509413000,-48681000,-83159000,389520000,566060000,48682000,19.16,23.28,15.05,-0.0233,-0.0109,4.49,4.29,None,0,None,0.349,0.4751,None,1.22,1.03,1.9709
2018-09-30,448366397,448366397,1,4227169000,2587030000,2221248000,1299739000,2005921000,0,0,595000000,703455000,1442976000,75266000,75266000,0.17,0.17,0,-27190000,-28158000,24561000,-27780000,176540000,28157000,19.26,21.48,17.04,-0.0695,-0.0331,4.47,4.46,None,0,None,0.3507,0.4745,None,1.24,-0.12,1.9904
2018-06-30,444939413,444939413,1,4241152000,2561515000,2317240000,1338399000,1923912000,0,0,597040000,752370000,1174859000,-95544000,-95544000,-0.21,-0.21,0,123983000,-70135000,-135069000,-85865000,204320000,30928000,18.26,22.68,13.84,-0.0791,-0.0383,4.32,4.02,None,0,None,0.3911,0.4536,None,1.23,0.21,1.9139
2018-03-31,444651642,444651642,1,4264319000,2592005000,2246587000,1317057000,2017732000,0,0,611132000,758705000,1185370000,-30244000,-30244000,-0.07,-0.07,0,22024000,-55930000,3799000,-27950000,290185000,55930000,14.12,16.83,11.41,-0.0374,-0.0187,4.54,3.09,None,0,None,0.376,0.4732,None,1.24,-0.08,1.968
2017-12-31,442172586,442172586,1,4006367000,2337679000,1987725000,1060375000,2018642000,0,0,602669000,765046000,1365362000,-87922000,-87922000,-0.19,-0.19,0,263256000,-55415000,-150122000,54481000,312483000,55415000,14.5,17.61,11.4,-0.0236,-0.0124,4.57,3.05,45.31,0,None,0.379,0.5039,None,1.28,0.47,2.2046
2017-09-30,441697856,441697856,1,4130365000,2456842000,2029669000,1100426000,2100696000,0,0,607964000,771382000,1405615000,54242000,54242000,0.12,0.12,0,33576000,-60299000,116217000,92317000,258002000,60299000,19.14,22.37,15.92,0.0988,0.053,4.76,4.17,39.06,0,0,0.3672,0.5086,0.0497,1.07,-0.06,2.2326
2017-06-30,440988282,440988282,1,3894244000,2166470000,1870473000,936539000,2023771000,0,0,640312000,777717000,1088245000,-12308000,-12308000,-0.03,-0.03,0,-29207000,-75483000,97106000,-6443000,165685000,75483000,20.91,23.46,18.35,0.138,0.0746,4.59,4.56,52.28,0,0,0.3843,0.5197,0.0676,1.1,-0.24,2.3133
2017-03-31,440318477,440318477,1,3577160000,1906028000,1557127000,627539000,2020033000,0,0,633367000,784052000,1117331000,-2272000,-2272000,-0.01,-0.01,0,-33562000,-91790000,43558000,-78342000,172128000,91790000,24.73,31.06,18.4,0.1216,0.0657,4.59,5.34,57.51,0,0,0.3881,0.5647,0.0596,1.1,-0.28,3.0373
2016-12-31,438530462,438530462,1,3644331000,1965153000,1613431000,685816000,2030900000,0,0,627901000,790388000,454994000,162230000,162230000,0.24,0.24,0,398649000,-65097000,-254407000,70516000,250470000,65097000,34.1,39.2,29,0.1377,0.0736,4.63,7.77,79.3,0,0,0.3892,0.5573,0.0669,1.1,0.76,2.8654
2016-09-30,438152645,438152645,1,3685337000,2026561000,1762183000,857250000,1923154000,0,0,645151000,796768000,1421908000,128225000,128225000,0.29,0.29,0,54576000,-67503000,71041000,58738000,179954000,67503000,40.95,44.68,37.23,0.1128,0.0607,4.39,10.11,112.19,0,0,0.4143,0.5218,0.0506,1.2,-0.03,2.364
2016-06-30,437293016,437293016,1,3426924000,1849185000,1655576000,709354000,1771348000,0,0,650990000,838116000,956280000,-52656000,-52656000,-0.12,-0.12,0,19537000,-145383000,90107000,-35785000,121216000,80160000,41.65,47.95,35.35,0.1028,0.055,4.05,10.41,80.1,0,0,0.4732,0.5169,0.0466,1.18,-0.14,2.6069
2016-03-31,217591109,435182218,2,3218124000,1768783000,1476807000,605900000,1741317000,0,0,662112000,217525000,1010518000,19180000,19180000,0.04,0.04,0,-168275000,-103156000,299254000,27149000,157001000,104573000,37.52,43.42,31.62,0.151,0.0808,4,9.72,71.47,0,0,0.1249,0.5411,0.0686,1.18,-0.63,2.9193
2015-12-31,216096468,432192936,2,2868900000,1498763000,1200678000,478810000,1668222000,0,0,660867000,352000000,571960000,105602000,105602000,0.49,0.48,0,269344000,-66654000,-227743000,-29546000,129852000,72078000,45.63,52.37,38.89,0.155,0.083,3.86,12.82,95.06,0,0,0.211,0.5815,0.0711,1.17,0.46,3.1302
2015-09-30,215815884,431631768,2,3035502000,1773111000,1500248000,848604000,1535254000,0,0,671564000,362550000,1165357000,100477000,100477000,0.47,0.45,0,-133535000,-73555000,194613000,-11838000,159398000,61597000,46.51,52.95,40.06,0.151,0.0822,3.56,14.18,101.11,0,0,0.2361,0.5058,0.0662,1.24,-0.45,2.0894
2015-06-30,215661526,431323052,2,2762258000,1557936000,1346678000,591295000,1415580000,0,0,675517000,373003000,751911000,14766000,14766000,0.07,0.07,0,-3387000,-97044000,43974000,-60804000,171236000,96693000,41.08,44.08,38.08,0.1505,0.0867,3.28,12.8,88.34,0,0,0.2635,0.5125,0.0681,1.27,-0.23,2.6348
2015-03-31,215536971,431073942,2,2548054000,1434479000,1163528000,448219000,1384526000,0,0,682567000,383500000,779572000,11728000,11728000,0.05,0.05,0,-176526000,-610222000,429234000,-361135000,232040000,71113000,36.62,41.34,31.89,0.1608,0.0972,3.21,11.59,77.91,0,0,0.277,0.5434,0.073,1.33,-0.57,3.2004
2014-12-31,213912580,427825160,2,2095083000,1549399000,744783000,421627000,1350300000,0,0,149486000,255250000,544955000,87709000,87709000,0.42,0.39,0,291529000,-44068000,98179000,343706000,593175000,44068000,33.25,36.49,30,0.1714,0.1104,3.16,11.35,79.17,0,0,0.189,0.6445,0.0779,1.42,0.58,3.6748
2014-09-30,213696944,427393888,2,1978110000,1463903000,723969000,490479000,1254141000,0,0,152206000,172124000,911103000,89105000,89105000,0.42,0.41,0,-26830000,-28159000,5630000,-50965000,249469000,28159000,32.55,36.71,28.39,0.162,0.1051,2.93,12.19,84.55,0,0,0.1372,0.634,0.0711,1.48,-0.13,2.9846
2014-06-30,213278423,426556846,2,1863945000,1368319000,723186000,480245000,1140759000,0,0,154171000,176987000,589496000,17690000,17690000,0.08,0.08,0,101870000,-29185000,47097000,120508000,300434000,29185000,26.3,30.09,22.52,0.1576,0.1045,2.67,10.12,68.31,0,0,0.1551,0.612,0.0703,1.49,0.17,2.8492
2014-03-31,213114046,426228092,2,1599016000,1125157000,490439000,387252000,1108577000,0,0,154959000,46846000,624846000,13538000,13538000,0.06,0.06,0,-147536000,-50900000,31400000,-167563000,179926000,39976000,25.84,31.2,20.49,0.1678,0.1149,2.6,10.38,69.37,0,0,0.0423,0.6933,0.0749,1.54,-0.44,2.9055
2013-12-31,105828707,423314828,4,1577741000,1128811000,524387000,426630000,1053354000,0,0,146341000,47951000,470917000,64166000,64166000,0.61,0.58,0,232411000,-173869000,104510000,161112000,347489000,25772000,20.42,21.98,18.86,0.1736,0.1205,2.49,8.92,59.19,0,0,0.0455,0.6676,0.0779,1.55,0.49,2.6459
2013-09-30,105633439,422533756,4,1396990000,1122915000,430535000,332984000,966455000,0,0,3721000,49148000,706296000,72784000,72784000,0.69,0.68,0,-21865000,-22362000,5987000,-37465000,186377000,22362000,17.63,20.41,14.86,0.1693,0.1194,2.29,8.48,56.87,0,0,0.0509,0.6918,0.0705,1.69,-0.1,3.3723
2013-06-30,105485842,421943368,4,1275388000,1011955000,398381000,303895000,877007000,0,0,3798000,50387000,442896000,17566000,17566000,0.17,0.16,0,-15940000,-23542000,8849000,-31880000,223842000,21842000,14.48,16.39,12.57,0.1612,0.1142,2.08,7.2,50.81,0,0,0.0575,0.6876,0.0678,1.68,-0.09,3.3299
2013-03-31,105067773,420271092,4,1140488000,887441000,297330000,206329000,843158000,0,0,3842000,51658000,462391000,7814000,7814000,0.07,0.07,0,-74536000,-18329000,7449000,-86119000,255722000,18329000,12.03,12.98,11.08,0.1569,0.1113,2.01,6.17,39.77,0,0,0.0613,0.7393,0.065,1.71,-0.22,4.3011
2012-12-31,104769813,419079252,4,1157083000,903598000,340161000,252228000,816922000,0,0,4483000,52757000,491842000,50132000,50132000,0.48,0.47,0,205773000,-9215000,-11625000,184794000,341841000,14410000,13.29,15.05,11.53,0.1753,0.1238,1.95,7.34,50.63,0,0,0.0646,0.706,0.0719,1.72,0.46,3.5825
2012-09-30,104652708,418610832,4,1078639000,842302000,320259000,253841000,758380000,0,0,4815000,30682000,562175000,57317000,57317000,0.55,0.54,0,20823000,-13760000,5215000,14119000,157047000,13990000,13.13,15.24,11.02,0.1613,0.1134,1.81,7.96,55.28,0,0,0.0405,0.7031,0.0661,1.72,0.02,3.3182
2012-06-30,104462728,417850912,4,1004689000,777295000,315556000,251538000,689133000,0,0,5222000,31499000,359494000,6668000,6668000,0.06,0.06,0,46213000,-14919000,4282000,35876000,142928000,14721000,12.28,13.48,11.07,0.1541,0.1067,1.65,7.58,51.71,0,0,0.0457,0.6859,0.0634,1.68,0.08,3.0902
2012-03-31,52132837,417062696,8,920237000,694102000,246149000,182694000,674088000,0,0,4648000,32451000,376629000,14661000,14661000,0.28,0.28,0,-73048000,-9037000,14425000,-68332000,107052000,8839000,10.6,12.42,8.78,0.1629,0.1135,1.62,6.88,45.84,0,0,0.0481,0.7325,0.0663,1.71,-0.2,3.7993
2011-12-31,51765652,414125216,8,919210000,689663000,282778000,183607000,636432000,0,0,5535000,70842000,384270000,32552000,32552000,0.63,0.62,0,141302000,-11563000,-24164000,107525000,175384000,11799000,9.37,10.93,7.81,0.1691,0.1183,1.54,6.55,44.62,0,0,0.1113,0.6924,0.0675,1.75,0.31,3.7562
2011-09-30,51713330,413706640,8,900138000,672004000,308073000,209364000,592065000,0,0,2916000,73470000,455089000,45987000,45987000,0.89,0.88,0,-42411000,-42597000,35303000,-51825000,67859000,16998000,8.47,10.37,6.58,0.1622,0.1151,1.43,6.47,45.78,0,0,0.1241,0.6577,0.0645,1.78,-0.14,3.2097
2011-06-30,51555038,412440304,8,766189000,621327000,227723000,172553000,538466000,0,0,3449000,31290000,284057000,6241000,6241000,0.12,0.12,0,1824000,-19425000,26365000,8840000,119684000,19337000,8.85,10,7.7,0.1507,0.1098,1.31,6.97,49.51,0,0,0.0581,0.7028,0.0621,1.77,-0.04,3.6008
2011-03-31,51706258,413650064,8,691710000,558104000,166535000,136056000,525175000,0,0,3982000,7660000,312699000,12139000,12139000,0.24,0.23,0,-85497000,-15851000,8303000,-93026000,110844000,11447000,7.65,8.84,6.47,0.1541,0.1139,1.27,6.32,45.67,0,0,0.0146,0.7592,0.064,1.78,-0.23,4.102
2010-12-31,51172858,409382864,8,675378000,555850000,178412000,149147000,496966000,0,0,3914000,9077000,301166000,22948000,22948000,0.46,0.45,0,82021000,-18927000,2534000,69934000,203870000,7649000,6.51,7.52,5.51,0.1527,0.1124,1.21,5.76,44.14,0,0,0.0183,0.7358,0.0644,1.75,0.18,3.7269
2010-09-30,50996515,407972120,8,642863000,536345000,181472000,152334000,461391000,0,0,4148000,10476000,328568000,34857000,34857000,0.68,0.68,0,-19582000,-7324000,5585000,-22153000,133936000,7324000,4.86,5.76,3.95,0.1431,0.1053,1.13,4.67,38.12,0,0,0.0227,0.7177,0.0617,1.71,-0.07,3.5208
2010-06-30,50903673,407229384,8,570099000,467550000,146984000,122883000,423115000,0,0,4657000,7406000,204786000,3502000,3502000,0.07,0.07,0,-549000,-8055000,-173000,-9873000,156089000,8055000,4.25,4.86,3.64,0.1291,0.0955,1.04,4.17,34.69,0,0,0.0175,0.7422,0.0562,1.7,-0.02,3.8048
2010-03-31,50693958,405551664,8,549251000,447232000,136404000,111618000,412847000,0,0,5168000,8921000,229407000,7170000,7170000,0.14,0.14,0,-11776000,-7479000,-703000,-21335000,165962000,7154000,3.43,3.9,2.96,0.13,0.0956,1.02,3.46,29.83,0,0,0.0216,0.7517,0.0564,1.69,-0.05,4.0068
2009-12-31,50301228,402409824,8,545588000,448000000,145591000,120162000,399997000,0,0,5681000,10948000,222217000,15202000,15202000,0.31,0.29,0,93384000,-3796000,3604000,93921000,187297000,3796000,3.66,4.16,3.16,0.1278,0.0935,0.99,3.89,36.6,0,0,0.0274,0.7331,0.0546,1.71,0.22,3.7283
2009-09-30,50167954,401343632,8,516068000,419391000,138554000,115350000,377514000,0,0,6203000,9985000,269546000,26182000,26182000,0.52,0.52,0,18355000,-4515000,203000,13834000,93376000,4485000,3.17,3.9,2.44,0.1144,0.0821,0.94,3.64,32.1,0,0,0.0264,0.7315,0.0491,1.67,0.03,3.6358
2009-06-30,49988195,399905560,8,481704000,385891000,134036000,108201000,347668000,0,0,6724000,12057000,164648000,1439000,1439000,0.03,0.03,0,9095000,-3506000,7125000,13970000,79542000,3501000,2.64,3.31,1.97,0.1178,0.0828,0.87,3.11,26.73,0,0,0.0347,0.7217,0.0508,1.63,0.01,3.5664
2009-03-31,49581020,396648160,8,458316000,364206000,119558000,97332000,338758000,0,0,5064000,11342000,200000000,3962000,3962000,0.08,0.08,0,-1793000,-8063000,-27399000,-36470000,65572000,8063000,2.4,3.31,1.49,0.1228,0.0856,0.85,2.86,24.94,0,0,0.0335,0.7391,0.0512,1.67,-0.02,3.7419
2008-12-31,49327553,394620424,8,487555000,396423000,156458000,133110000,331097000,0,0,5470000,13158000,179279000,8321000,8321000,0.17,0.17,0,62963000,-8357000,8700000,61890000,102042000,7732000,3,3.99,2.01,0.1246,0.0865,0.84,3.7,25.53,0,0,0.0397,0.6791,0.0527,1.64,0.14,2.9782
2008-09-30,49291229,394329832,8,474886000,387785000,155111000,129724000,319775000,0,0,5877000,14962000,231946000,25663000,25663000,0.53,0.51,0,28999000,-11168000,8793000,26827000,40152000,11092000,4.19,5.44,2.94,0.159,0.112,0.81,5.66,40.39,0,0,0.0468,0.6734,0.0649,1.72,0.05,2.9893
2008-06-30,49226952,393815616,8,417453000,333199000,126602000,99676000,290851000,0,0,5697000,16775000,156677000,1375000,1375000,0.03,0.03,0,-5614000,-11122000,12593000,-4266000,13325000,11029000,4.01,4.86,3.16,0.1472,0.1041,0.74,5.49,35.25,0,0,0.0577,0.6967,0.0609,1.71,-0.04,3.3428
2008-03-31,48952676,391621408,8,388529000,311307000,102724000,81422000,285805000,0,0,6083000,12807000,157342000,2870000,2870000,0.06,0.06,0,-16832000,-11419000,5295000,-22997000,17591000,8720000,4.53,5.89,3.17,0.1713,0.1228,0.73,6.29,34.51,0,0,0.0448,0.7356,0.0711,1.73,-0.07,3.8234
2007-12-31,48753711,390029688,8,390613000,322245000,110128000,95699000,280485000,0,0,6470000,9756000,174838000,16875000,16875000,0.34,0.34,0,32272000,-7722000,1357000,26115000,40588000,7722000,6.59,7.99,5.19,0.2096,0.1521,0.72,9.84,55.49,0,0,0.0348,0.7181,0.0866,1.76,0.06,3.3673
2007-09-30,48599356,388794848,8,384270000,319975000,123491000,118188000,260779000,0,0,6856000,2003000,186863000,20030000,20030000,0.42,0.4,0,-14407000,-10013000,13033000,-11203000,14473000,10013000,7.45,9.18,5.71,0.2029,0.1484,0.67,12.21,68.51,0,0,0.0077,0.6786,0.0838,1.77,-0.06,2.7073
2007-06-30,48437340,387498720,8,317862000,261543000,82591000,77600000,235271000,0,0,7242000,2458000,120531000,5712000,5712000,0.12,0.11,0,-24246000,-8307000,940000,-31526000,25676000,8182000,5.91,6.65,5.17,0.1993,0.1497,0.61,10.02,58.37,0,0,0.0104,0.7402,0.0856,1.75,-0.08,3.3704
2007-03-31,48169245,385353960,8,289318000,238869000,62695000,57288000,226623000,0,0,7500000,2961000,124329000,9941000,9941000,0.21,0.2,0,-8247000,-8042000,2818000,-13453000,57202000,8042000,5.98,6.54,5.42,0.1997,None,0.59,10.68,60.56,0,0,0.0131,0.7833,0.086,1.74,-0.04,4.1696
2006-12-31,47848576,382788608,8,289368000,244952000,74980000,71563000,214388000,0,0,7875000,2815000,135283000,11851000,11851000,0.25,0.24,0,26557000,-4158000,4327000,26398000,70655000,4158000,5.83,6.75,4.92,0.2109,None,0.56,11.21,None,0,0,0.0131,0.7409,0.0905,1.73,0.06,3.4229
2006-09-30,47637965,381103720,8,264969000,229775000,68556000,64567000,196413000,0,0,8250000,3593000,127745000,15970000,15970000,0.34,0.32,0,2539000,-2559000,2566000,2339000,44257000,2559000,4.74,5.44,4.03,None,None,0.52,10.77,None,0,None,0.0183,0.7413,None,None,-0,3.5587
2006-06-30,47428210,379425680,8,229083000,202634000,61401000,56637000,167682000,0,0,0,4437000,79965000,2424000,2424000,0.05,0.05,0,-16598000,-3810000,3996000,-16374000,41918000,3810000,4.64,5.44,3.84,None,None,0.44,10.79,None,0,None,0.0265,0.732,None,None,-0.05,3.5778
2006-03-31,47084196,376673568,8,211231000,186480000,50531000,45650000,160700000,0,0,0,4605000,87696000,8734000,8734000,0.19,0.18,0,-1797000,-4588000,1690000,-4685000,58292000,4588000,4.24,5.24,3.23,None,None,0.43,10.6,None,0,None,0.0287,0.7608,None,None,-0.02,4.085
2005-12-31,46965985,375727880,8,203687000,181790000,52857000,47672000,150830000,0,0,0,4583000,None,None,None,None,None,0,None,None,None,None,62977000,0,3.81,5,2.63,None,None,0.4,None,None,0,None,0.0304,0.7405,None,None,None,3.8133
