"Quarter end","Shares","Shares split adjusted","Split factor","Assets","Current Assets","Liabilities","Current Liabilities","Shareholders equity","Non-controlling interest","Preferred equity","Goodwill & intangibles","Long-term debt","Revenue","Earnings","Earnings available for common stockholders","EPS basic","EPS diluted","Dividend per share","Cash from operating activities","Cash from investing activities","Cash from financing activities","Cash change during period","Cash at end of period","Capital expenditures","Price","Price high","Price low","ROE","ROA","Book value of equity per share","P/B ratio","P/E ratio","Cumulative dividends per share","Dividend payout ratio","Long-term debt to equity ratio","Equity to assets ratio","Net margin","Asset turnover","Free cash flow per share","Current ratio"
2019-06-30,59948466,59948466,1,4141800000,1379900000,2467400000,634600000,1672000000,2400000,0,1876500000,940300000,841600000,91000000,91000000,1.52,1.5,0.39,152900000,-24200000,-78600000,50200000,307000000,15400000,83.09,90,76.18,0.2278,0.0875,27.89,3.13,14.5,19.5,0.246,0.5624,0.4037,0.1067,0.82,2.29,2.1744
2019-03-31,59888100,59888100,1,4142300000,1371300000,2549300000,703700000,1590600000,2400000,0,1882600000,940200000,831700000,82400000,82400000,1.38,1.36,0.39,-100400000,-20000000,33300000,-86600000,256800000,19800000,77.98,86.92,69.04,0.2296,0.0851,26.56,3.06,14.18,19.11,0.246,0.5911,0.384,0.1034,0.82,-2.01,1.9487
2018-12-31,59773329,59773329,1,4042700000,1362900000,2515600000,740200000,1524200000,2900000,0,1885500000,942300000,839600000,89200000,89200000,1.51,1.46,0.35,191400000,-30000000,-136900000,19800000,343400000,32600000,83.66,100.14,67.18,0.226,0.0801,25.5,3.26,23.5,18.72,0.2488,0.6182,0.377,0.1003,0.8,2.66,1.8413
2018-09-30,59449055,59449055,1,4110000000,1403200000,2580500000,834600000,1526400000,3100000,0,1899100000,937500000,855800000,97000000,97000000,1.62,1.59,0.35,91000000,-6500000,-75200000,5400000,323600000,30800000,89.31,99.34,79.28,0.1512,0.0534,25.68,3.69,28.81,18.37,0.3778,0.6142,0.3714,0.0676,0.79,1.01,1.6813
2018-06-30,59598250,59598250,1,4120500000,1373800000,2673900000,861300000,1443500000,3100000,0,1937100000,937100000,851000000,80700000,80700000,1.35,1.32,0.35,57200000,-16300000,-346700000,-324100000,318200000,16300000,88.38,97.83,78.93,0.1346,0.0478,24.22,3.65,30.27,18.02,0.4289,0.6492,0.3503,0.0617,0.77,0.69,1.595
2018-03-31,59702865,59702865,1,4490500000,1636900000,3042400000,912000000,1444800000,3300000,0,1970500000,1138500000,799100000,68700000,68700000,1.15,1.13,0.35,74200000,-699500000,550900000,-63900000,642300000,27200000,94.97,102.65,87.29,0.1293,0.0466,24.2,4.21,33.44,17.67,0.45,0.788,0.3217,0.0609,0.76,0.79,1.7948
2017-12-31,59645117,59645117,1,3593500000,1518500000,2245000000,837500000,1345200000,3300000,0,1483700000,494100000,714200000,-28700000,-28700000,-0.48,-0.48,0.33,143300000,2400000,-17700000,134000000,706200000,-7600000,85.31,90.71,79.9,0.1306,0.0484,22.55,3.67,38.26,17.32,0.4574,0.3673,0.3743,0.0617,0.79,2.53,1.8131
2017-09-30,59349881,59349881,1,3607100000,1422800000,2216800000,535200000,1379100000,11200000,0,1490600000,745900000,695900000,68200000,68200000,1.15,1.13,0.33,103800000,-14200000,-41600000,62900000,572200000,13500000,77.78,84.34,71.23,0.1082,0.039,23.24,3.52,35.84,16.99,0.574,0.5409,0.3823,0.0496,0.79,1.52,2.6584
2017-06-30,59600573,59600573,1,3533800000,1352300000,2202700000,487200000,1318500000,12600000,0,1489700000,745700000,702500000,69200000,69200000,1.16,1.14,0.33,66900000,-65300000,-14700000,4500000,509300000,11200000,77.66,82.35,72.96,0.1059,0.0382,22.12,3.79,35.62,16.66,0.5927,0.5656,0.3731,0.0479,0.8,0.93,2.7757
2017-03-31,59507033,59507033,1,3451000000,1318500000,2218700000,484100000,1220000000,12300000,0,1436500000,745500000,673400000,63100000,63100000,1.06,1.05,0.33,3500000,-9600000,-6800000,-4900000,504800000,9600000,71.65,75.68,67.62,0.1063,0.0382,20.5,3.74,34.78,16.33,0.5942,0.6111,0.3535,0.0474,0.81,-0.1,2.7236
2016-12-31,59147396,59147396,1,3428000000,1315700000,2282300000,520800000,1133800000,11900000,0,1431400000,745300000,681600000,-63900000,-63900000,-1.09,-1.09,0.33,149700000,-12900000,-36600000,73400000,509700000,13000000,68.89,77.36,60.43,0.0999,0.0359,19.17,3.08,16.21,16,0.6302,0.6573,0.3307,0.0447,0.8,2.31,2.5263
2016-09-30,58656531,58656531,1,3409200000,1309900000,2085200000,556600000,1312100000,11900000,0,1477700000,745200000,694200000,63500000,63500000,1.09,1.07,0.33,116600000,-11800000,-78800000,27400000,436300000,11900000,60.55,65.44,55.65,0.2046,0.0742,22.37,2.81,14.59,15.67,0.3061,0.5679,0.3849,0.0917,0.81,1.78,2.3534
2016-06-30,58399748,58399748,1,3432400000,1308500000,2162600000,601600000,1258100000,11700000,0,1486100000,745000000,712200000,68200000,68200000,1.17,1.15,0.33,69800000,-15400000,7100000,54900000,408900000,15600000,56.11,59.9,52.31,0.2082,0.0723,21.54,2.7,14.21,15.34,0.3136,0.5922,0.3665,0.0901,0.8,0.93,2.175
2016-03-31,58303042,58303042,1,3395000000,1254700000,2170100000,575600000,1213200000,11700000,0,1492600000,744800000,660000000,55000000,55000000,0.95,0.93,0.33,-18000000,-10500000,7900000,-9500000,354000000,11000000,49.02,54.91,43.14,0.2054,0.0686,20.81,2.5,12.6,15.01,0.3298,0.6139,0.3573,0.0855,0.8,-0.5,2.1798
2015-12-31,58232596,58232596,1,3341600000,1203500000,2190800000,572800000,1139400000,11400000,0,1485000000,749300000,680600000,65100000,65100000,1.12,1.1,0.33,113600000,-8800000,-65500000,28300000,363500000,11400000,49.76,54.66,44.86,0.2114,0.0675,19.57,2.63,13.34,14.68,0.335,0.6576,0.341,0.0835,0.81,1.76,2.1011
2015-09-30,58064422,58064422,1,3402700000,1240300000,2292300000,652300000,1099300000,11100000,0,1502600000,749200000,669900000,56900000,56900000,0.98,0.97,0.33,69600000,-8200000,-43700000,8900000,335200000,8100000,52.4,59.43,45.37,0.207,0.0644,18.93,2.81,16.22,14.35,0.3484,0.6815,0.3231,0.0788,0.82,1.06,1.9014
2015-06-30,58049857,58049857,1,3428100000,1224400000,2336300000,655800000,1080700000,11100000,0,1519400000,749200000,711200000,55800000,55800000,0.96,0.95,0.33,57800000,-9400000,-24700000,29400000,326300000,9900000,61.47,64.71,58.24,0.1733,0.0553,18.62,3.52,18.74,14.02,0.4025,0.6933,0.3152,0.0671,0.82,0.83,1.867
2015-03-31,57998140,57998140,1,3387300000,1182700000,2365100000,661600000,1011300000,10900000,0,1515300000,749200000,678800000,51100000,51100000,0.88,0.87,0.33,-11700000,-8800000,-9900000,-49400000,296900000,10200000,61.8,70.47,53.12,0.1679,0.0556,17.44,3.39,19.13,13.69,0.387,0.7408,0.2986,0.0676,0.82,-0.38,1.7876
2014-12-31,58179987,58179987,1,3450785000,1195184000,2380184000,640025000,1059752000,10849000,0,1544759000,749213000,730658000,56212000,56212000,0.96,0.94,0.33,150517000,-6862000,-83854000,44594000,346266000,11580000,58.37,63.11,53.63,0.1578,0.0543,18.22,2.73,18.65,13.36,0.3841,0.707,0.3071,0.0659,0.82,2.39,1.8674
2014-09-30,58984005,58984005,1,3554105000,1226084000,2282275000,657910000,1261063000,10767000,0,1595220000,749202000,727413000,28079000,28079000,0.48,0.47,0.33,68160000,-7551000,-57162000,-12520000,301672000,11462000,68.97,74.72,63.21,0.1481,0.0521,21.38,3.09,19,13.03,0.3883,0.5941,0.3548,0.0647,0.8,0.96,1.8636
2014-06-30,58984005,58984005,1,3632763000,1261093000,2307036000,698790000,1314948000,10779000,0,1639848000,749192000,750096000,59697000,59697000,1.01,1,0.3,64184000,-2282000,-1262000,63918000,314192000,11297000,72.38,76.33,68.43,0.1769,0.0633,22.29,3.41,20.33,12.7,0.3265,0.5698,0.362,0.0773,0.82,0.9,1.8047
2014-03-31,58840757,58840757,1,3553345000,1170085000,2293900000,680973000,1248928000,10517000,0,1645437000,749181000,716830000,48684000,48684000,0.83,0.82,0.3,-18910000,-9162000,9281000,-20369000,250274000,9393000,66.61,73.08,60.14,0.1842,0.0655,21.23,3.22,17.86,12.4,0.3272,0.5999,0.3515,0.0784,0.84,-0.48,1.7183
2013-12-31,58264491,58264491,1,3559607000,1149092000,2344934000,668902000,1204319000,10354000,0,1658239000,749170000,681449000,49706000,49706000,0.85,0.84,0.3,148433000,-805307000,529387000,-132761000,270643000,10445000,62.98,67.25,58.72,0.2049,0.0723,20.67,3.33,17.16,12.1,0.307,0.6221,0.3383,0.0846,0.86,2.37,1.7179
2013-09-30,58150981,58150981,1,2858145000,1220198000,1748669000,592728000,1099509000,9967000,0,926065000,199220000,637515000,57131000,57131000,0.98,0.97,0.3,80454000,-6892000,-102242000,-17514000,403404000,6977000,60.25,63.41,57.1,0.2155,0.0751,18.91,3.44,16.33,11.8,0.3062,0.1812,0.3847,0.0851,0.88,1.26,2.0586
2013-06-30,58075875,58075875,1,2872400000,1231153000,1846455000,462674000,1016405000,9540000,0,917037000,399181000,648746000,54874000,54874000,0.95,0.93,0.28,30948000,-6475000,8358000,36279000,420918000,6566000,55.47,59.51,51.43,0.2254,0.075,17.5,3.33,14.48,11.5,0.2992,0.3927,0.3539,0.0848,0.88,0.42,2.661
2013-03-31,57835975,57835975,1,2850103000,1185116000,1876810000,458675000,964139000,9154000,0,922482000,399137000,627571000,57791000,57791000,1.01,0.99,0.28,-20403000,-5277000,-2827000,-39308000,384639000,5473000,50.97,55.94,46,0.2411,0.0778,16.67,3.18,13.7,11.22,0.2828,0.414,0.3383,0.0875,0.89,-0.45,2.5838
2012-12-31,57345715,57345715,1,2889878000,1180521000,1962502000,511888000,918383000,8993000,0,939705000,399092000,617522000,45644000,45644000,0.81,0.78,0.28,155503000,-4700000,-10976000,143411000,423947000,9364000,43.37,46.74,39.99,0.2394,0.0756,16.01,2.67,56.32,10.94,0.2866,0.4346,0.3178,0.0841,0.9,2.55,2.3062
2012-09-30,56924908,56924908,1,2872512000,1132477000,1939760000,521264000,924165000,8587000,0,941781000,399048000,645981000,57125000,57125000,1,0.99,0.28,63151000,-4834000,-35968000,28237000,280536000,6164000,38.78,42.67,34.89,0.0525,0.0162,16.23,2.48,57.88,10.66,1.3233,0.4318,0.3217,0.0178,0.91,1,2.1726
2012-06-30,57352872,57352872,1,2861528000,1114051000,1957025000,519941000,895742000,8761000,0,937636000,399003000,657686000,62562000,62562000,1.08,1.07,0.26,58909000,47736000,-44327000,56439000,252299000,6615000,42.27,49.24,35.3,0.0454,0.0148,15.62,2.8,93.93,10.38,1.4494,0.4454,0.313,0.016,0.92,0.91,2.1426
2012-03-31,58811258,58811258,1,2850413000,1049210000,1954557000,487807000,887193000,8663000,0,970189000,398958000,657879000,51662000,51662000,0.89,0.88,0.26,-42807000,-6993000,-4035000,-49229000,195860000,7165000,48.63,51.48,45.79,0.0306,0.0105,15.09,3.45,127.97,10.12,1.9921,0.4497,0.3113,0.0114,0.93,-0.85,2.1509
2011-12-31,57771364,57771364,1,2843531000,1032232000,2021475000,533095000,813553000,8503000,0,967051000,398914000,631618000,-125129000,-125129000,-2.17,-2.17,0.26,84818000,-7957000,-41016000,33906000,245089000,7034000,40.96,48.69,33.23,0.0263,0.0095,14.08,2.22,12.76,9.86,2.1628,0.4903,0.2861,0.0103,0.92,1.35,1.9363
2011-09-30,58157854,58157854,1,2734189000,1057777000,1652761000,538953000,1073337000,8091000,0,974284000,398869000,659456000,52540000,52540000,0.91,0.89,0.26,49791000,-44825000,-12644000,-20182000,211183000,9421000,43.74,52.38,35.1,0.1826,0.0696,18.46,2.35,14.48,9.6,0.29,0.3716,0.3926,0.0767,0.91,0.69,1.9627
2011-06-30,58060481,58060481,1,2770137000,1071868000,1680872000,521534000,1080957000,8308000,0,977003000,398825000,643773000,50437000,50437000,0.87,0.85,0.23,31369000,-10167000,-27960000,-1797000,231365000,10144000,48.41,51.15,45.66,0.1772,0.0658,18.62,2.71,17.05,9.34,0.2984,0.369,0.3902,0.0752,0.88,0.37,2.0552
2011-03-31,58346743,58346743,1,2749658000,1045940000,1700001000,506004000,1041580000,8077000,0,979961000,398780000,611020000,48467000,48467000,0.83,0.81,0.23,-16166000,-2585000,-27045000,-39779000,233162000,8138000,44.91,49.24,40.58,0.1753,0.0626,17.85,2.67,17.34,9.11,0.3074,0.3829,0.3788,0.0737,0.85,-0.42,2.0671
2010-12-31,58451063,58451063,1,2706697000,988661000,1713667000,498554000,984944000,8086000,0,972921000,398736000,574006000,39388000,39388000,0.67,0.66,0.23,74233000,-96548000,-26305000,-42623000,272941000,7444000,39.13,41.49,36.76,0.1656,0.0572,16.85,2.41,14.28,8.88,0.3274,0.4048,0.3639,0.0695,0.82,1.14,1.9831
2010-09-30,58446627,58446627,1,2695505000,1070912000,1736369000,485441000,951016000,8120000,0,903074000,398691000,560714000,41507000,41507000,0.71,0.7,0.23,-4601000,-441000,-27805000,-19965000,315564000,5199000,33.75,38.81,28.69,0.1793,0.0603,16.27,2.24,12.78,8.65,0.3,0.4192,0.3528,0.0742,0.81,-0.17,2.2061
2010-06-30,58859174,58859174,1,2666863000,1038410000,1770855000,475703000,888273000,7735000,0,892849000,398646000,552814000,40041000,40041000,0.68,0.67,0.2,47086000,-4229000,-13639000,15945000,335529000,4271000,34.15,39.13,29.17,0.1771,0.0577,15.09,2.24,14,8.42,0.3012,0.4488,0.3331,0.0716,0.81,0.73,2.1829
2010-03-31,59075739,59075739,1,2705565000,1035936000,1798689000,471072000,899137000,7739000,0,909084000,398602000,530291000,33234000,33234000,0.57,0.56,0.2,16818000,-55286000,-9684000,-53130000,319584000,4119000,32.69,36.25,29.13,0.1674,0.0529,15.22,2.16,14.34,8.22,0.3263,0.4433,0.3323,0.0662,0.8,0.21,2.1991
2009-12-31,58558628,58558628,1,2712898000,1046346000,1819196000,466782000,885762000,7940000,0,880709000,398557000,545003000,47670000,47670000,0.82,0.81,0.2,63289000,12219000,-10351000,67826000,372714000,5645000,28.41,32.4,24.42,0.1639,0.0493,15.13,1.95,21.36,8.02,0.3496,0.45,0.3265,0.0609,0.81,0.98,2.2416
2009-09-30,58485732,58485732,1,2732385000,1026150000,1873331000,466340000,850678000,8376000,0,896795000,398613000,550710000,35108000,35108000,0.6,0.6,0.2,79986000,-2826000,-13070000,71914000,304888000,2826000,23.52,26.8,20.24,0.0999,0.0285,14.55,1.72,17.68,7.82,0.6006,0.4686,0.3113,0.0348,0.82,1.32,2.2004
2009-06-30,58475116,58475116,1,2713467000,988531000,1905850000,465844000,799354000,8263000,0,891407000,399436000,545491000,27767000,27767000,0.47,0.47,0.2,30355000,-6836000,-16901000,22659000,232974000,6836000,20.8,25.63,15.98,0.0987,0.0285,13.67,1.66,11.37,7.62,0.5965,0.4997,0.2946,0.0338,0.84,0.4,2.122
2009-03-31,58439243,58439243,1,2700067000,989587000,1961845000,498816000,730306000,7916000,0,874867000,398523000,555139000,23311000,23311000,0.4,0.4,0.2,15384000,-8271000,-21641000,-21525000,210315000,8271000,16.31,20.16,12.46,0.1309,0.039,12.5,1.29,7.35,7.42,0.4188,0.5457,0.2705,0.0444,0.88,0.12,1.9839
2008-12-31,58441459,58441459,1,2774488000,1021240000,2028667000,538664000,738062000,7759000,0,887933000,398479000,589279000,-8311000,-8311000,-0.14,-0.14,0.2,60928000,-58853000,-32606000,-46591000,231840000,10335000,20.25,29.63,10.87,0.1525,0.0471,12.63,1.31,6.45,7.22,0.3341,0.5399,0.266,0.0519,0.91,0.87,1.8959
2008-09-30,59826434,59826434,1,2865121000,1104268000,1929462000,517710000,927848000,7811000,0,885020000,398434000,642678000,36082000,36082000,0.6,0.6,0.2,40967000,-40850000,-14495000,-43117000,278431000,12973000,33.31,38.49,28.14,0.2044,0.0651,15.51,2.06,None,7.02,0.235,0.4294,0.3238,0.0704,0.93,0.47,2.133
2008-06-30,59802112,59802112,1,2937729000,1152806000,1960762000,512188000,968641000,8326000,0,890085000,398390000,693482000,59009000,59009000,0.99,0.97,0.18,45368000,-10000000,-10428000,26820000,321548000,11553000,41.94,46.3,37.58,-0.0497,-0.0152,16.2,2.75,None,6.82,None,0.4113,0.3297,None,0.93,0.57,2.2507
2008-03-31,59650061,59650061,1,2907652000,1104418000,1988692000,515290000,910491000,8469000,0,893308000,398345000,678868000,48378000,48378000,0.81,0.79,0.18,44129000,-7983000,-38095000,11358000,294728000,8404000,38.85,44.16,33.54,-0.0644,-0.0206,15.26,2.65,None,6.64,None,0.4375,0.3131,None,0.95,0.6,2.1433
2007-12-31,60419142,60419142,1,2877292000,1037622000,1984095000,493552000,884803000,8394000,0,894700000,398301000,665964000,45227000,45227000,0.75,0.78,0.18,86515000,55734000,-27155000,121122000,283370000,-23070000,46.66,51.16,42.16,-0.0695,-0.0233,14.64,3.48,None,6.46,None,0.4502,0.3075,None,0.98,1.81,2.1024
2007-09-30,60116874,60116874,1,2915297000,988938000,2101156000,527832000,806154000,7987000,0,890041000,398256000,664093000,-196950000,-196950000,-3.29,-3.29,0.18,75561000,-74513000,18012000,27173000,162248000,11207000,44.25,50.24,38.26,-0.0768,-0.0271,13.41,2.72,15.75,6.28,None,0.494,0.2765,None,0.99,1.07,1.8736
2007-06-30,59903513,59903513,1,2486663000,940203000,1503418000,482809000,975241000,8004000,0,837773000,398211000,660897000,45736000,45736000,0.77,0.75,0.15,33868000,-14514000,-20451000,1154000,135075000,14664000,43.41,46.5,40.33,0.187,0.0716,16.28,2.81,15.67,6.1,0.1738,0.4083,0.3922,0.0711,1.01,0.32,1.9474
2007-03-31,59778206,59778206,1,2442957000,904193000,1512583000,480776000,922578000,7796000,0,828225000,392115000,628217000,43645000,43645000,0.72,0.71,0.15,36889000,4064000,-47015000,-4686000,133921000,-4069000,38.38,41.48,35.27,0.1914,0.0729,15.43,2.53,14.37,5.95,0.1673,0.425,0.3776,0.0737,0.99,0.69,1.8807
2006-12-31,60590488,60590488,1,2430484000,880409000,1503848000,461926000,918603000,8033000,0,827480000,391760000,581651000,37982000,37982000,0.62,0.61,0.05,78779000,-50976000,5007000,39530000,138607000,3073000,39.63,43.85,35.4,0.1915,0.0724,15.16,2.71,15.01,5.8,0.1653,0.4265,0.378,0.0735,0.98,1.25,1.906
2006-09-30,61025068,61025068,1,2331309000,795372000,1437605000,425880000,893704000,0,0,831282000,366094000,567704000,46043000,46043000,0.75,0.74,0.15,35654000,-90309000,52711000,-1087000,99077000,4848000,39.64,42.78,36.5,0.1979,0.0735,14.64,2.81,15.48,5.75,0.1793,0.4096,0.3833,0.0748,0.98,0.5,1.8676
2006-06-30,61162743,61162743,1,2242133000,770743000,1379669000,402352000,862464000,0,0,759516000,294033000,558151000,44463000,44463000,0.73,0.71,0.125,50280000,-44840000,-5395000,3663000,100164000,6993000,41.13,45.75,36.5,0.2007,0.0724,14.1,3.16,16.86,5.6,0.1758,0.3409,0.3847,0.0736,0.98,0.71,1.9156
2006-03-31,60771343,60771343,1,2167372000,755058000,1377557000,397884000,789815000,0,0,704824000,293616000,549383000,37399000,37399000,0.62,0.61,0.125,16982000,-92492000,-9754000,-83891000,96501000,7154000,37.94,41.27,34.61,0.2007,0.0695,13,3.07,16.86,5.48,0.1751,0.3718,0.3644,0.0706,0.98,0.16,1.8977
2005-12-31,60919131,60919131,1,2139486000,798395000,1386192000,398589000,753294000,0,0,629090000,293248000,506338000,35322000,35322000,0.58,0.58,0.08,77375000,-6426000,-970000,66788000,180392000,4760000,32.73,37.77,27.7,0.1914,0.0641,12.37,2.71,13.25,5.35,0.179,0.3893,0.3521,0.066,0.97,1.19,2.0031
2005-09-30,60238670,60238670,1,2137218000,779107000,1409676000,408231000,727542000,0,0,630472000,292933000,522231000,40043000,40043000,0.67,0.66,0.125,67200000,-13228000,2258000,53980000,113604000,6071000,29.38,32.5,26.26,0.2136,0.0695,12.08,2.56,None,5.27,0.1729,0.4026,0.3404,0.0721,0.96,1.01,1.9085
2005-06-30,59920107,59920107,1,2101277000,726504000,1413856000,399191000,687421000,0,0,628141000,292566000,525619000,35674000,35674000,0.6,0.59,0.1,42815000,-4674000,-8591000,27047000,59624000,4674000,27.1,29.05,25.15,-0.1504,-0.0469,11.47,2.39,None,5.15,None,0.4256,0.3271,None,0.95,0.64,1.8199
2005-03-31,59573462,59573462,1,2107885000,709819000,1432768000,405819000,675117000,0,0,637884000,292033000,507061000,24998000,24998000,0.42,0.42,0.1,-5845000,-5320000,-5878000,-18150000,32577000,5320000,28.27,30.55,26,-0.1513,-0.0508,11.33,2.54,None,5.05,None,0.4326,0.3203,None,0.97,-0.19,1.7491
2004-12-31,59551874,59551874,1,2116508000,702806000,1452814000,410014000,663694000,0,0,643531000,296592000,485602000,46370000,46370000,0.78,0.8,0.1,46591000,11297000,-41926000,18528000,50727000,4023000,29.83,32.39,27.26,-0.1494,-0.0543,11.14,3.01,None,4.95,None,0.4469,0.3136,None,0.97,0.71,1.7141
2004-09-30,59053387,59053387,1,2037928000,754754000,1452548000,749285000,585380000,0,0,636401000,296400000,477320000,-205206000,-205206000,-3.48,-3.48,0.1,34009000,-3966000,-36677000,-6144000,32199000,4639000,28.64,31.46,25.83,-0.1605,-0.0634,9.91,2.14,14.92,4.85,None,0.5063,0.2872,None,0.98,0.5,1.0073
2004-06-30,58999127,58999127,1,1809388000,631895000,1020308000,432469000,789080000,0,0,637919000,296266000,479107000,31238000,31238000,0.53,0.52,0.1,32466000,-5137000,-27570000,-738000,38343000,5137000,31.71,34.4,29.03,0.1493,0.0649,13.37,2.41,17.23,4.75,0.2063,0.3755,0.4361,0.0647,1,0.46,1.4611
2004-03-31,59538784,59538784,1,1798577000,608861000,1014942000,416037000,783635000,0,0,639649000,296065000,448306000,22177000,22177000,0.37,0.37,0.1,-2102000,-55600000,-45620000,-103437000,39081000,4970000,31.23,33,29.45,0.1467,0.0634,13.16,2.37,17.85,4.65,0.2164,0.3778,0.4357,0.0644,0.98,-0.12,1.4635
2003-12-31,59715476,59715476,1,1811776000,661776000,1025525000,418574000,786251000,0,0,592964000,295861000,428257000,33666000,33666000,0.57,0.56,0.1,71295000,-5464000,1154000,72064000,142518000,5464000,27.05,30.81,23.3,0.1452,0.0634,13.17,2.21,None,4.55,0.2279,0.3763,0.434,0.0638,0.99,1.1,1.581
2003-09-30,59423209,59423209,1,1682260000,629038000,954636000,392847000,727624000,0,0,573594000,296309000,425291000,28134000,28134000,0.47,0.47,0.1,37855000,-4618000,4664000,38396000,70454000,4618000,24.41,26.52,22.31,-0.0126,-0.0056,12.24,2.07,None,4.45,None,0.4072,0.4325,None,1.02,0.56,1.6012
2003-06-30,59300979,59300979,1,1649476000,592447000,949046000,413548000,700430000,0,0,570538000,266374000,405973000,26007000,26007000,0.44,0.44,0.1,30957000,-174457000,130413000,-12199000,32058000,6039000,19.93,22.89,16.97,-0.0241,-0.0112,11.81,1.79,None,4.35,None,0.3803,0.4246,None,1.06,0.42,1.4326
2003-03-31,59278225,59278225,1,1438561000,536450000,778521000,404616000,660040000,0,0,455942000,103670000,376470000,16496000,16496000,0.28,0.28,0.1,22621000,-4940000,-10669000,7668000,44257000,6140000,17.92,20.65,15.19,-0.0234,-0.0115,11.13,1.64,None,4.25,None,0.1571,0.4588,None,1.11,0.28,1.3258
2002-12-31,59400296,59400296,1,1413696000,509477000,764634000,288425000,649062000,0,0,456449000,205318000,367208000,-79285000,-79285000,-1.33,-1.33,0.1,59252000,-38413000,-20959000,3363000,36589000,6050000,19.76,21.8,17.72,-0.017,-0.0086,10.93,1.69,13.82,4.15,None,0.3163,0.4591,None,1.14,0.9,1.7664
2002-09-30,59535552,59535552,1,1300945000,519859000,603684000,265378000,697261000,0,0,435202000,254162000,385981000,20477000,20477000,0.34,0.34,0.1,53089000,-10145000,-31830000,11340000,33226000,5445000,22.06,25.53,18.59,0.1274,0.0662,11.71,1.93,15.87,4.05,0.2783,0.3645,0.536,0.0564,1.17,0.8,1.9589
2002-06-30,59817802,59817802,1,1312340000,530868000,628889000,263492000,683451000,0,0,434050000,279366000,391613000,26563000,26563000,0.44,0.44,0.1,58023000,-43163000,-7566000,8917000,21886000,2356000,26.58,28.97,24.19,0.1262,0.0632,11.43,2.39,17.84,3.95,0.2872,0.4088,0.5208,0.0533,1.19,0.93,2.0147
2002-03-31,59762046,59762046,1,1281028000,519730000,617732000,253815000,663296000,0,0,420112000,279617000,371545000,20797000,20797000,0.35,0.35,0.1,27077000,-7667000,-27466000,-8194000,12969000,6017000,24.79,27.42,22.15,0.1387,0.067,11.1,2.28,16.86,3.85,0.268,0.4216,0.5178,0.0564,1.19,0.35,2.0477
2001-12-31,59779382,59779382,1,1292115000,523257000,640820000,249139000,651295000,0,0,420443000,302368000,372651000,18009000,18009000,0.3,0.3,0.1,53287000,5067000,-57255000,236000,21163000,4893000,23.21,26.33,20.09,0.1417,0.0684,10.89,2.17,14.42,3.75,0.2695,0.4643,0.5041,0.0558,1.22,0.81,2.1003
2001-09-30,59666799,59666799,1,1379803000,625953000,740096000,289848000,639707000,0,0,432580000,352289000,426212000,17869000,17869000,0.3,0.3,0.1,62854000,-27164000,-27953000,7776000,20927000,7569000,26.1,32.25,19.95,0.1586,0.0774,10.72,2.53,15.72,3.65,0.2459,0.5507,0.4636,0.062,1.25,0.93,2.1596
2001-06-30,59672364,59672364,1,1368851000,615293000,752862000,277506000,615989000,0,0,440374000,377065000,409034000,32463000,32463000,0.54,0.54,0.1,52262000,-172085000,129106000,10594000,13151000,5935000,28.25,31.56,24.95,0.1685,0.0841,10.32,2.83,14.87,3.55,0.238,0.6121,0.45,0.067,1.26,0.78,2.2172
2001-03-31,59683608,59683608,1,1144671000,506748000,549737000,239195000,594934000,0,0,356274000,220245000,379283000,20279000,20279000,0.34,0.33,0.1,29159000,-13559000,-23301000,-8369000,2557000,5821000,26.31,28.38,24.25,0.1973,0.1011,9.97,2.63,13.02,3.45,0.2075,0.3702,0.5197,0.0783,1.29,0.39,2.1186
2000-12-31,60573483,60573483,1,1143851000,500152000,537088000,231977000,606763000,0,0,358472000,213790000,356340000,26835000,26835000,0.44,0.44,0.1,57514000,-11454000,-37914000,8317000,10926000,8033000,25.25,28.5,22,0.2144,0.1065,10.02,2.63,13.43,3.35,0.1958,0.3523,0.5305,0.083,1.28,0.82,2.156
2000-09-30,60377782,60377782,1,1146392000,501332000,567237000,221410000,579155000,0,0,363079000,252784000,363190000,21407000,21407000,0.35,0.35,0.1,21681000,-7769000,-13664000,-18000,2609000,7769000,23.63,26.38,20.88,0.2046,0.0993,9.59,2.48,12.7,3.25,0.6634,0.4365,0.5052,0.0775,1.28,0.23,2.2643
2000-06-30,60757181,60757181,1,1168572000,516228000,590578000,249350000,577994000,0,0,369773000,249963000,387853000,47825000,47825000,0.79,0.78,0.1,45396000,38742000,-83543000,604000,2627000,6814000,26.25,29.5,23,0.198,0.0964,9.51,2.92,15.91,3.15,0.6628,0.4325,0.4946,0.077,1.25,0.64,2.0703
2000-03-31,60553240,60553240,1,1187305000,513674000,642620000,228955000,544685000,0,0,376154000,322097000,383807000,27662000,27662000,0.45,0.45,0.1,26585000,-14082000,-13467000,-1222000,2023000,5582000,21.31,24,18.63,0.1757,0.0848,9,2.32,12.61,3.05,0.7211,0.5913,0.4588,0.0706,1.2,0.35,2.2436
1999-12-31,61974291,61974291,1,1175447000,505160000,607337000,233515000,568110000,0,0,373117000,286772000,364150000,19238000,19238000,0.3,0.3,0.95,54675000,-33690000,-121447000,-11768000,3245000,7811000,19.72,23.38,16.06,0.1779,0.085,9.17,1.93,10.38,2.95,0.6898,0.5048,0.4833,0.0737,1.15,0.76,2.1633
1999-09-30,65891262,65891262,1,1328576000,684192000,653857000,256419000,674719000,0,0,353367000,313209000,384193000,22355000,22355000,0.33,0.33,0.1,None,None,None,7179000,15013000,4997000,25.75,30,21.5,0.1969,0.0921,10.24,2.54,12.26,2,0.2068,0.4642,0.5079,0.0737,1.25,None,2.6683
1999-06-30,67667900,67667900,1,1430869000,700467000,746164000,335976000,684705000,0,0,401936000,318785000,405268000,39311000,39311000,0.58,0.57,0.1,30264000,-2616000,-45146000,-16807000,7548000,5956000,28.22,32.75,23.69,0.2243,0.0992,10.12,2.96,13.72,1.9,0.1882,0.4656,0.4785,0.0731,1.36,0.36,2.0849
1999-03-31,67997249,67997249,1,1457089000,710242000,808388000,357944000,648701000,0,0,408299000,353808000,400046000,33666000,33666000,0.49,0.49,0.1,49986000,-5979000,-34422000,8446000,24355000,3971000,27.34,31.5,23.19,0.2289,0.0997,9.54,2.91,13.67,1.8,0.1845,0.5454,0.4452,0.0664,1.5,0.68,1.9842
1998-12-31,68452529,68452529,1,1454674000,698966000,811440000,351162000,643234000,0,0,415177000,359090000,582851000,35207000,35207000,0.51,0.51,0.1,58611000,-672000,-58665000,-539000,15909000,1923000,27.25,32.75,21.75,0.2311,0.1003,9.4,3.07,14.02,1.7,0.1817,0.5583,0.4422,0.061,1.64,0.83,1.9904
1998-09-30,68624818,68624818,1,1501739000,721682000,893356000,365911000,608383000,0,0,418704000,403670000,595438000,36775000,36775000,0.54,0.53,0.1,55607000,-227535000,137542000,-33473000,16448000,19781000,29.49,35.67,23.31,0.2324,0.1011,8.87,3.47,15.85,1.6,0.1791,0.6635,0.4051,0.0603,1.68,0.52,1.9723
1998-06-30,45840929,68761393,1.5,1293718000,685071000,709252000,302331000,584466000,0,0,273173000,287301000,563399000,36557000,36557000,0.8,0.79,0.125,35962000,-24563000,-10383000,1013000,49921000,11199000,34.28,37.56,31,0.2317,0.1037,8.5,4.2,19.55,1.5,0.1756,0.4916,0.4518,0.0595,1.74,0.36,2.266
1998-03-31,45729288,68593932,1.5,1270376000,671792000,710702000,308528000,559674000,0,0,268960000,281783000,526817000,29899000,29899000,0.66,0.65,0.125,41694000,-10854000,11278000,41926000,48908000,10854000,31.13,35.5,26.75,0.2276,0.1008,8.16,4,18.9,1.41,0.1864,0.5035,0.4406,0.0573,1.76,0.45,2.1774
1997-12-31,45556820,68335230,1.5,1185893000,607753000,653349000,295812000,532544000,0,0,272470000,260716000,515917000,29504000,29504000,0.68,None,0.12,41935000,-47408000,-8633000,-14881000,6982000,9303000,28.93,31.31,26.56,0.2229,0.0977,7.79,3.63,18.62,1.33,0.1985,0.4896,0.4491,0.0554,1.77,0.48,2.0545
1997-09-30,43633863,65450794,1.5,1163701000,599444000,641844000,269079000,521857000,0,0,269458000,266916000,534818000,31400000,31400000,0.67,None,0.125,49031000,-17796000,-17724000,13609000,21863000,5746000,29.44,31.5,27.38,0.2215,0.0958,7.97,4.09,19.66,1.25,0.2069,0.5115,0.4484,0.0545,1.76,0.66,2.2278
1997-06-30,45904700,68857050,1.5,1143837000,580951000,648169000,276027000,495668000,0,0,268060000,267363000,518763000,29222000,29222000,0.63,None,0.125,27429000,-15050000,-7255000,4676000,8254000,10813000,24.69,28.94,20.44,0.225,0.0942,7.2,3.58,17.66,1.17,0.2187,0.5394,0.4333,0.0537,1.76,0.24,2.1047
1997-03-31,45792910,68689365,1.5,1121728000,558767000,648389000,275623000,473339000,0,0,271362000,266875000,467333000,22645000,22645000,0.49,None,0.125,31379000,-29853000,-9212000,-8001000,3578000,10033000,20.63,22.94,18.31,0.2202,0.0902,6.89,3.05,15.42,1.08,0.2336,0.5638,0.422,0.0514,1.76,0.31,2.0273
1996-12-31,45537559,68306338,1.5,1088855000,540014000,626186000,253853000,462669000,0,0,260615000,267795000,463922000,24909000,24909000,0.54,None,0.12,29796000,-11670000,-34857000,-16662000,11579000,9147000,19.8,21,18.59,0.2206,0.0885,6.77,3.32,15.42,1,0.2442,0.5788,0.4249,0.0499,1.78,0.3,2.1273
1996-09-30,30631560,68921010,2.25,1045424000,546100000,634479000,268639000,410945000,0,0,222644000,265179000,481116000,26889000,26889000,0.88,None,0.1875,39696000,-14246000,-19617000,5747000,28241000,14246000,18,20,16,0.2228,0.0865,5.96,2.98,14.89,0.92,0.2582,0.6453,0.3931,0.0482,1.8,0.37,2.0328
1996-06-30,29965809,67423070,2.25,1023905000,530999000,616817000,250617000,407088000,0,0,224960000,265180000,466231000,22104000,22104000,0.72,None,0.1875,31881000,-9446000,-4702000,17746000,22494000,9445000,18.5,19.75,17.25,0.2162,0.0821,6.04,3.23,15.65,0.84,0.2722,0.6514,0.3976,0.0462,1.77,0.33,2.1188
1996-03-31,30206054,67963621,2.25,1004722000,510007000,615323000,248081000,389399000,0,0,227522000,265238000,436463000,18208000,18208000,0.6,None,0.1875,20783000,-4319000,-17158000,-728000,4748000,5874000,17.66,19.33,16,0.2181,0.0799,5.73,3.2,15.89,0.75,0.2802,0.6811,0.3876,0.0455,1.76,0.22,2.0558
1995-12-31,30145635,67827678,2.25,998411000,498038000,623682000,241276000,374729000,0,0,229561000,281093000,444909000,20916000,20916000,0.69,None,0.19,43258000,6088000,-44270000,5053000,5476000,6246000,15.84,17.09,14.59,0.2117,0.0746,5.52,2.91,15.04,0.67,0.2982,0.7501,0.3753,0.0428,1.74,0.55,2.0642
1995-09-30,30162789,67866275,2.25,1031704000,531136000,662624000,255411000,369080000,0,0,229439000,305756000,453344000,22029000,22029000,0.71,None,0.1875,32020000,-2113000,-30164000,-238000,423000,1650000,15.46,17.59,13.33,0.2072,0.0704,5.44,2.97,15.88,0.58,0.3147,0.8284,0.3577,0.0406,1.73,0.45,2.0795
1995-06-30,30517164,68663619,2.25,1035873000,509984000,678700000,249180000,357173000,0,0,232299000,326258000,451479000,20117000,20117000,0.66,None,0.1875,19586000,-10338000,-10240000,-1032000,661000,5300000,15.3,17.17,13.42,0.197,0.0643,5.2,3.04,16.79,0.5,0.3431,0.9134,0.3448,0.0373,1.73,0.21,2.0466
1995-03-31,30166447,67874505,2.25,1029533000,503884000,688433000,252502000,341100000,0,0,235887000,333576000,432578000,13275000,13275000,0.44,None,0.1875,11754000,-7068000,-5162000,-379000,1693000,5189000,12.63,13.75,11.5,0.1912,None,5.03,2.6,15.28,0.42,0.3665,0.9779,0.3313,0.0352,1.69,0.1,1.9956
1994-12-31,30054355,67622298,2.25,1008045000,480239000,680053000,244295000,327992000,0,0,234635000,331289000,441924000,16856000,16856000,0.56,None,0.19,61321000,6283000,-68014000,-398000,2072000,-6234000,11.73,12.39,11.06,0.1798,None,4.85,2.49,None,0.33,0.4041,1.0101,0.3254,0.0338,1.66,1,1.9658
1994-09-30,30102220,67729995,2.25,1047300000,506210000,728612000,246011000,318688000,0,0,237997000,386302000,451108000,16002000,16002000,0.53,None,0.1875,31945000,-4169000,-28183000,-424000,2470000,6749000,11.45,12.11,10.78,None,None,4.71,2.54,None,0.25,None,1.2122,0.3043,None,None,0.37,2.0577
1994-06-30,30085171,67691634,2.25,1068116000,517112000,763074000,284133000,305042000,0,0,241933000,380176000,428729000,15666000,15666000,0.52,None,0.1875,12020000,-98827000,89614000,2894000,2894000,6137000,11.41,12.11,10.72,None,None,4.51,2.62,None,0.17,None,1.2463,0.2856,None,None,0.09,1.82
1994-03-31,29912152,67302342,2.25,872177000,438068000,579638000,253359000,292539000,0,0,120772000,244764000,331705000,7409000,7409000,0.25,None,0.1875,12048000,-74223000,49566000,-12592000,0,5489000,12.05,13.11,11,None,None,4.35,2.79,None,0.08,None,0.8367,0.3354,None,None,0.1,1.729
1993-12-31,29905091,67286454,2.25,744165000,393546000,453346000,271683000,290819000,0,0,113083000,105557000,None,None,None,None,None,0,None,None,None,None,12592000,0,11.8,12.89,10.72,None,None,4.32,None,None,0,None,0.363,0.3908,None,None,None,1.4485
