"Quarter end","Shares","Shares split adjusted","Split factor","Assets","Current Assets","Liabilities","Current Liabilities","Shareholders equity","Non-controlling interest","Preferred equity","Goodwill & intangibles","Long-term debt","Revenue","Earnings","Earnings available for common stockholders","EPS basic","EPS diluted","Dividend per share","Cash from operating activities","Cash from investing activities","Cash from financing activities","Cash change during period","Cash at end of period","Capital expenditures","Price","Price high","Price low","ROE","ROA","Book value of equity per share","P/B ratio","P/E ratio","Cumulative dividends per share","Dividend payout ratio","Long-term debt to equity ratio","Equity to assets ratio","Net margin","Asset turnover","Free cash flow per share","Current ratio"
2019-06-30,2259056466,2259056466,1,1988226000000,None,1790116000000,None,197359000000,751000000,0,27091000000,25877000000,18758000000,4799000000,4799000000,1.95,1.95,0.45,None,None,None,None,203243000000,2869000000,66.94,71.94,61.94,0.0954,0.0095,87.36,0.87,9.74,155.03,0.2416,0.1311,0.0993,0.2394,0.04,None,None
2019-03-31,2312467721,2312467721,1,1958413000000,None,1761398000000,None,196252000000,763000000,17980000000,5196000000,0,18576000000,4710000000,4389000000,1.88,1.87,0.45,-37616000000,16043000000,39537000000,17788000000,205893000000,480000000,58.75,66.83,50.67,0.0938,0.0094,77.09,0.78,8.79,154.58,0.2388,0,0.091,0.231,0.04,-16.47,None
2018-12-31,2351523709,2351523709,1,1917383000000,None,1720309000000,None,196220000000,854000000,18460000000,27266000000,231999000000,17124000000,4313000000,3951000000,1.65,1.64,0.45,6886000000,-16555000000,-1448000000,-11181000000,188105000000,1054000000,61.2,73.98,48.42,0.0927,0.0094,75.59,0.84,None,154.13,0.2266,1.3051,0.0927,0.2288,0.04,2.48,None
2018-09-30,2442136813,2442136813,1,1925165000000,None,1727302000000,None,197004000000,859000000,19035000000,26785000000,235270000000,18389000000,4622000000,4301000000,1.73,1.73,0.45,21747000000,-19934000000,-3323000000,-1616000000,199286000000,961000000,70.57,75.24,65.9,-0.0352,-0.0027,72.87,0.98,None,153.68,None,1.322,0.0924,None,0.04,8.51,None
2018-06-30,2516605412,2516605412,1,1912334000000,None,1711366000000,None,200094000000,874000000,19035000000,26787000000,236822000000,18469000000,4490000000,4123000000,1.63,1.63,0.32,1363000000,-4505000000,1936000000,-1802000000,200902000000,679000000,68.88,73.38,64.38,-0.0364,-0.003,71.95,0.96,None,153.23,None,1.308,0.0947,None,0.04,0.27,None
2018-03-31,2549933493,2549933493,1,1922104000000,None,1719238000000,None,201915000000,951000000,19156000000,27109000000,237938000000,18872000000,4620000000,4297000000,1.68,1.68,0.32,6956000000,-32124000000,47363000000,22188000000,202704000000,868000000,74.1,80.7,67.5,-0.0382,-0.0033,71.67,1.05,None,152.91,None,1.3019,0.0951,None,0.04,2.39,None
2017-12-31,2570065748,2570065748,1,1842465000000,None,1640793000000,None,200740000000,932000000,19253000000,26844000000,236709000000,17255000000,-18893000000,-19094000000,-7.33,-7.33,0.32,-5282000000,11442000000,-5083000000,1171000000,23775000000,774000000,73.97,77.92,70.02,-0.0398,-0.0037,70.62,0.94,14.25,152.59,None,1.3043,0.0985,None,0.04,-2.36,None
2017-09-30,2644001999,2644001999,1,1889133000000,None,1660511000000,None,227634000000,988000000,19253000000,27077000000,232673000000,18173000000,4133000000,3808000000,1.42,1.42,0.32,18206000000,-29919000000,13001000000,1664000000,22604000000,778000000,69.25,72.97,65.52,0.0684,0.0085,78.81,0.9,13.82,152.27,0.152,1.1166,0.1103,0.2001,0.04,6.59,None
2017-06-30,2724556095,2724556095,1,1864063000000,None,1632956000000,None,230019000000,1088000000,19253000000,27236000000,225179000000,17901000000,3872000000,3504000000,1.28,1.28,0.16,-18505000000,-22508000000,39798000000,-1332000000,20940000000,779000000,62.65,67.75,57.55,0.0669,0.0084,77.36,0.83,12.61,151.95,0.1268,1.0684,0.1131,0.1978,0.04,-7.08,None
2017-03-31,2753257797,2753257797,1,1821635000000,None,1592482000000,None,228132000000,1021000000,19253000000,27278000000,208530000000,18120000000,4090000000,3734000000,1.35,1.35,0.16,-3006000000,-17243000000,19138000000,-771000000,22272000000,653000000,58.88,62.53,55.23,0.0673,0.0086,75.87,0.79,12.47,151.79,0.1052,0.9983,0.1147,0.2005,0.04,-1.33,None
2016-12-31,2770709339,2770709339,1,1792077000000,None,1565934000000,None,225120000000,1023000000,19253000000,26773000000,206178000000,17012000000,3573000000,3204000000,1.14,1.14,0.16,25598000000,-7972000000,-17653000000,-376000000,23043000000,664000000,54.06,61.09,47.03,0.0649,0.0083,74.3,0.73,11.75,151.63,0.0873,1.0015,0.1149,0.1952,0.04,9,None
2016-09-30,2849730248,2849730248,1,1818117000000,None,1585427000000,None,231575000000,1115000000,19253000000,27897000000,209051000000,17760000000,3840000000,3562000000,1.24,1.24,0.16,7267000000,-14103000000,8135000000,1279000000,23419000000,715000000,44.11,48.18,40.03,0.0656,0.0082,74.51,0.6,9.37,151.47,0.065,0.9846,0.1168,0.1931,0.04,2.3,None
2016-06-30,2905374038,2905374038,1,1818771000000,None,1585750000000,None,231888000000,1133000000,19253000000,28017000000,207448000000,17548000000,3998000000,3623000000,1.24,1.24,0.05,20923000000,-20323000000,-386000000,-100000000,22140000000,675000000,43.08,47.84,38.31,0.0696,0.0085,73.19,0.6,8.65,151.31,0.0406,0.9756,0.1169,0.2007,0.04,6.97,None
2016-03-31,2934929136,2934929136,1,1800967000000,None,1572206000000,None,227522000000,1239000000,17753000000,26068000000,207835000000,17555000000,3501000000,3251000000,1.1,1.1,0.05,144000000,-37190000000,38196000000,1340000000,22240000000,702000000,42.83,51.35,34.31,0.0761,0.0089,71.47,0.62,7.95,151.26,0.0378,0.9908,0.1165,0.212,0.04,-0.19,None
2015-12-31,2948120153,2948120153,1,1731210000000,None,1508118000000,None,221857000000,1235000000,16718000000,26070000000,0,18456000000,3335000000,3335000000,1.01,1.02,0.05,-1627000000,31908000000,-30803000000,-826000000,20900000000,726000000,52.88,55.87,49.88,0.0833,0.0096,69.58,0.77,11.94,151.21,0.028,0,0.1185,0.2233,0.04,-0.8,None
2015-09-30,2978990460,2978990460,1,1808356000000,None,1586219000000,None,220848000000,1289000000,15218000000,26324000000,0,18692000000,4291000000,4291000000,1.36,1.35,0.05,23018000000,-8413000000,-15644000000,-1687000000,21726000000,1001000000,54.67,60.34,49,0.0683,0.0078,69.03,0.8,13.81,151.16,0.0259,0,0.1137,0.1836,0.04,7.39,None
2015-06-30,3009845273,3009845273,1,1829370000000,None,1608545000000,None,219440000000,1385000000,13968000000,27083000000,0,19470000000,4846000000,4846000000,1.52,1.51,0.05,16253000000,-16207000000,1526000000,1533000000,23413000000,731000000,54.45,57.39,51.52,0.0605,0.0069,68.27,0.82,21.96,151.11,0.0197,0,0.1123,0.1603,0.04,5.16,None
2015-03-31,3034139677,3034139677,1,1831801000000,None,1615778000000,None,214620000000,1403000000,11968000000,27394000000,0,19736000000,4770000000,4580000000,1.51,1.51,0.01,2093000000,7595000000,-19852000000,-10228000000,21880000000,740000000,50.61,54.26,46.95,0.0372,0.0044,66.79,0.77,23,151.06,0.0161,0,0.1106,0.0982,0.04,0.45,None
2014-12-31,3033851309,3033851309,1,1842530000000,None,1630485000000,None,210534000000,1511000000,10468000000,28158000000,0,17812000000,350000000,187000000,0.06,0.06,0.01,27291000000,27531000000,-57589000000,-3868000000,32108000000,912000000,53.02,56.37,49.68,0.0332,0.0039,65.94,0.79,18.16,151.05,0.0181,0,0.1086,0.087,0.04,8.69,None
2014-09-30,3029488232,3029488232,1,1882849000000,None,1668958000000,None,212272000000,1619000000,8968000000,29025000000,0,19604000000,2839000000,2667000000,0.88,0.88,0.01,6287000000,10965000000,-15289000000,708000000,35976000000,267000000,50.28,53.66,46.9,0.044,0.005,67.11,0.75,16.54,151.04,0.0137,0,0.108,0.1155,0.04,1.99,None
2014-06-30,3031772710,3031772710,1,1909715000000,None,1696616000000,None,211362000000,1737000000,8968000000,29789000000,0,19342000000,181000000,80000000,0.03,0.03,0.01,2012000000,-4514000000,4319000000,1888000000,35268000000,1339000000,47.63,49.58,45.68,0.0463,0.0052,66.76,0.72,10.95,151.03,0.0132,0,0.106,0.1233,0.04,0.22,None
2014-03-31,3037785008,3037785008,1,1894736000000,None,1684494000000,None,208462000000,1780000000,7218000000,29899000000,0,20124000000,3943000000,3757000000,1.24,1.23,0.01,9844000000,-4491000000,-1711000000,3495000000,33380000000,868000000,50.77,55.2,46.34,0.0674,0.0073,66.25,0.78,11.67,151.02,0.0092,0,0.1062,0.1742,0.04,2.95,None
2013-12-31,3036458909,3036458909,1,1880382000000,None,1674249000000,None,204339000000,1794000000,6738000000,30065000000,0,17516000000,2456000000,2338000000,0.76,0.78,0.01,-1735000000,-14946000000,13882000000,-2925000000,29885000000,1141000000,50.48,53.29,47.67,0.0682,0.0072,65.08,0.78,12.75,151.01,0.0092,0,0.1051,0.1731,0.04,-0.95,None
2013-09-30,3033000777,3033000777,1,1899511000000,None,1696772000000,None,200846000000,1893000000,5243000000,29986000000,0,17880000000,3227000000,3056000000,1.01,1,0.01,14249000000,-23373000000,11035000000,1665000000,32810000000,874000000,50.34,53,47.67,0.063,0.0066,64.49,0.8,16.19,151,0.0101,0,0.103,0.1562,0.04,4.41,None
2013-06-30,3041026489,3041026489,1,1883988000000,None,1686162000000,None,195926000000,1900000000,4293000000,29877000000,0,20479000000,4182000000,4090000000,1.35,1.34,0.01,20031000000,-26928000000,7482000000,-5000000,31145000000,741000000,47.89,53.27,42.5,0.05,0.0051,63.02,0.77,17.61,150.99,0.0128,0,0.1017,0.129,0.04,6.34,None
2013-03-31,3042884600,3042884600,1,1881734000000,None,1686395000000,None,193359000000,1980000000,3137000000,30931000000,0,20491000000,3808000000,3732000000,1.23,1.23,0.01,25019000000,-28266000000,-1460000000,-5303000000,31150000000,734000000,44.38,47.6,41.15,0.044,0.0044,62.51,0.72,18.19,150.98,0.0146,0,0.1011,0.1152,0.04,7.98,None
2012-12-31,3038758550,3038758550,1,1864660000000,None,1673663000000,None,189049000000,1948000000,2562000000,31370000000,0,18174000000,1196000000,1155000000,0.4,0.39,0.01,6707000000,36634000000,-40816000000,2651000000,36453000000,1729000000,36.46,40.17,32.75,0.0398,0.0039,61.37,0.57,15.45,150.97,0.0161,0,0.1,0.1047,0.04,1.64,None
2012-09-30,2932520700,2932520700,1,1931346000000,None,1742608000000,None,186777000000,1961000000,312000000,31878000000,0,13951000000,468000000,453000000,0.15,0.15,0.01,3431000000,-4071000000,88000000,-125000000,33802000000,101000000,30.02,34.79,25.24,0.0391,0.0038,63.59,0.48,8.73,150.96,0.0165,0,0.0965,0.103,0.04,1.14,None
2012-06-30,2932483238,2932483238,1,1916451000000,None,1730612000000,None,183911000000,1928000000,312000000,31639000000,0,18642000000,2946000000,2868000000,0.98,0.95,0.01,-1365000000,20427000000,-10964000000,7422000000,33927000000,930000000,30.84,36.87,24.82,0.0576,0.0055,62.61,0.5,8.61,150.95,0.0113,0,0.0958,0.1363,0.04,-0.78,None
2012-03-31,2932157453,2932157453,1,1944423000000,None,1760700000000,None,181820000000,1903000000,312000000,32223000000,0,19406000000,2931000000,2873000000,0.98,0.95,0.01,5498000000,-34419000000,26328000000,-2196000000,26505000000,844000000,33.13,38.08,28.17,0.0605,0.0057,61.9,0.55,9.13,150.94,0.0109,0,0.0933,0.138,0.04,1.59,None
2011-12-31,2928662136,2928662136,1,1873878000000,None,1694305000000,None,177806000000,1767000000,312000000,25413000000,0,17174000000,956000000,928000000,0.34,0.31,0.01,13921000000,-8630000000,-2761000000,-249000000,28701000000,1001000000,28.64,34.17,23.11,0.0619,0.0057,60.61,0.47,7.7,150.93,0.0081,0,0.0947,0.1385,0.04,4.41,None
2011-09-30,2923708189,2923708189,1,1935992000000,None,1756650000000,None,177372000000,1970000000,312000000,25496000000,0,20831000000,3771000000,3697000000,1.27,1.23,0.01,25975000000,11641000000,-37001000000,1184000000,28950000000,917000000,33.42,42.88,23.96,0.0654,0.0059,60.56,0.55,10.48,150.92,0.0052,0,0.0915,0.1412,0.04,8.57,None
2011-06-30,2917949115,2917949115,1,1956626000000,None,1777981000000,None,176364000000,2281000000,312000000,26621000000,0,20622000000,3341000000,3270000000,1.12,1.09,0.01,3660000000,28074000000,-32388000000,-76000000,27766000000,842000000,41.36,45.9,36.81,0.0576,0.005,60.33,0.71,13.79,150.91,0.003,0,0.09,0.1219,0.04,0.97,None
2011-03-31,29206440560,2920644056,0.1,1947815000000,None,1774422000000,None,171037000000,2356000000,312000000,26357000000,0,19726000000,2999000000,2960000000,0.1,0.1,0,1039000000,-16992000000,15492000000,-130000000,27842000000,688000000,47.6,51.3,43.9,0.0558,0.0047,58.45,0.85,13.6,150.9,0,0,0.0876,0.1123,0.04,0.12,None
2010-12-31,29056025228,2905602522,0.1,1913902000000,None,1748113000000,None,163468000000,2321000000,312000000,32002000000,0,18371000000,1309000000,1309000000,0.05,0.04,0,11672000000,13532000000,-23641000000,1630000000,27972000000,1558000000,43.8,48.1,39.5,0.0669,0.0054,56.15,0.78,None,150.9,0,0,0.0852,0.1219,0.04,3.48,None
2010-09-30,29050168996,2905016899,0.1,1983280000000,None,1818097000000,None,162913000000,2270000000,312000000,31107000000,0,20738000000,2168000000,2148000000,0.07,0.07,0,-12481000000,-8933000000,22375000000,1633000000,26342000000,277000000,39.8,43,36.6,0.0095,0.0009,55.97,0.75,None,150.9,0,0,0.082,0.0202,0.04,-4.39,None
2010-06-30,28973528780,2897352878,0.1,1937656000000,None,1780326000000,None,154806000000,2524000000,312000000,31438000000,0,22071000000,2697000000,2671000000,0.09,0.09,0,None,None,None,-969000000,24709000000,250000000,43,49.7,36.3,-0.0261,-0.0002,53.32,0.82,107.5,150.9,None,0,0.0797,None,0.04,None,None
2010-03-31,28979879336,2897987933,0.1,2002213000000,None,1848434000000,None,151421000000,2358000000,312000000,33579000000,0,25421000000,4428000000,4428000000,0.15,0.15,0,35418000000,14398000000,-49477000000,206000000,25678000000,278000000,37.3,43.1,31.5,-0.0295,0.0006,52.14,0.7,None,150.9,None,0,0.0755,None,0.04,12.13,None
2009-12-31,28476886087,2847688608,0.1,1856646000000,None,1701673000000,None,152700000000,2273000000,312000000,33635000000,0,5137000000,-7579000000,-7766000000,-0.33,-0.33,0,-41885000000,33578000000,7471000000,-1010000000,25472000000,287000000,41,50,32,-0.0839,-0.0009,53.51,0.67,None,150.9,None,0,0.0821,None,0.04,-14.81,None
2009-09-30,22863947261,2286394726,0.1,1888599000000,None,1745650000000,None,140842000000,2107000000,312000000,33433000000,0,20390000000,101000000,-3242000000,-0.27,-0.27,0,6903000000,-11749000000,4576000000,-433000000,26482000000,244000000,39.1,52.3,25.9,-0.2087,-0.006,61.46,0.28,None,150.9,None,0,0.0744,None,0.04,2.91,None
2009-06-30,5507716974,550771697,0.1,1848533000000,None,1694365000000,None,152302000000,1866000000,74301000000,35676000000,0,29969000000,4279000000,2730000000,0.49,0.49,0,-12411000000,-26017000000,32570000000,-4148000000,26915000000,333000000,33.5,40.2,26.8,-0.2358,-0.0074,141.62,0.27,None,150.9,None,0,0.0422,None,0.04,-23.14,None
2009-03-31,5512800000,551280000,0.1,1822578000000,None,1676651000000,None,143934000000,1993000000,74246000000,40022000000,0,24789000000,1593000000,-966000000,-0.18,-0.18,0.01,-8326000000,42474000000,-31611000000,1810000000,31063000000,282000000,42.4,74.6,10.2,-0.279,-0.0106,126.41,0.31,None,150.9,None,0,0.0382,None,0.03,-15.61,None
2008-12-31,5265400000,526540000,0.1,1938470000000,None,1796840000000,None,141630000000,0,70664000000,41291000000,0,4242000000,-17263000000,-17263000000,-3.4,-3.4,0.16,-2413000000,-79574000000,50276000000,-33773000000,29253000000,430000000,133.85,230,37.7,-0.2936,-0.0134,134.78,0.74,None,150.8,None,0,0.0366,None,0.03,-5.4,None
2008-09-30,5449539904,544953990,0.1,2050131000000,None,1924069000000,None,126062000000,0,27424000000,63126000000,0,16680000000,-2815000000,-3204000000,-0.6,-0.6,0.32,45619000000,14538000000,-40461000000,18202000000,63026000000,602000000,175.75,211.2,140.3,-0.1954,-0.0095,181,0.88,None,149.2,None,0,0.0481,None,0.03,82.61,None
2008-06-30,5445393308,544539330,0.1,2100385000000,None,1963980000000,None,136405000000,0,27424000000,66928000000,0,18652000000,-2495000000,-2856000000,-0.54,-0.54,0.32,None,None,None,13987000000,44824000000,765000000,217.85,268.1,167.6,-0.136,-0.0069,200.13,1.05,None,146,None,0,0.0519,None,0.03,None,None
2008-03-31,5249833103,524983310,0.1,2199848000000,None,2071629000000,None,128219000000,0,19384000000,67567000000,0,13219000000,-5111000000,-5111000000,-1.02,-1.02,0.32,1586000000,-13356000000,4066000000,-7369000000,30837000000,744000000,241.55,296.9,186.2,-0.0546,-0.0029,207.31,1.04,34.51,142.8,None,0,0.0495,None,0.03,1.6,None
2007-12-31,4905800000,490580000,0.1,2187631000000,None,2074033000000,None,113598000000,0,0,63891000000,0,7216000000,-9833000000,-9833000000,-1.99,-1.99,0.54,39377000000,-6300000000,-33292000000,-20000000,38206000000,1199000000,388.05,483.2,292.9,0.0296,0.0016,231.56,1.52,10.4,139.6,2.9572,0,0.0519,0.0443,0.04,77.82,None
2007-09-30,4981134274,498113427,0.1,2358266000000,None,2231153000000,None,127113000000,0,200000000,63600000000,0,22393000000,2212000000,2212000000,0.45,0.44,0.54,-70253000000,-2832000000,80155000000,7591000000,38226000000,1061000000,490.7,528.4,453,0.1505,0.0088,254.79,1.92,11.18,134.2,0.562,0,0.0538,0.189,0.05,-143.17,None
2007-06-30,4974552734,497455273,0.1,2220866000000,None,2093112000000,None,127754000000,0,600000000,62206000000,0,26630000000,6226000000,6226000000,1.27,1.24,0.54,-22137000000,-29341000000,57412000000,6214000000,30635000000,959000000,531.25,552,510.5,0.1808,0.0111,255.61,2.17,12.65,128.8,0.4645,0,0.0573,0.2247,0.05,-46.43,None
2007-03-31,4946439087,494643908,0.1,2020966000000,None,1898883000000,None,122083000000,0,1000000000,53710000000,0,25459000000,5012000000,5012000000,1.02,1.01,0.54,-18417000000,-23904000000,40219000000,-2093000000,24421000000,784000000,520,552.5,487.5,0.1775,0.0115,244.79,2.14,12.06,123.4,0.4732,0,0.0599,0.2251,0.05,-38.82,None
2006-12-31,4887300000,488730000,0.1,1884318000000,None,1764535000000,None,119783000000,0,1000000000,49316000000,0,23828000000,5129000000,5129000000,1.05,1.04,0.49,None,None,None,3971000000,26514000000,1322000000,528.95,564.1,493.8,0.1859,0.0126,243.04,2.22,11.4,118,0.4486,0,0.063,0.2403,0.05,None,None
2006-09-30,4913666826,491366682,0.1,1746248000000,None,1628383000000,None,117865000000,0,1000000000,48894000000,0,21422000000,5505000000,5505000000,1.13,1.1,0.49,196355000000,-234927000000,36783000000,-1768000000,22543000000,975000000,483.15,502.3,464,0.2047,0.0145,237.84,2.09,9.82,113.1,0.4068,0,0.0669,0.2707,0.05,397.63,None
2006-06-30,4943944972,494394497,0.1,1626551000000,None,1511123000000,None,115428000000,0,1000000000,48760000000,0,22182000000,5265000000,5265000000,1.07,1.05,0.49,-37000000,-38241000000,40783000000,2697000000,24311000000,863000000,488.9,503.7,474.1,0.2221,0.0162,231.45,2.14,10.1,108.2,0.3729,0,0.0704,0.2894,0.06,-1.82,None
2006-03-31,4971241487,497124148,0.1,1586201000000,None,1471783000000,None,114418000000,0,1000000000,48025000000,0,22183000000,5639000000,5639000000,1.14,1.12,0.49,3152000000,-37768000000,32436000000,-2018000000,26355000000,875000000,471.7,492.9,450.5,0.2216,0.0163,228.15,2.15,9.91,103.3,0.3698,0,0.0715,0.2941,0.06,4.58,None
2005-12-31,5067600000,506760000,0.1,1494037000000,None,1381500000000,None,112537000000,0,1125000000,47879000000,0,20442000000,6932000000,6932000000,1.39,1.37,0.44,None,None,None,-65000000,28373000000,967000000,469.75,496.4,443.1,0.2218,0.0164,219.85,2.15,10.68,98.4,0.3668,0,0.0746,0.294,0.06,None,None
2005-09-30,5058978866,505897886,0.1,1472793000000,None,1360956000000,None,111837000000,0,1125000000,46616000000,0,21498000000,7143000000,7143000000,1.41,1.38,0.44,-179000000,-1561000000,1156000000,-606000000,28438000000,956000000,447.8,465.1,430.5,0.2088,0.0153,218.84,2.07,11.08,94,0.3844,0,0.0752,0.2701,0.06,-2.24,None
2005-06-30,5170081220,517008122,0.1,1547789000000,None,1434752000000,None,113037000000,0,1125000000,46129000000,0,20169000000,5073000000,5073000000,0.99,0.97,0.44,12998000000,-14814000000,5320000000,3322000000,28942000000,877000000,462.15,478.4,445.9,0.1959,0.0142,216.46,2.2,14.05,89.6,0.4107,0,0.0723,0.2514,0.06,23.44,None
2005-03-31,5202176347,520217634,0.1,1489891000000,None,1379355000000,None,110536000000,0,1125000000,47648000000,0,21533000000,5441000000,5441000000,1.06,1.04,0.44,3685000000,-9776000000,8399000000,2166000000,25620000000,924000000,470.65,497.8,443.5,0.1651,0.0119,210.32,2.22,14.44,85.2,0.4926,0,0.0734,0.1996,0.06,5.31,None
2004-12-31,5107200000,510720000,0.1,1484101000000,None,1374810000000,None,109291000000,0,1125000000,47263000000,0,21886000000,5321000000,5321000000,1.04,1.01,0.4,6294000000,-35204000000,26240000000,-1927000000,23556000000,769000000,456.55,487.5,425.6,0.167,0.0121,211.79,2.32,14.49,80.8,0.4845,0,0.0729,0.1978,0.06,10.82,None
2004-09-30,5189752836,518975283,0.1,1436554000000,None,1333188000000,None,103366000000,0,1125000000,47001000000,0,20514000000,5308000000,5308000000,1.03,1.02,0.4,-2918000000,-7396000000,9252000000,-979000000,25483000000,602000000,452.15,472.4,431.9,0.1661,0.0122,197.01,2.41,14.92,76.8,0.4852,0,0.0712,0.1952,0.06,-6.78,None
2004-06-30,5180258364,518025836,0.1,1396568000000,None,1298257000000,None,98311000000,0,1125000000,44740000000,0,22302000000,1144000000,1144000000,0.22,0.22,0.4,2024000000,-7959000000,9373000000,3358000000,26462000000,1322000000,485.75,522.9,448.6,0.1632,0.0122,187.61,2.49,13.34,72.8,0.4871,0,0.0696,0.1904,0.06,1.36,None
2004-03-31,5171483698,517148369,0.1,1317591000000,None,1215707000000,None,101884000000,0,1125000000,42502000000,0,21488000000,5273000000,5273000000,1.03,1.01,0.4,-7804000000,-28672000000,38446000000,1955000000,23104000000,318000000,500.25,519.4,481.1,0.1982,0.0153,194.84,2.63,14.63,68.8,0.3515,0,0.0765,0.2366,0.06,-15.71,None
2003-12-31,5093300000,509330000,0.1,1264032000000,None,1166018000000,None,98014000000,0,1125000000,41462000000,0,20154000000,4760000000,4760000000,0.93,0.9,0.35,5746000000,-26708000000,17155000000,-3539000000,21149000000,440000000,472.8,490,455.6,0.1933,0.0149,190.23,2.59,15.81,64.8,0.3164,0,0.0767,0.2305,0.06,10.42,None
2003-09-30,5158676709,515867670,0.1,1208923000000,None,1113664000000,None,95259000000,0,1125000000,35431000000,0,19398000000,4691000000,4691000000,0.92,0.9,0.35,-22350000000,-3148000000,28268000000,2872000000,24688000000,479000000,450.45,471.7,429.2,0.1735,0.0134,182.48,2.52,15.81,61.3,0.3079,0,0.0779,0.226,0.06,-44.25,None
2003-06-30,5150833372,515083337,0.1,1187035000000,None,1093734000000,None,93301000000,0,1125000000,34752000000,0,19354000000,4299000000,4299000000,0.84,0.83,0.2,5386000000,-6475000000,2973000000,2085000000,21816000000,997000000,405.8,455.6,356,0.172,0.0133,178.95,2.42,14.49,57.8,1.0511,0,0.0777,0.2204,0.06,8.52,None
2003-03-31,5148041965,514804196,0.1,1136973000000,None,1049632000000,None,87341000000,0,1126000000,34838000000,0,18536000000,4103000000,4103000000,0.8,0.79,0.2,-3636000000,-9976000000,16009000000,2405000000,19731000000,438000000,346.75,379.3,314.2,0.1735,0.0134,167.47,2.06,11.79,55.8,1.0585,0,0.0758,0.2111,0.06,-7.91,None
2002-12-31,5078000000,507800000,0.1,1097190000000,None,1010472000000,None,86718000000,0,1400000000,35470000000,0,11396000000,2429000000,2429000000,0.48,0.47,0.18,13952000000,-32439000000,19807000000,1440000000,17326000000,429000000,328.5,389.7,267.3,0.1845,0.0143,168.01,2.09,10.27,53.8,0.9937,0,0.0778,0.2142,0.07,26.63,None
2002-09-30,5056767896,505676789,0.1,1031568000000,None,950802000000,None,80766000000,0,1400000000,30335000000,0,17644000000,3920000000,3920000000,0.77,0.76,2.4782,None,None,None,-1800000000,15886000000,308000000,308.6,366.8,250.4,0.2054,0.0158,156.95,1.85,10.12,52,0.9022,0,0.0769,0.2067,0.08,None,None
2002-06-30,5060938138,506093813,0.1,1083306000000,None,997591000000,None,85715000000,0,1400000000,34448000000,0,21273000000,4084000000,4084000000,0.8,0.78,0.18,15827000000,-15812000000,1599000000,1702000000,17686000000,298000000,432.25,494.5,370,0.1979,0.015,166.6,2.71,14.6,27.22,0.2114,0,0.0778,0.1933,0.08,30.68,None
2002-03-31,5147065889,514706588,0.1,1057657000000,None,974019000000,None,83638000000,0,1400000000,34391000000,0,20995000000,4843000000,4843000000,0.94,0.93,0.16,-3589000000,-10332000000,11391000000,-2531000000,15984000000,342000000,471.1,520,422.2,0.2008,0.0149,159.78,3.03,17.32,25.42,0.2055,0,0.0778,0.191,0.08,-7.64,None
2001-12-31,5127926371,512792637,0.1,1051450000000,None,970203000000,None,81247000000,0,1525000000,0,0,21004000000,3875000000,3875000000,0.77,0.73,0.16,13169000000,-10325000000,-6165000000,-3362000000,18515000000,483000000,464.7,511.9,417.5,0.1935,0.0141,155.47,3.12,18.22,23.82,0.2161,0,0.0758,0.1764,0.08,24.74,None
2001-09-30,5144813541,514481354,0.1,1068249000000,None,989850000000,None,78399000000,0,1774000000,0,0,19387000000,3177000000,3177000000,0.62,0.61,0.16,14650000000,-16288000000,8396000000,6796000000,21877000000,359000000,449.2,534.8,363.6,0.2036,0.0146,148.94,3.29,17.21,22.22,0.1942,0,0.0717,0.1657,0.09,27.78,None
2001-06-30,5031151618,503115161,0.1,953427000000,None,882899000000,None,70528000000,0,1763000000,0,0,19385000000,3536000000,3536000000,0.7,0.69,0.14,3954000000,67000000,-3182000000,708000000,15081000000,471000000,481.25,535.5,427,0.2222,0.0155,136.68,3.62,18.73,20.62,0.1815,0,0.0721,0.1708,0.09,6.92,None
2001-03-31,5028566874,502856687,0.1,944327000000,None,875668000000,None,68659000000,0,1747000000,0,0,20281000000,3538000000,3538000000,0.7,0.69,0.14,-5195000000,-11063000000,16199000000,-248000000,14373000000,461000000,484.49,562.97,406,0.2312,0.0156,133.06,3.78,18.21,19.22,0.1898,0,0.0709,0.1716,0.09,-11.25,None
2000-12-31,5035506298,503550629,0.1,902210000000,None,836004000000,None,66206000000,0,1745000000,0,0,25963000000,3836000000,3836000000,0.57,0.56,0.1,750000000,-18018000000,18386000000,1061000000,14621000000,933000000,508.13,571.25,445,0.2519,0.0167,128.01,4.4,19.08,17.82,0.1769,0,0.0714,0.1798,0.09,-0.36,None
2000-09-30,4492529155,449252915,0.1,804286000000,None,750645000000,None,53641000000,0,1775000000,0,0,16337000000,3088000000,3088000000,0.69,0.67,0.14,6982000000,-17222000000,9944000000,-489000000,11740000000,498000000,522.74,591.25,454.22,0.2486,0.0161,115.45,4.72,20.76,16.82,0.1754,0,0.0645,0.1923,0.08,14.43,None
2000-06-30,4497705841,449770584,0.1,791333000000,None,739757000000,None,51576000000,0,1775000000,0,0,15904000000,3005000000,3005000000,0.67,0.65,0.16,-9275000000,-21101000000,30382000000,-134000000,12229000000,442000000,460.78,501.56,420,0.2444,0.0159,110.73,4.27,19.26,15.42,0.1717,0,0.0629,0.1889,0.08,-21.6,None
2000-03-31,3374689721,449958628,0.133333,738205000000,None,687879000000,None,50326000000,0,1775000000,0,0,16984000000,3590000000,3590000000,1.07,1.04,0.16,4216000000,-12034000000,6163000000,-1795000000,12363000000,376000000,412.97,467.81,358.13,0.2411,0.0157,107.9,3.88,19.46,13.82,0.158,0,0.0658,0.1845,0.08,8.53,None
1999-12-31,3366858616,448914481,0.133333,716937000000,None,667251000000,None,49686000000,0,1925000000,0,0,14766000000,2622000000,2622000000,0.77,0.75,0.08,-3620000000,-9448000000,15550000000,2459000000,14158000000,476000000,376.18,436.88,315.47,0.2225,0.0142,106.39,3.79,20.39,12.62,0.1846,0,0.0666,0.1724,0.08,-9.12,None
1999-09-30,3371666163,449555487,0.133333,687450000000,None,640773000000,None,46677000000,0,2050000000,0,0,14021000000,2435000000,2435000000,0.72,0.7,0.1399,5733000000,-8622000000,-125000000,-2989000000,11699000000,341000000,345.48,382.04,308.91,0.2499,0.0155,99.27,3.61,24.77,12.02,0.1844,0,0.0649,0.1604,0.1,11.99,None
1999-06-30,3377284300,450304572,0.133333,689600000000,None,644365000000,None,45235000000,0,2113000000,0,0,14380000000,2448000000,2448000000,0.72,0.7,0.1399,8811000000,-9233000000,3454000000,2989000000,14688000000,356000000,344.53,388.13,300.94,0.2287,0.0139,95.76,3.71,25.62,10.97,0.1948,0,0.0625,0.1467,0.09,18.78,None
1999-03-31,3379139003,450551865,0.133333,690649000000,None,646690000000,None,43959000000,0,2113000000,0,0,14070000000,2362000000,2362000000,0.7,0.68,0.18,-1770000000,-8707000000,8587000000,-2138000000,11699000000,399000000,288.63,332.23,245.04,0.2274,0.0132,92.88,3.22,22.37,9.92,0.1844,0,0.0606,0.1338,0.1,-4.81,None
1998-12-31,2256812076,451362415,0.2,668641000000,None,625933000000,None,42708000000,0,2313000000,0,0,23714000000,3374000000,3374000000,0.58,0.57,0.18,1709000000,-9489000000,8342000000,697000000,13837000000,465000000,204.38,266.25,142.5,0.2259,0.0125,89.5,2.21,14.24,8.57,0.1445,0,0.0604,0.118,0.11,2.76,None
1998-09-30,1120300000,224060000,0.2,358046000000,None,332744000000,None,22177000000,3125000000,1450000000,0,0,4758000000,199000000,168000000,0.15,0.15,0.125,8252000000,-18590000000,10102000000,-236000000,9107000000,0,275.16,364.69,185.63,0.1662,0.0087,92.51,3.03,15.5,7.67,0.1439,0,0.0579,0.076,0.11,36.83,None
1998-06-30,1156175348,231235069,0.2,420076000000,None,394524000000,None,22427000000,3125000000,1450000000,0,0,10096000000,1141000000,1141000000,0.99,0.95,0.125,318000000,-1574000000,2208000000,952000000,4895000000,0,331.56,367.5,295.63,0.2157,0.0117,90.72,3.78,20.3,7.05,0.1214,0,0.0499,0.0873,0.13,1.38,None
1998-03-31,1150046708,230009341,0.2,408475000000,None,383737000000,None,21613000000,3125000000,1450000000,0,0,10368000000,1093000000,1093000000,0.95,0.91,0.125,-5434000000,-1966000000,7310000000,-90000000,3943000000,0,271.25,316.88,225.63,0.2123,0.0127,87.66,3.22,18.1,6.42,0.1241,0,0.0494,0.0845,0.15,-23.63,None
1997-12-31,1152647587,230529517,0.2,386555000000,None,363002000000,None,20893000000,2660000000,1450000000,0,0,19232000000,976000000,976000000,0.86,None,0.05,-1205000000,-1261000000,2980000000,514000000,4033000000,0,251.25,286.88,215.63,0.2105,0.0143,84.34,3.39,18.05,5.8,0.1268,0,0.0503,0.0825,0.17,-5.23,None
1997-09-30,958284705,191656941,0.2,169431000000,None,152386000000,None,15008000000,2037000000,800000000,0,0,6476000000,823000000,823000000,0.83,None,0.15,1298000000,-2583000000,1673000000,388000000,2127000000,0,227.69,245.39,210,0.2133,0.0175,74.13,3.33,17.93,5.55,0.1259,0,0.0839,0.1147,0.15,6.77,None
1997-06-30,641114987,192334496,0.3,159606000000,None,143328000000,None,14238000000,2040000000,1075000000,0,0,5973000000,663000000,663000000,1,None,0.15,108000000,-1952000000,1807000000,-37000000,1739000000,0,187.26,220.39,154.14,0.2058,0.0167,68.44,2.96,15.23,4.8,0.1185,0,0.0825,0.109,0.15,0.56,None
1997-03-31,641265946,192379783,0.3,153944000000,None,139044000000,None,12858000000,2042000000,675000000,0,0,5928000000,642000000,642000000,0.96,None,0.15,466000000,-821000000,263000000,-92000000,1776000000,0,170.24,194.61,145.86,0.208,0.0166,63.33,2.64,14.59,4.3,0.1129,0,0.0791,0.1078,0.15,2.42,None
1996-12-31,641379081,192413724,0.3,151067000000,None,135953000000,None,13085000000,2029000000,675000000,0,0,5782000000,643000000,643000000,0.97,None,0.02,-371000000,-826000000,1430000000,233000000,1868000000,0,140.57,158.33,122.81,0.2042,0.0168,64.5,2.32,12.22,3.8,0.1235,0,0.0821,0.1092,0.15,-1.93,None
1996-09-30,638936705,191681011,0.3,144454000000,None,131126000000,None,12296000000,1032000000,675000000,0,0,5622000000,592000000,592000000,0.88,None,0.15,1430000000,-255000000,-1175000000,0,1635000000,0,110.78,124.69,96.88,0.2078,0.0177,60.63,1.94,10.09,3.73,0.1477,0,0.0804,0.1184,0.15,7.46,None
1996-06-30,480426079,192170431,0.4,142074000000,None,129287000000,None,11725000000,1062000000,763000000,0,0,5426000000,576000000,576000000,1.17,None,0.15,247000000,-4315000000,4286000000,218000000,1635000000,0,104.28,114.38,94.17,0.205,0.0179,57.04,1.86,10.33,3.23,0.1403,0,0.0772,0.121,0.15,1.29,None
1996-03-31,476356414,190542565,0.4,118429000000,None,106792000000,None,11475000000,162000000,800000000,0,0,4515000000,520000000,520000000,1.03,None,0.225,1031000000,-847000000,-633000000,-449000000,1417000000,0,106.25,117.5,95,0.194,0.0177,56.02,1.86,11.55,2.85,0.148,0,0.0901,0.1199,0.15,5.41,None
1995-12-31,319082544,191449526,0.6,114475000000,None,102597000000,None,11710000000,168000000,800000000,0,0,3822000000,607000000,607000000,1.84,None,0.2,312000000,-393000000,485000000,404000000,1866000000,0,93.96,106.46,81.46,0.1848,0.0163,56.99,1.77,12.1,2.29,0.1389,0,0.0953,0.1106,0.15,1.63,None
1995-09-30,316339824,189803894,0.6,112299000000,None,101261000000,None,10870000000,168000000,800000000,0,0,4290000000,481000000,481000000,1.45,None,0.2,79000000,-53000000,-6000000,20000000,1462000000,0,81.14,88.96,73.33,0.1705,0.0138,53.05,1.57,11.65,1.96,0.1532,0,0.0897,0.0911,0.15,0.42,None
1995-06-30,319093916,191456349,0.6,110918000000,None,100097000000,None,10668000000,153000000,800000000,0,0,4172000000,406000000,406000000,1.22,None,0.2,-123000000,212000000,104000000,193000000,1442000000,0,69.06,75,63.13,0.164,0.0124,51.54,1.5,10.65,1.63,0.1586,0,0.089,0.0804,0.15,-0.64,None
1995-03-31,319416898,191650138,0.6,112684000000,None,102881000000,None,9650000000,153000000,800000000,0,0,4299000000,340000000,340000000,1.01,None,0.2,2917000000,-214000000,-2681000000,22000000,1249000000,0,60.21,66.46,53.96,0.1636,None,46.18,1.48,9.36,1.29,0.1574,0,0.0785,0.0737,0.16,15.22,None
1994-12-31,320960465,192576279,0.6,115297000000,None,106519000000,None,8640000000,138000000,800000000,0,0,4381000000,334000000,334000000,0.98,None,0.15,-480000000,424000000,75000000,19000000,1227000000,0,54.48,58.33,50.63,0.1677,None,40.71,1.33,None,0.96,0.1399,0,0.068,0.0718,0.16,-2.49,None
1994-09-30,320411829,192247097,0.6,116380000000,None,107559000000,None,8683000000,138000000,800000000,0,0,4714000000,332000000,332000000,0.97,None,0.15,-115000000,-309000000,221000000,-203000000,1208000000,0,56.78,61.88,51.67,None,None,41,1.41,None,0.71,None,0,0.0677,None,None,-0.6,None
1994-06-30,324401401,194640840,0.6,115492000000,None,106718000000,None,8650000000,124000000,800000000,0,0,4601000000,320000000,320000000,0.93,None,0.15,846000000,-103000000,-795000000,-52000000,1411000000,0,57.03,61.88,52.19,None,None,40.33,1.38,None,0.46,None,0,0.068,None,None,4.35,None
1994-03-31,325497250,195298350,0.6,108030000000,None,99053000000,None,8853000000,124000000,800000000,0,0,4769000000,340000000,340000000,0.98,None,0.125,267000000,327000000,-657000000,-63000000,1463000000,0,64.58,71.88,57.29,None,None,41.23,1.47,None,0.21,None,0,0.0745,None,None,1.37,None
1993-12-31,323716455,194229873,0.6,101360000000,None,91924000000,None,9326000000,110000000,800000000,0,0,None,None,None,None,None,0,None,None,None,None,798000000,0,71.88,81.04,62.71,None,None,43.9,None,None,0,None,0,0.0841,None,None,None,None
