"Quarter end","Shares","Shares split adjusted","Split factor","Assets","Current Assets","Liabilities","Current Liabilities","Shareholders equity","Non-controlling interest","Preferred equity","Goodwill & intangibles","Long-term debt","Revenue","Earnings","Earnings available for common stockholders","EPS basic","EPS diluted","Dividend per share","Cash from operating activities","Cash from investing activities","Cash from financing activities","Cash change during period","Cash at end of period","Capital expenditures","Price","Price high","Price low","ROE","ROA","Book value of equity per share","P/B ratio","P/E ratio","Cumulative dividends per share","Dividend payout ratio","Long-term debt to equity ratio","Equity to assets ratio","Net margin","Asset turnover","Free cash flow per share","Current ratio"
2019-06-30,443332735,443332735,1,2971200000,1543700000,3423800000,1756700000,-964500000,511900000,0,0,1197000000,1174800000,-19500000,-19500000,-0.06,-0.06,0,2500000,19200000,-28100000,-2400000,428600000,10900000,3.32,4.08,2.56,None,-0.0051,-2.18,None,None,10.96,None,None,None,None,1.72,-0.02,0.8787
2019-03-31,443221115,443221115,1,2997500000,1567500000,3440700000,1775200000,-948600000,505400000,0,0,1196400000,1186900000,-32700000,-32700000,-0.09,-0.09,0,-142700000,25600000,18000000,-105400000,431000000,20800000,2.44,3.41,1.46,None,-0.0105,-2.14,None,None,10.96,None,None,None,None,1.76,-0.37,0.883
2018-12-31,442426520,442426520,1,3010000000,1762000000,3414700000,1496500000,-904500000,499800000,0,87400000,1584800000,1401700000,-77600000,-77600000,-0.16,-0.16,0,161000000,-21400000,-51800000,83800000,536400000,21400000,1.81,2.18,1.43,None,-0.0061,-2.04,None,6.7,10.96,None,None,None,None,1.74,0.32,1.1774
2018-09-30,442360153,442360153,1,3074600000,1773300000,3391600000,1418200000,-810400000,493400000,0,92800000,1630800000,1424200000,114500000,114500000,0.21,0.21,0,38400000,-22100000,-2800000,8700000,452600000,22100000,1.96,2.54,1.38,None,0.0443,-1.83,None,28,10.96,0,None,None,0.0261,1.7,0.04,1.2504
2018-06-30,442344872,442344872,1,3086400000,1783400000,3517100000,1383600000,-918900000,488200000,0,94900000,1630300000,1351900000,-36100000,-36100000,-0.09,-0.09,0,-10400000,-22900000,-252700000,-328600000,443900000,19600000,2.24,2.99,1.48,None,0.0137,-2.08,None,56,10.96,0,None,None,0.0083,1.64,-0.07,1.289
2018-03-31,441680315,441680315,1,3640400000,2149500000,3913200000,1750800000,-756300000,483500000,0,100900000,1629600000,1393500000,-20300000,-20300000,-0.06,-0.06,0,-96300000,-27000000,400000,-109000000,772500000,27000000,2.51,2.99,2.03,None,0.0107,-1.71,None,None,10.96,0,None,None,0.0066,1.61,-0.28,1.2277
2017-12-31,440373865,440373865,1,3697900000,2233300000,3944800000,1559600000,-725000000,478100000,0,95700000,1869300000,1568800000,91500000,91500000,0.21,0.21,0,235100000,-28100000,9800000,217700000,881500000,28000000,2.13,2.4,1.87,None,0.0062,-1.65,None,None,10.96,0,None,None,0.0038,1.62,0.47,1.432
2017-09-30,439997691,439997691,1,3516600000,2092500000,3864100000,1471500000,-820500000,473000000,0,96800000,1873000000,1417800000,12500000,12500000,0.01,0.01,0,22700000,-1100000,3200000,30000000,663800000,23100000,3.04,3.75,2.33,None,-0.0232,-1.86,None,None,10.96,None,None,None,None,1.65,-0,1.422
2017-06-30,439949643,439949643,1,3467500000,2015200000,3852800000,1487500000,-853100000,467800000,0,94600000,1873800000,1395900000,-45500000,-45500000,-0.12,-0.12,0,88500000,-18100000,-7700000,73800000,633800000,18000000,4.1,4.85,3.35,None,-0.016,-1.94,None,None,10.96,None,None,None,None,1.61,0.16,1.3548
2017-03-31,439847678,439847678,1,3426200000,1948900000,3784400000,1450900000,-820500000,462300000,0,97100000,1874900000,1333100000,-36500000,-36500000,-0.1,-0.1,0,-83700000,-22300000,-5300000,-94400000,560000000,22300000,5.07,5.93,4.21,None,0.0061,-1.87,None,None,10.96,0,None,None,0.0038,1.6,-0.24,1.3432
2016-12-31,437991751,437991751,1,3418900000,1992300000,3810400000,1485700000,-848000000,456500000,0,93600000,1869500000,1568100000,-10700000,-10700000,-0.04,-0.04,0,232300000,-14900000,-432200000,-247300000,654400000,24800000,5.96,6.89,5.04,None,-0.0295,-1.94,None,None,10.96,None,None,None,None,1.57,0.47,1.341
2016-09-30,437517018,437517018,1,3905500000,2441500000,4241900000,1588400000,-789000000,452600000,0,98100000,2226800000,1408800000,36000000,36000000,0.07,0.07,0,24200000,-22000000,156600000,160200000,901700000,25500000,4.83,5.92,3.73,None,-0.1143,-1.8,None,None,10.96,None,None,None,None,1.34,-0,1.5371
2016-06-30,437019165,437019165,1,3638100000,2194200000,4035400000,1492100000,-845000000,447700000,0,96100000,2139600000,1434300000,33000000,33000000,0.06,0.06,0,40100000,-18400000,-23300000,-12000000,741500000,19000000,4.27,5.01,3.53,None,-0.3118,-1.93,None,None,10.96,None,None,None,None,1.42,0.05,1.4705
2016-03-31,436789867,436789867,1,3629100000,2209700000,4064800000,1605100000,-878800000,443100000,0,94900000,2145000000,1306500000,-165900000,-165900000,-0.38,-0.38,0,-236200000,-122000000,435900000,68800000,753500000,23700000,3.59,4.81,2.38,None,-0.287,-2.01,None,None,10.96,None,None,None,None,1.39,-0.6,1.3767
2015-12-31,435472459,435472459,1,3879500000,2341100000,4935900000,2195100000,-1070300000,13900000,0,92300000,2106300000,876000000,-333400000,-333400000,-0.76,-0.76,0.06,208800000,2100000,-87600000,97300000,684700000,30600000,3.5,4.5,2.5,None,-0.2624,-2.46,None,None,10.96,None,None,None,None,1.41,0.41,1.0665
2015-09-30,435398380,435398380,1,3774700000,2385600000,4543100000,1725500000,-781500000,13100000,0,99900000,2196300000,1666900000,-697000000,-697000000,-1.58,-1.58,0.06,13200000,185300000,-288800000,-115600000,587400000,19700000,4.93,6.64,3.22,None,-0.2396,-1.79,44.82,None,10.9,None,None,None,None,1.59,-0.01,1.3826
2015-06-30,435279537,435279537,1,4988600000,2862700000,4926400000,2087500000,46800000,15400000,0,115700000,2203600000,1823400000,28800000,28800000,0.07,0.07,0.06,88200000,-25100000,-31800000,34100000,703000000,19700000,7.71,9.15,6.26,None,-0.0667,0.11,None,None,10.84,None,47.0855,0.0094,None,1.51,0.16,1.3714
2015-03-31,435082760,435082760,1,4872300000,2592700000,4859600000,2006800000,-3200000,15900000,0,263000000,2208200000,1794200000,-147300000,-147300000,-0.33,-0.33,0.06,-198100000,-24000000,-37300000,-291600000,668900000,22400000,8.29,9.31,7.28,None,-0.0651,-0.01,12.37,None,10.78,None,None,None,None,1.5,-0.51,1.292
2014-12-31,434755598,434755598,1,5496800000,2964500000,5191500000,2047200000,289800000,15500000,0,278300000,2399600000,2341000000,-330700000,-330700000,-0.75,-0.75,0.06,234000000,-19400000,-51300000,134500000,960500000,42900000,10.55,12,9.11,-0.5085,-0.0653,0.67,5.05,None,10.72,None,8.2802,0.0527,None,1.49,0.44,1.4481
2014-09-30,434655663,434655663,1,6090400000,3089400000,5165400000,2153100000,908700000,16300000,0,303800000,2472800000,2138200000,91400000,91400000,0.21,0.21,0.06,132900000,-29900000,-25100000,48500000,826000000,29600000,13.66,14.72,12.59,-0.131,-0.0205,2.09,6.29,None,10.66,None,2.7213,0.1492,None,1.48,0.24,1.4349
2014-06-30,434620667,434620667,1,6115200000,3040500000,5155100000,2107500000,943000000,17100000,0,322000000,2480000000,2188600000,19000000,19000000,0.04,0.04,0.06,105500000,-29200000,-98600000,-17600000,777500000,29000000,14.29,15.28,13.3,-0.2195,-0.0355,2.17,6.77,None,10.6,None,2.6299,0.1542,None,1.48,0.18,1.4427
2014-03-31,434446597,434446597,1,6084900000,3061300000,5153400000,2095600000,915600000,15900000,0,313900000,2565300000,2183600000,-168300000,-168300000,-0.38,-0.38,0.06,-112600000,-26600000,-43800000,-312800000,795100000,29600000,15.68,17.09,14.28,-0.1984,-0.0327,2.11,6.13,None,10.54,None,2.8018,0.1505,None,1.5,-0.33,1.4608
2013-12-31,433955008,433955008,1,6492300000,3479100000,5364800000,2240500000,1110100000,17400000,0,316000000,2461300000,2639500000,-69100000,-69100000,-0.16,-0.16,0.06,443300000,-53400000,-87500000,299600000,1107900000,79100000,19.64,22.48,16.81,-0.05,-0.0083,2.56,7.67,None,10.48,None,2.2172,0.171,None,1.46,0.84,1.5528
2013-09-30,433769213,433769213,1,6528300000,3432000000,5400700000,2154800000,1111300000,16300000,0,312700000,2541200000,2322900000,-5500000,-5500000,-0.01,-0.01,0.06,23100000,42000000,-138100000,-70000000,808300000,42400000,21.54,23.32,19.75,-0.1294,-0.0212,2.56,8.38,None,10.42,None,2.2867,0.1702,None,1.46,-0.04,1.5927
2013-06-30,433657188,433657188,1,6685300000,3462900000,5552300000,2180300000,1116300000,16700000,0,347700000,2804800000,2508900000,31900000,31900000,0.07,0.07,0.06,188100000,-41300000,-737500000,-610100000,878300000,32300000,22.23,24.2,20.26,-0.0906,-0.0153,2.57,8.17,None,10.36,None,2.5126,0.167,None,1.44,0.36,1.5883
2013-03-31,433104988,433104988,1,7573700000,4232600000,6378700000,2907400000,1177900000,17100000,0,477000000,2855500000,2483700000,-13700000,-13700000,-0.03,-0.03,0.06,-118900000,-35900000,495200000,278800000,1488400000,43500000,18.07,21.1,15.03,-0.0628,-0.0109,2.72,6.41,None,10.3,None,2.4242,0.1555,None,1.4,-0.37,1.4558
2012-12-31,432280018,432280018,1,7382500000,3928900000,6149200000,2704600000,1217100000,16200000,0,495200000,2880500000,2999100000,-162200000,-162200000,-0.37,-0.37,0.06,336500000,-92100000,-139500000,112100000,1209600000,93900000,15.6,17.39,13.8,-0.0297,-0.0056,2.82,4.64,57.78,10.24,None,2.3667,0.1649,None,1.4,0.56,1.4527
2012-09-30,432162218,432162218,1,7652000000,4015600000,6185400000,2778200000,1451300000,15300000,0,707100000,2628300000,2550900000,31600000,31600000,0.07,0.07,0.23,178500000,-42600000,-327200000,-178900000,1097500000,47200000,15.55,16.65,14.45,0.0785,0.0155,3.36,4.73,26.81,10.18,3.3295,1.811,0.1897,0.0111,1.39,0.3,1.4454
2012-06-30,432068110,432068110,1,7702600000,4153100000,6263600000,2870900000,1423000000,16000000,0,751200000,3081100000,2591700000,61600000,61600000,0.14,0.14,0.23,74100000,-37700000,51700000,61200000,1276400000,42000000,19.31,23.52,15.1,0.156,0.0324,3.29,5.09,21.22,9.95,1.5756,2.1652,0.1847,0.023,1.41,0.07,1.4466
2012-03-31,431800881,431800881,1,7783300000,4143900000,6131800000,3154100000,1636100000,15400000,0,762300000,2201800000,2575400000,26500000,26500000,0.06,0.06,0.23,-33000000,-41300000,13700000,-29900000,1215200000,45700000,18.52,19.63,17.41,0.2246,0.0503,3.79,5.09,15.69,9.72,1.0002,1.3458,0.2102,0.0353,1.43,-0.18,1.3138
2011-12-31,430954008,430954008,1,7735000000,4098800000,6149800000,2891000000,1570400000,14800000,0,753000000,2478100000,3043700000,-400000,-400000,-0.01,-0,0.23,421600000,-87000000,-41400000,256900000,1245100000,79300000,19.97,23.85,16.09,0.2835,0.065,3.64,4.7,11.75,9.49,0.7714,1.578,0.203,0.0455,1.43,0.79,1.4178
2011-09-30,430774694,430774694,1,7879400000,4141200000,6035700000,2872000000,1829300000,14400000,0,1025200000,2464800000,2762400000,164200000,164200000,0.38,0.38,0.23,146000000,-22500000,-120200000,-22800000,988200000,52900000,24.25,28.9,19.6,0.4055,0.0936,4.25,5.16,14.26,9.26,0.5267,1.3474,0.2322,0.0659,1.42,0.22,1.4419
2011-06-30,430706790,430706790,1,8116800000,4285000000,6078500000,2919300000,2024300000,14000000,0,1045700000,2417300000,2856400000,206200000,206200000,0.48,0.47,0.23,119800000,-112300000,-19600000,-4300000,1011000000,89200000,29.06,30.91,27.22,0.4255,0.0942,4.7,6.85,17.94,9.03,0.5187,1.1941,0.2494,0.0667,1.41,0.07,1.4678
2011-03-31,430188027,430188027,1,7887100000,4165000000,6047500000,2908700000,1823300000,16300000,0,1044100000,2391100000,2629100000,143600000,143600000,0.33,0.33,0.23,-31600000,-47100000,-103300000,-164600000,1015300000,55300000,28.15,30.14,26.16,0.4523,0.0934,4.24,7.31,20.25,8.8,0.5404,1.3114,0.2312,0.0643,1.45,-0.2,1.4319
2010-12-31,429774772,429774772,1,7873700000,4184300000,6201100000,2956300000,1656500000,16100000,0,1043400000,2423800000,3036300000,229500000,229500000,0.52,0.52,0.22,364000000,-36500000,-4500000,338400000,1179900000,114300000,32.02,35.49,28.56,0.4272,0.083,3.85,9.1,21.21,8.57,0.6228,1.4632,0.2104,0.0558,1.49,0.58,1.4154
2010-09-30,429180311,429180311,1,7807200000,3993100000,6254800000,3429900000,1509200000,43200000,0,1074900000,1934600000,2657600000,166700000,166700000,0.39,0.38,0.22,96900000,-728500000,458600000,-142600000,841500000,77400000,29.66,32.87,26.46,0.4883,0.0917,3.52,10.05,19.91,8.35,0.5769,1.2819,0.1933,0.0587,1.56,0.05,1.1642
2010-06-30,428949504,428949504,1,6725200000,3725600000,5414100000,2652400000,1267200000,43900000,0,415800000,1891000000,2678500000,167600000,167600000,0.39,0.39,0.22,224000000,-71400000,-251300000,-138800000,984100000,82700000,30.24,34.76,25.73,0.5257,0.0938,2.95,10.43,23.44,8.13,0.579,1.4923,0.1884,0.0583,1.61,0.33,1.4046
2010-03-31,428403476,428403476,1,6818500000,3867000000,5533200000,2805200000,1244100000,41200000,0,0,1828300000,2490400000,42500000,42500000,0.1,0.1,0.22,17100000,-198000000,31600000,-188700000,1122900000,56800000,31.68,34.14,29.21,0.5016,0.0825,2.9,10.63,21.7,7.91,0.6595,1.4696,0.1825,0.0515,1.6,-0.09,1.3785
2009-12-31,427495268,427495268,1,6832700000,4189300000,5520100000,2274800000,1272600000,40000000,0,0,2307800000,3181400000,269400000,269400000,0.63,0.64,0.21,534900000,-124100000,-377400000,18200000,1311600000,125100000,33.78,36.12,31.45,0.6655,0.0949,2.98,13.68,24.84,7.69,0.5733,1.8135,0.1863,0.0603,1.57,0.96,1.8416
2009-09-30,427056045,427056045,1,6735500000,4196800000,5640400000,2383800000,1053400000,41700000,0,0,2328000000,2551300000,156200000,156200000,0.36,0.36,0.21,171700000,-59200000,-45200000,72400000,1293400000,63700000,29.54,33.96,25.11,0.7444,0.092,2.47,15.31,19.43,7.48,0.6017,2.21,0.1564,0.0588,1.56,0.25,1.7606
2009-06-30,426950389,426950389,1,6317300000,3843800000,5454800000,2235800000,824100000,38400000,0,0,2243500000,2470300000,82900000,82900000,0.19,0.19,0.21,136100000,-31700000,-527500000,-381400000,1221000000,57000000,23.48,27.59,19.37,0.8269,0.1048,1.93,16.42,12.49,7.27,0.5339,2.7224,0.1305,0.0649,1.62,0.19,1.7192
2009-03-31,426907237,426907237,1,6486400000,4049500000,5840100000,2578200000,611400000,34900000,0,0,2294100000,2179800000,117300000,117300000,0.27,0.27,0.21,-60700000,-3900000,588300000,497700000,1602400000,51100000,20.15,25.1,15.2,0.9515,0.1305,1.43,12.75,9.88,7.06,0.4274,3.7522,0.0943,0.0779,1.67,-0.26,1.5707
2008-12-31,426348493,426348493,1,6074000000,3556900000,5399100000,2912200000,674900000,0,0,0,1456200000,2807600000,232400000,232400000,0.55,0.54,0.2,445400000,-139800000,-95800000,137700000,1104700000,142200000,29.8,41.23,18.38,0.9577,0.145,1.58,12.02,16.65,6.85,0.3896,2.1577,0.1111,0.0819,1.77,0.71,1.2214
2008-09-30,426296868,426296868,1,6128600000,3806300000,5069400000,2647900000,1059200000,0,0,0,1677700000,2644700000,222600000,222600000,0.52,0.52,0.2,130300000,-132500000,63100000,6700000,967000000,102300000,40.16,45.25,35.08,0.836,0.1298,2.48,16.26,25.26,6.65,0.4364,1.5839,0.1728,0.0704,1.84,0.07,1.4375
2008-06-30,425695868,425695868,1,6075300000,3739600000,5024300000,2569000000,1051000000,0,0,0,1671500000,2736100000,235600000,235600000,0.55,0.55,0.2,213400000,-72500000,-88500000,67700000,960300000,74900000,38.24,41.05,35.44,0.8471,0.119,2.47,18.75,29.42,6.45,0.4808,1.5904,0.173,0.0646,1.84,0.33,1.4557
2008-03-31,426759353,426759353,1,5865600000,3576900000,4994700000,2533200000,870900000,0,0,0,1680300000,2501700000,184700000,184700000,0.43,0.43,0.2,-41000000,-58600000,-20300000,-70800000,892600000,61100000,37.48,40.5,34.47,0.8009,0.1018,2.04,22.44,30.98,6.25,0.5763,1.9294,0.1485,0.0551,1.85,-0.24,1.412
2007-12-31,426767320,426767320,1,5716200000,3515400000,5004600000,3053400000,711600000,0,0,0,1167900000,3075500000,128900000,128900000,0.3,0.29,0.19,526900000,-137400000,-284600000,122900000,963400000,138600000,39.22,42.51,35.92,0.779,0.0982,1.67,27.24,29.27,6.05,0.6062,1.6412,0.1245,0.0534,1.84,0.91,1.1513
2007-09-30,429063214,429063214,1,5480500000,3462400000,4863800000,2894400000,616700000,0,0,0,1172900000,2349100000,139100000,139100000,0.32,0.32,0.185,63800000,-55300000,-87900000,-62900000,840500000,56200000,36.3,40.66,31.95,0.8358,0.1109,1.44,25.21,30,5.86,0.5462,1.9019,0.1125,0.0618,1.8,0.02,1.1962
2007-06-30,432647048,432647048,1,5147500000,3176100000,4523000000,2564100000,624500000,0,0,0,1160300000,2328800000,112700000,112700000,0.26,0.26,0.185,159200000,-53900000,-344700000,-218700000,903400000,49900000,38.99,41.85,36.13,0.6728,0.1016,1.44,22.15,30.46,5.68,0.5972,1.858,0.1213,0.058,1.75,0.25,1.2387
2007-03-31,438857043,438857043,1,5265400000,3334300000,4493100000,2558300000,772300000,0,0,0,1170200000,2185300000,150000000,150000000,0.34,0.34,0.185,-160100000,-40600000,120100000,-76800000,1122100000,33800000,36.34,40.13,32.55,0.6437,0.109,1.76,20.3,34.28,5.49,0.5543,1.5152,0.1467,0.0639,1.71,-0.44,1.3033
2006-12-31,441081231,441081231,1,5238200000,3334400000,4447800000,2550100000,790400000,0,0,0,1170700000,2622600000,184100000,184100000,0.42,0.42,0.18,357600000,-72700000,-219500000,96100000,1198900000,76900000,31.62,34.25,28.99,0.5419,0.0926,1.79,14.31,30.11,5.31,0.6582,1.4811,0.1509,0.0545,1.7,0.64,1.3076
2006-09-30,444549115,444549115,1,5338400000,3236800000,4355500000,2439700000,982900000,0,0,0,1256800000,2058600000,86400000,86400000,0.19,0.19,0.175,149100000,-68300000,-111900000,-11700000,1102800000,34900000,29.62,33.08,26.16,0.5403,0.0946,2.21,13.16,24.48,5.13,0.6535,1.2787,0.1841,0.0558,1.69,0.26,1.3267
2006-06-30,447676240,447676240,1,5136400000,3048200000,4131200000,2202700000,1005200000,0,0,0,1245000000,2079500000,150900000,150900000,0.34,0.33,0.175,188500000,-45400000,-186200000,-43500000,1114500000,37800000,31.39,33.26,29.53,0.6454,0.1139,2.25,18.91,19.99,4.95,0.5583,1.2386,0.1957,0.0662,1.72,0.34,1.3838
2006-03-31,450282380,450282380,1,4924000000,3080600000,4177400000,2221300000,746600000,0,0,0,1253800000,2003200000,56200000,56200000,0.12,0.12,0.175,100900000,-21500000,27200000,99300000,1158000000,25200000,29.61,32.43,26.78,0.8119,0.1569,1.66,16.82,16.36,4.78,0.4218,1.6793,0.1516,0.0885,1.77,0.17,1.3868
2005-12-31,450504064,450504064,1,4763300000,2920900000,3969100000,2501600000,794200000,0,0,0,766500000,2398200000,183200000,183200000,0.41,0.41,0.17,525800000,-196400000,-251500000,73000000,1058700000,61800000,27.08,29.94,24.22,0.8803,0.189,1.76,13.96,13.54,4.6,0.3631,0.9651,0.1667,0.104,1.82,1.03,1.1676
2005-09-30,458391668,458391668,1,4637200000,2977600000,3749200000,2269500000,888000000,0,0,0,771900000,1886000000,163800000,163800000,0.35,0.35,0.165,136100000,-56400000,24500000,105600000,985700000,58400000,32.16,38.01,26.3,0.9514,0.2201,1.94,12.86,15.92,4.43,0.3118,0.8693,0.1915,0.1184,1.86,0.17,1.312
2005-06-30,470771665,470771665,1,4326100000,2686300000,3149700000,1595600000,1176400000,0,0,0,865900000,1984300000,328600000,328600000,0.7,0.69,0.165,242400000,-60400000,-84200000,88100000,880100000,54100000,40.33,45.02,35.64,None,0.234,2.5,19.2,22.16,4.27,0.2978,0.7361,0.2719,0.1212,1.93,0.4,1.6836
2005-03-31,472015398,472015398,1,4211800000,2602900000,3218800000,1637800000,993000000,0,0,0,850700000,1881100000,172000000,172000000,0.36,0.36,0.165,-8800000,-29900000,84500000,22400000,792000000,32500000,41.48,45.66,37.3,None,0.2198,2.1,20.53,23.44,4.1,0.3176,0.8567,0.2358,0.1108,1.98,-0.09,1.5893
2004-12-31,471522517,471522517,1,4148100000,2506400000,3197900000,1525500000,950200000,0,0,0,866300000,2300700000,288800000,288800000,0.61,0.6,0.14,514900000,-75700000,-318000000,162200000,769600000,87700000,40.22,44.37,36.08,None,0.2238,2.02,26.81,23.38,3.94,0.3126,0.9117,0.2291,0.1092,2.05,0.91,1.643
2004-09-30,472951682,472951682,1,3835100000,2381300000,3126100000,1605800000,709000000,0,0,0,865300000,1806200000,176900000,176900000,0.37,0.37,0.14,139700000,-79200000,-104600000,-34500000,607400000,81200000,44.2,46.65,41.75,None,0.2253,1.5,35.08,27.12,3.8,0.3028,1.2205,0.1849,0.1083,2.08,0.12,1.4829
2004-06-30,472866540,472866540,1,3634700000,2240500000,3039800000,1524700000,594900000,0,0,0,851600000,1866300000,232300000,232300000,0.49,0.49,0.14,239800000,-104600000,-53300000,79900000,641900000,50800000,41.95,46.31,37.58,None,0.2204,1.26,47.13,28.06,3.66,0.2986,1.4315,0.1637,0.105,2.1,0.4,1.4695
2004-03-31,235932993,471865986,2,3503000000,2148500000,3083500000,1492000000,419500000,0,0,0,898000000,1774600000,148100000,148100000,0.63,0.62,0.28,-11800000,-19900000,-91100000,-132000000,562000000,30400000,34.38,37.95,30.81,None,0.2036,0.89,43.52,24.65,3.52,0.3008,2.1406,0.1198,0.0996,2.04,-0.09,1.44
2003-12-31,235396333,470792666,2,3562300000,2226100000,3191000000,1587700000,371300000,0,0,0,877700000,2109200000,261300000,261300000,1.11,1.1,0.21,520300000,-58900000,-162900000,309400000,694000000,59700000,32.78,34.88,30.67,None,0.1935,0.79,81.95,25.51,3.38,0.2979,2.3639,0.1042,0.0967,2,0.98,1.4021
2003-09-30,236507764,473015528,2,3362700000,2036500000,3175800000,1365700000,186900000,0,0,0,1094900000,1629400000,133100000,133100000,0.56,0.56,0.21,111600000,-50200000,-434000000,-376200000,384600000,41100000,32.05,33.63,30.47,None,0.1766,0.4,400.62,26.82,3.27,0.328,5.8582,0.0556,0.0901,1.96,0.15,1.4912
2003-06-30,236211769,472423538,2,3597700000,2270500000,3557700000,1748200000,40000000,0,0,0,1118600000,1656000000,171500000,171500000,0.73,0.71,0.21,153300000,-45700000,191100000,308100000,760800000,36600000,29.97,31.86,28.08,None,0.1661,0.08,None,25.84,3.17,0.3486,27.965,0.0111,0.0858,1.94,0.25,1.2988
2003-03-31,234822672,469645344,2,3223000000,1955600000,3336200000,1887400000,-113200000,0,0,0,764900000,1481400000,98900000,98900000,0.42,0.42,0.21,-39900000,-23600000,-89700000,-154100000,452700000,25200000,26.73,29,24.47,None,0.167,-0.24,None,23.24,3.06,0.3548,None,None,0.0849,1.97,-0.14,1.0361
2002-12-31,235334884,470669768,2,3327500000,2048200000,3455200000,1975500000,-127700000,0,0,0,767000000,1854100000,193000000,193000000,0.81,0.88,0.2,381900000,-49500000,-76900000,260600000,606800000,56500000,25.14,27.59,22.7,None,0.1684,-0.27,None,26.74,2.96,0.3528,None,None,0.0858,1.96,0.69,1.0368
2002-09-30,235229607,470459214,2,3187400000,1825500000,3249900000,1345300000,-62500000,0,0,0,1300300000,1463400000,90300000,90300000,0.38,0.38,0.2,36000000,-25900000,-86700000,-83200000,346200000,31800000,24.09,26.43,21.75,None,0.1439,-0.13,None,24.33,2.86,0.4127,None,None,0.0737,1.95,0.01,1.3569
2002-06-30,235980558,471961116,2,3127900000,1836500000,3167600000,1308200000,-39700000,0,0,0,1263200000,1527200000,155000000,155000000,0.66,0.64,0.2,205000000,-32300000,-90600000,76700000,429400000,23600000,26.04,28.55,23.52,None,0.1545,-0.08,None,27.27,2.76,0.3871,None,None,0.0783,1.97,0.38,1.4038
2002-03-31,236447680,472895360,2,3052900000,1794200000,3131500000,1334300000,-78600000,0,0,0,1228100000,1383600000,96300000,96300000,0.41,0.4,0.2,-57500000,-15300000,-77600000,-155800000,352700000,14600000,24.93,27.85,22,None,0.1527,-0.17,None,26.95,2.66,0.3965,None,None,0.0762,2,-0.15,1.3447
2001-12-31,236825272,473650544,2,3192600000,1889100000,3267700000,1461000000,-75100000,0,0,0,1236300000,1754700000,110400000,110400000,0.47,0.46,0.19,406500000,-52300000,-20400000,323400000,508500000,54200000,23.24,24.94,21.54,None,0.1517,-0.16,None,21.03,2.56,0.4045,None,None,0.0741,2.05,0.74,1.293
2001-09-30,236234721,472469442,2,2957700000,1665100000,3074800000,1304800000,-117100000,0,0,0,1251100000,1421400000,114600000,114600000,0.49,0.48,0.19,114400000,-32600000,-51200000,33400000,185100000,33000000,23.03,25.06,21,None,0.1876,-0.25,None,21.83,2.46,0.3386,None,None,0.09,2.08,0.17,1.2761
2001-06-30,236227584,472455168,2,2822900000,1547000000,2979100000,1329000000,-156200000,0,0,0,1139000000,1467200000,137900000,137900000,0.58,0.57,0.19,165900000,-35900000,-68500000,59200000,151700000,40500000,20.95,24.13,17.77,None,0.1837,-0.33,None,20.34,2.37,0.3517,None,None,0.0873,2.1,0.27,1.164
2001-03-31,237260702,474521404,2,2746700000,1464100000,2985700000,1289100000,-239000000,0,0,0,1144400000,1357000000,81700000,81700000,0.34,0.34,0.19,68100000,-31300000,-61900000,-30200000,92500000,27600000,21.56,24.13,19,None,0.1832,-0.5,None,21.67,2.27,0.3586,None,None,0.0862,2.12,0.09,1.1358
2000-12-31,237927022,475854044,2,2811300000,1545700000,3042200000,1359300000,-230900000,0,0,0,1108200000,1664000000,197500000,197500000,0.82,0.82,0.19,324800000,-65900000,-234300000,28700000,122700000,67200000,21.98,24.88,19.09,None,0.18,-0.49,None,25.26,2.18,0.3696,None,None,0.0837,2.15,0.54,1.1371
2000-09-30,237915557,475831114,2,2714500000,1505000000,3053900000,1434700000,-339400000,0,0,0,1104600000,1345500000,92400000,92400000,0.39,0.38,0.185,35100000,-49400000,40600000,18100000,94000000,49800000,19.75,22,17.5,None,0.1637,-0.71,None,23.24,2.08,0.4123,None,None,0.0751,2.18,-0.03,1.049
2000-06-30,237421646,474843292,2,2576900000,1393900000,2948500000,1331100000,-371600000,0,0,0,1092800000,1396400000,125400000,125400000,0.53,0.52,0.185,113700000,-44000000,-83500000,-16400000,75900000,46600000,18.22,22.25,14.19,None,0.1653,-0.78,None,22.36,1.99,0.4156,None,None,0.0755,2.19,0.14,1.0472
2000-03-31,237422333,474844666,2,2544700000,1372900000,2963900000,1742300000,-419200000,0,0,0,701200000,1316700000,63800000,63800000,0.27,0.27,0.185,-149700000,-28400000,158200000,-25100000,92300000,29900000,14.94,17.25,12.63,None,0.1666,-0.88,None,26.68,1.9,0.4288,None,None,0.0762,2.18,-0.38,0.788
1999-12-31,237514173,475028346,2,2512800000,1337800000,2934700000,1712800000,-421900000,0,0,0,701400000,1578000000,141900000,141900000,0.58,0.57,0.18,362300000,-74700000,-261700000,16100000,117400000,80100000,15.17,18.69,11.65,None,0.1173,-0.89,168.56,27.33,1.8,0.6296,None,None,0.0538,2.18,0.59,0.7811
1999-09-30,242304430,484608860,2,2510600000,1398300000,2465400000,1650700000,45200000,0,0,0,204700000,1259700000,88100000,88100000,0.34,0.34,0.18,75700000,-51100000,5600000,27500000,101300000,51000000,20.34,28.38,12.31,None,0.1209,0.09,101.7,43.74,1.71,0.6223,4.5288,0.018,0.0553,2.19,0.05,0.8471
1999-06-30,260792530,521585060,2,2357200000,1282600000,2250700000,1439200000,106500000,0,0,0,204500000,1267200000,119500000,119500000,0.46,0.45,0.18,83800000,-46500000,-101000000,-65100000,73800000,45200000,26.38,29.57,23.19,None,0.1021,0.2,146.56,58.62,1.62,0.7465,1.9202,0.0452,0.0467,2.19,0.07,0.8912
1999-03-31,261847085,523694170,2,2388700000,1337900000,2294100000,1480300000,94600000,0,0,0,204100000,1223000000,-62900000,-62900000,-0.24,-0.24,0.18,-76300000,-32700000,158400000,33300000,138900000,23900000,21.13,24.5,17.75,None,0.099,0.18,39.13,41.43,1.53,0.7628,2.1575,0.0396,0.0453,2.18,-0.19,0.9038
1998-12-31,261901384,523802768,2,2433500000,1341400000,2148400000,1329500000,285100000,0,0,0,201000000,1548900000,148100000,148100000,0.56,0.56,0.17,338000000,-78000000,-252700000,8400000,105600000,78600000,18,23.13,12.88,None,0.1133,0.54,47.37,37.31,1.44,0.664,0.705,0.1172,0.0518,2.19,0.5,1.009
1998-09-30,265780000,531560000,2,2464500000,1471400000,2260800000,1514000000,203700000,0,0,0,201100000,1233200000,41500000,41500000,0.16,0.16,0.17,52500000,-35900000,-9600000,9200000,97200000,37100000,17.33,22.16,12.5,None,0.1091,0.38,40.3,32.54,1.36,0.687,0.9872,0.0827,0.0493,2.21,0.03,0.9719
1998-06-30,131688894,526755576,4,2329700000,1362900000,2102600000,1365800000,227100000,0,0,0,201300000,1247200000,111400000,111400000,0.85,0.84,0.34,68800000,-42800000,-26500000,3200000,88000000,47300000,20.36,22.25,18.47,None,0.1214,0.43,56.56,40.52,1.27,0.6084,0.8864,0.0975,0.0544,2.23,0.04,0.9979
1998-03-31,131740152,526960608,4,2307600000,1371700000,2116600000,1383800000,191000000,0,0,0,201700000,1183400000,-31000000,-31000000,-0.24,-0.24,0.34,-134900000,-25600000,105700000,-57100000,84800000,26500000,17.16,20.32,14,None,0.1143,0.36,31.78,26.81,1.19,0.6339,1.056,0.0828,0.0515,2.22,-0.31,0.9913
1997-12-31,131794374,527177496,4,2272900000,1344000000,1987900000,1355900000,285000000,0,0,0,102200000,1517400000,133700000,133700000,1.01,None,0.31,405800000,-58300000,-287300000,56200000,141900000,58400000,16.54,19.19,13.88,None,0.1467,0.54,38.47,25.95,1.1,0.4892,0.3586,0.1254,0.0667,2.2,0.66,0.9912
1997-09-30,132007706,528030824,4,2406100000,1465100000,2179100000,1555800000,227000000,0,0,0,103200000,1249400000,68600000,68600000,0.52,None,0.315,36300000,-37000000,-24600000,-30700000,85700000,36400000,17.07,19.5,14.63,None,0.1468,0.43,36.32,27.31,1.03,0.4849,0.4546,0.0943,0.0667,2.2,-0,0.9417
1997-06-30,132383313,529533252,4,2341800000,1404400000,2092100000,1505000000,249700000,0,0,0,103800000,1225000000,95200000,95200000,0.72,None,0.315,60000000,-45900000,-1000000,10400000,116400000,50000000,15.58,18.5,12.66,None,0.1472,0.47,38.95,25.75,0.95,0.4846,0.4157,0.1066,0.0664,2.22,0.02,0.9332
1997-03-31,132087551,528350204,4,2217000000,1328000000,2005700000,1422500000,211300000,0,0,0,103800000,1087600000,41300000,41300000,0.31,None,0.315,-186600000,-33900000,149100000,-78500000,106000000,24600000,14.47,15.91,13.03,None,0.1468,0.4,32.16,24.22,0.87,0.4893,0.4912,0.0953,0.0658,2.23,-0.4,0.9336
1996-12-31,133032198,532128792,4,2222400000,1349600000,1980700000,1391300000,241700000,0,0,0,104500000,1492100000,132000000,132000000,1,None,0.29,450800000,-40900000,-290700000,117100000,184500000,41000000,13.51,14.88,12.13,None,0.1476,0.45,50.04,26.62,0.79,0.4863,0.4324,0.1088,0.066,2.23,0.77,0.97
1996-09-30,132843382,531373528,4,2214900000,1347400000,2071700000,1464000000,143200000,0,0,0,105000000,1177300000,62500000,62500000,0.47,None,0.29,68800000,-29700000,-45600000,-5500000,67400000,31000000,11.16,12.56,9.75,None,0.129,0.27,37.2,22.72,0.72,0.5617,0.7332,0.0647,0.0579,2.23,0.07,0.9204
1996-06-30,133053426,532213704,4,2108000000,1247500000,1948100000,1341900000,159900000,0,0,0,105800000,1128700000,85700000,85700000,0.64,None,0.29,41800000,-20600000,-24500000,-9200000,72900000,21500000,11.27,11.89,10.64,None,0.1274,0.3,41.74,23.6,0.65,0.5726,0.6617,0.0759,0.0577,2.21,0.04,0.9297
1996-03-31,67067828,536542624,8,2072700000,1228800000,1926900000,1313000000,145800000,0,0,0,113200000,1016100000,37700000,37700000,0.56,None,0.58,-174500000,-15400000,124600000,-69300000,82100000,10100000,10.09,11.1,9.08,None,0.1259,0.27,28.03,21.47,0.57,0.5668,0.7764,0.0703,0.0573,2.2,-0.34,0.9359
1995-12-31,67246093,537968744,8,2052800000,1215000000,1860100000,1245300000,192700000,0,0,0,114200000,1384100000,86500000,86500000,1.28,None,0.55,330000000,-30800000,-242300000,53200000,151400000,28200000,9.18,9.8,8.56,None,0.1261,0.36,29.61,18.09,0.5,0.556,0.5926,0.0939,0.0571,2.21,0.56,0.9757
1995-09-30,67867647,542941176,8,2092500000,1250200000,1921900000,1254400000,170600000,0,0,0,114300000,1067800000,55200000,55200000,0.81,None,0.55,43300000,-16700000,-32200000,-13500000,98200000,18200000,8.81,9.42,8.2,None,0.1389,0.31,25.17,17.71,0.43,0.4996,0.67,0.0815,0.063,2.2,0.05,0.9967
1995-06-30,68094268,544754144,8,2037200000,1187700000,1844500000,1172000000,192700000,0,0,0,114200000,1064000000,80400000,80400000,1.17,None,0.5,63600000,-16300000,-37100000,13200000,111700000,16400000,8.09,8.72,7.45,None,0.1394,0.35,28.89,18.39,0.36,0.4975,0.5926,0.0946,0.063,2.21,0.09,1.0134
1995-03-31,68492470,547939760,8,1956300000,1122000000,1800800000,1134500000,155500000,0,0,0,115000000,976200000,34400000,34400000,0.5,None,0.5,-157900000,-9500000,39600000,-116300000,98500000,9900000,7.21,7.67,6.75,None,None,0.28,21.21,20.6,0.3,0.5491,0.7395,0.0795,0.0568,2.2,-0.31,0.989
1994-12-31,68658266,549266128,8,1978300000,1150300000,1792700000,1141000000,185600000,0,0,0,116500000,1335900000,110100000,110100000,1.58,None,0.5,390600000,-39000000,-216900000,130100000,214800000,39100000,7.64,7.95,7.33,None,None,0.34,23.88,None,0.24,0.6781,0.6277,0.0938,0.0459,2.17,0.64,1.0082
1994-09-30,69597425,556779400,8,1955000000,1122400000,1777600000,1121200000,177400000,0,0,0,121300000,1009800000,51300000,51300000,0.73,None,0.5,10400000,121700000,-124500000,9400000,84700000,29700000,7.43,7.86,7,None,None,0.32,21.85,None,0.17,None,0.6838,0.0907,None,None,-0.03,1.0011
1994-06-30,70348457,562787656,8,1965500000,1161300000,1772100000,1119400000,193400000,0,0,0,124700000,1007200000,50100000,50100000,0.71,None,0.45,44500000,-17600000,-42900000,-20400000,75300000,19700000,7.3,7.66,6.95,None,None,0.34,18.72,None,0.11,None,0.6448,0.0984,None,None,0.04,1.0374
1994-03-31,71061440,568491520,8,1976400000,1050600000,1756100000,1117200000,220300000,0,0,144600000,125800000,913600000,-15700000,-15700000,-0.22,None,0.45,-153200000,-10500000,38900000,-128200000,103600000,11400000,6.65,7.25,6.05,None,None,0.39,12.09,None,0.06,None,0.571,0.1115,None,None,-0.29,0.9404
1993-12-31,71922660,575381280,8,1958000000,1081800000,1644000000,1058700000,314000000,0,0,145300000,123700000,None,None,None,None,None,0,None,None,None,None,231800000,0,6.35,6.7,5.99,None,None,0.55,None,None,0,None,0.3939,0.1604,None,None,None,1.0218
