"Quarter end","Shares","Shares split adjusted","Split factor","Assets","Current Assets","Liabilities","Current Liabilities","Shareholders equity","Non-controlling interest","Preferred equity","Goodwill & intangibles","Long-term debt","Revenue","Earnings","Earnings available for common stockholders","EPS basic","EPS diluted","Dividend per share","Cash from operating activities","Cash from investing activities","Cash from financing activities","Cash change during period","Cash at end of period","Capital expenditures","Price","Price high","Price low","ROE","ROA","Book value of equity per share","P/B ratio","P/E ratio","Cumulative dividends per share","Dividend payout ratio","Long-term debt to equity ratio","Equity to assets ratio","Net margin","Asset turnover","Free cash flow per share","Current ratio"
2019-06-30,8727072000,8727072000,1,312108000000,None,255980000000,None,35816000000,20312000000,0,16654000000,88735000000,28831000000,-61000000,-61000000,-0.01,-0.01,0.01,-22000000,-113000000,-2729000000,-2941000000,32562000000,1027000000,9.75,10.71,8.79,-0.5621,-0.0592,4.1,2.42,None,17.13,None,2.4775,0.1148,None,0.38,-0.12,None
2019-03-31,8720808000,8720808000,1,315082000000,None,259020000000,None,35161000000,20901000000,6000000,70247000000,90223000000,27286000000,3588000000,3549000000,0.41,0.4,0.01,42000000,3442000000,-3607000000,-45000000,35503000000,634000000,9.58,11.75,7.41,-0.4735,-0.0551,4.03,2.69,None,17.12,None,2.5664,0.1116,None,0.38,-0.07,None
2018-12-31,8705080100,8705080100,1,309129000000,None,257266000000,None,30981000000,20882000000,6000000,77773000000,95234000000,33278000000,761000000,575000000,0.07,0.07,0.01,4681000000,10399000000,-6707000000,8184000000,35548000000,1007000000,10.22,13.78,6.66,-0.5259,-0.0677,3.56,2.82,None,17.11,None,3.0745,0.1002,None,0.37,0.42,None
2018-09-30,8698115000,8698115000,1,311691000000,None,263468000000,None,31454000000,16769000000,6000000,79215000000,97060000000,29573000000,-22769000000,-22808000000,-2.62,-2.62,0.12,-2381000000,5024000000,-3413000000,-924000000,27364000000,759000000,12.75,14.29,11.21,-0.6425,-0.0942,3.62,2.01,None,17.1,None,3.0864,0.1009,None,0.34,-0.36,None
2018-06-30,8691081000,8691081000,1,342769000000,None,267639000000,None,55069000000,20061000000,6000000,102192000000,99832000000,30104000000,800000000,615000000,0.07,0.07,0.12,556000000,4460000000,-9014000000,-4491000000,28288000000,390000000,14.1,15.59,12.61,-0.1368,-0.0224,6.34,2.19,None,16.98,None,1.8131,0.1606,None,0.34,0.02,None
2018-03-31,8685338000,8685338000,1,358109000000,None,281367000000,None,55965000000,20777000000,6000000,106129000000,105134000000,28660000000,-1147000000,-1184000000,-0.14,-0.14,0.12,1390000000,-1644000000,-11899000000,-11945000000,32779000000,1877000000,16.06,19.39,12.73,-0.1187,-0.0206,6.44,2.17,None,16.86,None,1.8788,0.1563,None,0.34,-0.06,None
2017-12-31,8682576000,8682576000,1,377945000000,None,292561000000,None,64263000000,21121000000,6000000,104241000000,108575000000,31402000000,-9642000000,-9826000000,-1.14,-1.14,0.12,6907000000,-21000000,-2823000000,3701000000,44051000000,1192000000,21.07,24.89,17.25,-0.0861,-0.0158,7.4,2.4,26.34,16.74,None,1.6897,0.17,None,0.33,0.66,None
2017-09-30,8672085000,8672085000,1,378038000000,None,280544000000,None,76105000000,21389000000,6000000,108503000000,107557000000,33472000000,1836000000,1800000000,0.21,0.21,0.24,1024000000,182000000,-6142000000,-4221000000,40350000000,176000000,25.59,27.59,23.58,0.0951,0.0209,8.78,2.99,31.59,16.62,1.1667,1.4134,0.2013,0.0577,0.34,0.1,None
2017-06-30,8657946000,8657946000,1,355473000000,None,276498000000,None,74148000000,4827000000,6000000,89264000000,103676000000,29558000000,1367000000,1185000000,0.14,0.13,0.24,2186000000,-488000000,97000000,2200000000,44571000000,469000000,28.66,30.54,26.79,0.0958,0.0213,8.56,3.34,29.24,16.38,1.1295,1.3983,0.2086,0.0614,0.33,0.2,None
2017-03-31,8683963000,8683963000,1,351643000000,None,272416000000,None,74534000000,4693000000,6000000,86828000000,99674000000,27660000000,653000000,619000000,0.07,0.07,0.24,309000000,2649000000,-10278000000,-7186000000,42372000000,658000000,30.55,31.84,29.25,0.1121,0.0247,8.58,3.52,33.94,16.14,0.9304,1.3374,0.2119,0.072,0.33,-0.04,None
2016-12-31,8724783000,8724783000,1,365183000000,None,284668000000,None,75828000000,4687000000,6000000,86874000000,105080000000,33088000000,3723000000,3542000000,0.4,0.39,0.24,1629000000,7699000000,-14238000000,-5887000000,49560000000,1069000000,30.29,32.38,28.19,0.098,0.0219,8.69,3.27,25.89,15.9,1.0157,1.3859,0.2076,0.0661,0.31,0.06,None
2016-09-30,8846390000,8846390000,1,387694000000,None,301098000000,None,81882000000,4714000000,6000000,86767000000,115686000000,29266000000,2027000000,1994000000,0.22,0.22,0.23,1040000000,9735000000,-11497000000,-867000000,55445000000,-124000000,None,None,None,0.1226,0.0262,9.26,None,None,15.66,0.7656,1.4129,0.2112,0.0947,0.26,0.13,None
2016-06-30,8961233000,8961233000,1,401461000000,None,311708000000,None,84990000000,4763000000,6000000,83747000000,122504000000,33494000000,2890000000,2738000000,0.3,0.3,0.23,-3512000000,-15000000,-41323000000,-44905000000,56313000000,590000000,31.04,33.02,29.06,0.1186,0.0245,9.48,3.14,40.31,15.43,0.7567,1.4415,0.2117,0.0971,0.24,-0.46,None
2016-03-31,9195657000,9195657000,1,462193000000,None,366403000000,None,91087000000,4703000000,6000000,83102000000,132187000000,27845000000,191000000,-98000000,-0.01,-0.01,0.23,599000000,31783000000,-22073000000,10340000000,101218000000,1240000000,29.57,32.05,27.1,0.0715,0.0142,9.9,2.81,None,15.2,1.2153,1.4513,0.1971,0.0633,0.22,-0.07,None
2015-12-31,9330607330,9330607330,1,492692000000,None,389582000000,None,98274000000,4836000000,6000000,82270000000,145301000000,24655000000,6301000000,6282000000,0.65,0.66,0.23,6745000000,-283000000,-26247000000,-19732000000,90879000000,1771000000,28.14,31.49,24.79,-0.0575,-0.0106,10.53,2.56,None,14.97,None,1.4786,0.1995,None,0.2,0.53,None
2015-09-30,10109239000,10109239000,1,581310000000,None,461317000000,None,111205000000,8788000000,0,75278000000,180011000000,31680000000,2506000000,2506000000,0.25,0.25,0.23,758000000,43225000000,-31095000000,12258000000,110611000000,481000000,23.35,27.33,19.37,-0.0636,-0.0118,11,2.15,None,14.74,None,1.6187,0.1913,None,0.22,0.03,None
2015-06-30,10096429000,10096429000,1,610926000000,None,492647000000,None,109503000000,8776000000,0,75852000000,185351000000,31695000000,-1360000000,-1360000000,-0.13,-0.13,0.23,6299000000,12707000000,-10466000000,9479000000,98353000000,134000000,26.63,28.68,24.57,-0.0519,-0.0099,10.85,2.47,None,14.51,None,1.6927,0.1792,None,0.22,0.61,None
2015-03-31,10075929000,10075929000,1,617631000000,None,500333000000,None,108560000000,8738000000,0,83137000000,190420000000,29356000000,-13573000000,-13573000000,-1.35,-1.35,0.23,6090000000,3839000000,-8246000000,-2143000000,88874000000,1903000000,24.84,26.27,23.41,-0.0106,-0.0021,10.77,1.95,16.56,14.28,None,1.7541,0.1758,None,0.22,0.42,None
2014-12-31,10064909484,10064909484,1,648349000000,None,511516000000,None,128159000000,8674000000,0,90709000000,200414000000,42004000000,5152000000,5152000000,0.51,0.5,0.23,11465000000,-3111000000,-5879000000,343000000,91017000000,-3242000000,25.4,27.1,23.69,0.1152,0.0234,12.73,1.89,19.24,14.05,0.5867,1.5638,0.1977,0.1025,0.23,1.46,None
2014-09-30,10042192011,10042192011,1,650021000000,None,506510000000,None,134998000000,8513000000,0,92216000000,213179000000,36174000000,3537000000,3537000000,0.35,0.35,0.22,6035000000,-1801000000,1287000000,3965000000,90674000000,1078000000,25.95,27.15,24.75,0.1,0.0204,13.44,1.94,20.27,13.82,0.6646,1.5791,0.2077,0.0905,0.22,0.49,None
2014-06-30,10033903754,10033903754,1,651869000000,None,511802000000,None,134013000000,6054000000,0,93815000000,216845000000,36233000000,3545000000,3545000000,0.35,0.35,0.22,5249000000,-1910000000,-3865000000,-403000000,86709000000,1540000000,26.48,27.53,25.43,0.0997,0.0197,13.36,2.01,21.53,13.6,0.6602,1.6181,0.2056,0.0884,0.22,0.37,None
2014-03-31,10027765000,10027765000,1,652252000000,None,514233000000,None,131836000000,6183000000,0,93917000000,220992000000,34178000000,2999000000,2999000000,0.3,0.3,0.22,4961000000,1792000000,-8501000000,-1675000000,87112000000,2169000000,26.13,27.94,24.32,0.0987,0.019,13.15,2.01,20.57,13.38,0.6601,1.6763,0.2021,0.0863,0.22,0.28,None
2013-12-31,10033130000,10033130000,1,656560000000,None,519777000000,None,130566000000,6217000000,0,91958000000,221665000000,40187000000,3206000000,3206000000,0.33,0.32,0.22,11417000000,-2905000000,-6576000000,2179000000,88787000000,2466000000,25.8,28.09,23.5,0.1046,0.0197,13.01,2.13,19.4,13.16,0.6149,1.6977,0.1989,0.0894,0.22,0.89,None
2013-09-30,10117369000,10117369000,1,661438000000,None,532393000000,None,122692000000,6353000000,0,92250000000,226872000000,35725000000,3191000000,3191000000,0.31,0.31,0.19,5231000000,-4923000000,-2179000000,-2198000000,86608000000,1353000000,23.86,24.95,22.76,0.1127,0.0207,12.13,1.98,17.67,12.94,0.5625,1.8491,0.1855,0.0955,0.22,0.38,None
2013-06-30,10183781000,10183781000,1,660541000000,None,531730000000,None,122509000000,6302000000,0,84684000000,231285000000,35123000000,3133000000,3133000000,0.3,0.3,0.19,7321000000,5460000000,-13862000000,-1078000000,88806000000,1843000000,22.78,24.45,21.11,0.1152,0.0209,12.03,1.9,17,12.75,0.5407,1.8879,0.1855,0.0971,0.21,0.54,None
2013-03-31,10340120377,10340120377,1,670690000000,None,541640000000,None,123714000000,5336000000,0,84555000000,234299000000,35010000000,3527000000,3527000000,0.34,0.34,0.19,4610000000,31485000000,-22956000000,12425000000,89884000000,1913000000,22.29,23.9,20.68,0.1155,0.0206,11.96,1.88,17.28,12.56,0.5319,1.8939,0.1845,0.096,0.21,0.26,None
2012-12-31,10398271000,10398271000,1,685328000000,None,556858000000,None,123026000000,5444000000,0,85434000000,236084000000,39327000000,4011000000,4011000000,0.38,0.38,0.19,11253000000,-1233000000,-18168000000,-8113000000,77459000000,3276000000,21.52,23.18,19.87,0.1124,0.0196,11.83,1.84,17.08,12.37,0.5391,1.919,0.1795,0.0926,0.21,0.77,None
2012-09-30,10486300000,10486300000,1,698880000000,None,570864000000,None,122552000000,5464000000,0,84871000000,234673000000,36349000000,3491000000,3491000000,0.33,0.33,0.17,5861000000,7897000000,-4175000000,11164000000,85572000000,1069000000,21.16,22.96,19.36,0.1116,0.019,11.69,1.86,18.4,12.18,0.5372,1.9149,0.1754,0.0916,0.21,0.46,None
2012-06-30,10558844000,10558844000,1,694121000000,None,570222000000,None,120119000000,3780000000,0,84139000000,229817000000,36501000000,3105000000,3105000000,0.29,0.29,0.17,7751000000,-681000000,-15132000000,-9362000000,74408000000,3111000000,19.43,20.84,18.02,0.1016,0.0183,11.38,1.72,16.06,12.01,0.5713,1.9132,0.1731,0.0843,0.2,0.44,None
2012-03-31,10587317000,10587317000,1,707719000000,None,586131000000,None,119867000000,1721000000,0,84880000000,233487000000,35182000000,3034000000,3034000000,0.29,0.29,0.17,6466000000,5319000000,-13599000000,-852000000,83770000000,1470000000,19.62,21,18.23,0.1047,0.019,11.32,1.78,15.95,11.84,0.5293,1.9479,0.1694,0.0888,0.2,0.47,None
2011-12-31,10581257000,10581257000,1,717242000000,None,599108000000,None,116438000000,1696000000,0,84693000000,243459000000,37860000000,3730000000,3730000000,0.35,0.35,0.17,9136000000,-2535000000,-11577000000,-6878000000,84622000000,2340000000,16.15,18.28,14.02,0.1066,0.0194,11,1.37,12.33,11.67,0.4922,2.0909,0.1623,0.0891,0.2,0.64,None
2011-09-30,10557351000,10557351000,1,737700000000,None,610927000000,None,124461000000,2312000000,0,85724000000,268270000000,35367000000,3224000000,2343000000,0.22,0.22,0.15,9083000000,1643000000,-9020000000,287000000,91499000000,1381000000,17.13,19.53,14.72,0.1119,0.0202,11.79,1.42,13.49,11.5,0.4437,2.1555,0.1687,0.0925,0.2,0.73,None
2011-06-30,10600337000,10600337000,1,739130000000,None,608733000000,None,128074000000,2323000000,0,82334000000,277855000000,35625000000,3764000000,3689000000,0.35,0.35,0.15,7444000000,3489000000,-3695000000,8890000000,91212000000,1637000000,19.41,20.85,17.97,0.111,0.0185,12.08,1.67,16.18,11.35,0.433,2.1695,0.1733,0.0898,0.2,0.55,None
2011-03-31,10605447000,10605447000,1,727837000000,None,602048000000,None,123535000000,2254000000,0,79212000000,287642000000,38448000000,3433000000,3358000000,0.32,0.31,0.14,7696000000,17285000000,-22571000000,3238000000,82322000000,1396000000,19.88,21.65,18.12,0.1088,0.0176,11.65,1.78,18.75,11.2,0.4145,2.3284,0.1697,0.0844,0.2,0.59,None
2010-12-31,10618489000,10618489000,1,751216000000,None,627018000000,None,118936000000,5262000000,0,74446000000,293323000000,40274000000,4535000000,4460000000,0.43,0.43,0.14,9647000000,-2104000000,-7860000000,575000000,79084000000,1283000000,17.06,18.49,15.63,0.0979,0.0153,11.2,1.57,18.75,11.06,0.4321,2.4662,0.1583,0.0755,0.2,0.79,None
2010-09-30,10654718000,10654718000,1,758824000000,None,638214000000,None,115536000000,5074000000,0,74359000000,307517000000,35888000000,2055000000,1980000000,0.18,0.18,0.12,9949000000,6806000000,-12892000000,4543000000,78509000000,791000000,15.22,16.7,13.75,0.0854,0.0132,10.84,1.43,15.85,10.92,0.4547,2.6617,0.1523,0.0651,0.2,0.86,None
2010-06-30,10691220000,10691220000,1,749930000000,None,629205000000,None,113934000000,6791000000,0,74040000000,298701000000,37444000000,3109000000,3034000000,0.28,0.28,0.1,9433000000,8725000000,-12795000000,4214000000,73966000000,813000000,16.98,19.7,14.27,0.0888,0.0137,10.66,1.57,18.46,10.8,0.4145,2.6217,0.1519,0.0672,0.2,0.81,None
2010-03-31,10676518000,10676518000,1,777355000000,None,654404000000,None,115195000000,7756000000,0,76455000000,317606000000,36605000000,1945000000,1870000000,0.17,0.17,0.1,7094000000,19009000000,-28039000000,-2692000000,69752000000,-295000000,17.05,18.94,15.15,0.0853,0.013,10.79,1.55,16.88,10.7,0.4323,2.7571,0.1482,0.0636,0.2,0.69,None
2009-12-31,10669821000,10669821000,1,781818000000,None,656682000000,None,117291000000,7845000000,0,77503000000,338215000000,41491000000,3049000000,2974000000,0.28,0.28,0.1,10642000000,8189000000,-7945000000,10886000000,72444000000,36000000,11.55,17.24,5.87,0.0958,0.0142,10.99,1.05,10.69,10.6,0.6039,2.8836,0.15,0.0684,0.2,0.99,None
2009-09-30,10647495000,10647495000,1,787846000000,None,662037000000,None,117529000000,8280000000,0,99890000000,358092000000,37799000000,2494000000,2419000000,0.23,0.23,0.1,8398000000,7659000000,-6999000000,9058000000,61558000000,265000000,12.18,14.55,9.8,0.1054,0.015,11.04,1.15,9.52,10.5,0.7569,3.0468,0.1492,0.0711,0.21,0.76,None
2009-06-30,10626842000,10626842000,1,778168000000,None,657709000000,None,112119000000,8340000000,0,99052000000,339420000000,39082000000,2671000000,2596000000,0.24,0.24,0.1,6017000000,11253000000,-11782000000,5488000000,52500000000,477000000,14.01,17.52,10.5,0.1243,0.0171,10.55,1.47,9.04,10.4,0.8009,3.0273,0.1441,0.0782,0.22,0.52,None
2009-03-31,10589575000,10589575000,1,760807000000,None,651331000000,None,101019000000,8457000000,0,95398000000,327658000000,38411000000,2811000000,2736000000,0.26,0.26,0.31,-464000000,15896000000,-16787000000,-1355000000,47012000000,1377000000,15.51,16.87,14.15,0.1452,0.0197,9.54,1.57,8.97,10.3,0.8033,3.2435,0.1328,0.0887,0.22,-0.17,None
2008-12-31,10560425000,10560425000,1,797769000000,None,684157000000,None,104665000000,8947000000,0,96736000000,330067000000,46117000000,3722000000,3722000000,0.42,0.35,0.31,20300000000,11233000000,356000000,31889000000,48367000000,837000000,34.7,37.74,31.65,0.1543,0.0211,9.91,3.08,16.76,9.99,0.7199,3.1536,0.1312,0.0954,0.22,1.84,None
2008-09-30,9955456000,9955456000,1,829550000000,None,708187000000,None,112327000000,9036000000,0,98654000000,329915000000,47234000000,4312000000,4312000000,0.43,0.43,0.31,10211000000,-11677000000,-1384000000,-2850000000,16478000000,1459000000,32.34,38.52,26.15,0.1768,0.0247,11.28,2.72,14.83,9.68,0.6048,2.9371,0.1354,0.111,0.22,0.88,None
2008-06-30,9948028000,9948028000,1,846988000000,None,719808000000,None,118386000000,8794000000,0,100371000000,351264000000,46891000000,5072000000,5072000000,0.51,0.51,0.31,11299000000,-18819000000,11261000000,3741000000,19328000000,2218000000,26.27,30.39,22.16,0.1872,0.0268,11.9,2.26,11.94,9.37,0.5587,2.9671,0.1398,0.1207,0.22,0.91,None
2008-03-31,9967400000,9967400000,1,833890000000,None,709656000000,None,116000000000,8234000000,0,99069000000,346680000000,42273000000,4304000000,4304000000,0.44,0.44,0.31,6791000000,-21638000000,14403000000,-444000000,15587000000,521000000,19.16,25.75,12.58,0.1908,0.0281,11.64,1.66,8.71,9.06,0.5401,2.9886,0.1391,0.1259,0.22,0.63,None
2007-12-31,9985669000,9985669000,1,795337000000,None,671774000000,None,115559000000,8004000000,0,97294000000,319015000000,47693000000,6741000000,6741000000,0.7,0.69,0.31,17298000000,-29995000000,8740000000,-3957000000,16031000000,5807000000,36.09,38.28,33.9,0.1933,0.0295,11.57,3.23,16.71,8.75,0.5257,2.7606,0.1453,0.1286,0.23,1.15,None
2007-09-30,10106209000,10106209000,1,761706000000,None,641367000000,None,112831000000,7508000000,0,94317000000,311220000000,42534000000,5539000000,5539000000,0.54,0.54,0.28,10237000000,-12411000000,6311000000,4137000000,19988000000,425000000,37.16,39.77,34.55,0.1932,0.0303,11.16,3.25,17.7,8.44,0.5198,2.7583,0.1481,0.1299,0.23,0.97,None
2007-06-30,10246177000,10246177000,1,738533000000,None,614319000000,None,117023000000,7191000000,0,92543000000,282790000000,42316000000,5420000000,5420000000,0.53,0.53,0.28,13490000000,-22843000000,5943000000,-3410000000,15850000000,2078000000,39.14,42.07,36.2,0.1879,0.0302,11.42,3.53,19.19,8.16,0.5244,2.4165,0.1585,0.1273,0.24,1.11,None
2007-03-31,10288157000,10288157000,1,714080000000,None,592059000000,None,114169000000,7852000000,0,89352000000,275071000000,40195000000,4508000000,4508000000,0.44,0.44,0.28,4942000000,-7175000000,7218000000,4985000000,19260000000,1100000000,39.11,42.15,36.07,0.1871,0.0303,11.1,3.58,19.65,7.88,0.5225,2.4093,0.1599,0.1262,0.24,0.37,None
2006-12-31,10283130000,10283130000,1,697239000000,None,577347000000,None,112314000000,7578000000,0,86433000000,260804000000,44621000000,6576000000,6576000000,0.63,0.65,0.28,8951000000,-16508000000,7864000000,307000000,14275000000,3235000000,33.92,35.63,32.21,0.1893,0.0307,10.92,3.14,20.43,7.6,0.5107,2.3221,0.1611,0.1275,0.24,0.56,None
2006-09-30,10308102000,10308102000,1,682065000000,None,562472000000,None,111382000000,8211000000,0,85468000000,242927000000,40693000000,4867000000,4867000000,0.48,0.48,0.25,9491000000,-15476000000,8701000000,2716000000,13968000000,2162000000,34.01,35.24,32.78,0.1618,0.0263,10.81,3.23,20.99,7.32,0.5863,2.181,0.1633,0.1212,0.22,0.71,None
2006-06-30,10323359000,10323359000,1,662437000000,None,545371000000,None,108792000000,8274000000,0,85583000000,236935000000,40048000000,4946000000,4946000000,0.48,0.47,0.25,6695000000,-13055000000,5491000000,-869000000,11252000000,2628000000,33.86,35.65,32.06,0.1594,0.0262,10.54,3.27,21.3,7.07,0.5783,2.1779,0.1642,0.1189,0.22,0.39,None
2006-03-31,10398398000,10398398000,1,674865000000,None,559197000000,None,107525000000,8143000000,0,82955000000,222970000000,38029000000,4440000000,4440000000,0.4,0.39,0.25,5509000000,-6363000000,1174000000,320000000,12121000000,1826000000,36.55,38.49,34.62,0.1554,0.025,10.34,3.48,23.28,6.82,0.5739,2.0737,0.1593,0.1157,0.22,0.35,None
2005-12-31,10423424768,10423424768,1,673321000000,None,555916000000,None,109351000000,8054000000,0,81726000000,212281000000,27033000000,3422000000,3422000000,0.33,0.32,0.25,7840000000,-13330000000,6364000000,874000000,11801000000,-1276000000,35.92,36.89,34.95,0.1493,0.0236,10.49,3.36,20.29,6.57,0.5742,1.9413,0.1624,0.1112,0.21,0.87,None
2005-09-30,10566167000,10566167000,1,662672000000,None,540315000000,None,112981000000,9376000000,0,83295000000,217600000000,41927000000,4677000000,4677000000,0.44,0.44,0.22,14273000000,-13706000000,-2534000000,-1967000000,10927000000,3534000000,35.75,37.34,34.15,0.1683,0.026,10.69,3.37,20.91,6.32,0.4934,1.926,0.1705,0.1128,0.23,1.02,None
2005-06-30,10600811000,10600811000,1,740362000000,None,610776000000,None,112384000000,17202000000,0,85477000000,219609000000,41556000000,4647000000,4647000000,0.44,0.44,0.22,5676000000,81000000,-5762000000,-5000000,12894000000,3215000000,34.31,35.78,32.85,0.1669,0.0248,10.6,3.22,20.79,6.1,0.4988,1.9541,0.1518,0.1115,0.22,0.23,None
2005-03-31,10605920000,10605920000,1,752223000000,None,620763000000,None,112872000000,18588000000,0,86724000000,212928000000,39726000000,3965000000,3965000000,0.37,0.37,0.22,9852000000,-8094000000,-4187000000,-2429000000,12899000000,2941000000,34.51,36.34,32.67,0.1656,0.0242,10.64,3.3,21.57,5.88,0.5068,1.8865,0.1501,0.1102,0.22,0.65,None
2004-12-31,10599919379,10599919379,1,750507000000,None,623303000000,None,110821000000,16383000000,0,83240000000,212670000000,44209000000,5604000000,5604000000,0.53,0.52,0.22,9505000000,-12383000000,8131000000,5253000000,15328000000,-1974000000,31.73,34.57,28.88,0.1693,0.0239,10.45,3.29,20.21,5.66,0.5114,1.919,0.1477,0.11,0.22,1.08,None
2004-09-30,10572133000,10572133000,1,704620000000,None,586526000000,None,101777000000,16317000000,0,81372000000,186336000000,38272000000,4051000000,4051000000,0.38,0.38,0.2,9627000000,-7066000000,-2751000000,-190000000,10075000000,2966000000,31.52,33.49,29.55,0.1725,0.0233,9.63,3.39,20.34,5.44,0.5252,1.8308,0.1444,0.1082,0.22,0.63,None
2004-06-30,10558247000,10558247000,1,697085000000,None,582072000000,None,98282000000,16731000000,0,80878000000,175658000000,37035000000,3924000000,3924000000,0.38,0.38,0.2,9341000000,-9169000000,-3278000000,-3106000000,10265000000,3905000000,32.98,34.53,31.42,0.1828,0.0233,9.31,3.89,21.28,5.24,0.5254,1.7873,0.141,0.1091,0.21,0.51,None
2004-03-31,10212648000,10212648000,1,662106000000,None,569329000000,None,86486000000,6291000000,0,57083000000,169472000000,33350000000,3240000000,3240000000,0.32,0.32,0.2,8011000000,-9796000000,2492000000,707000000,13371000000,2376000000,35.2,37.75,32.65,0.1966,0.0239,8.47,4.48,22.71,5.04,0.5163,1.9595,0.1306,0.1111,0.22,0.55,None
2003-12-31,10078668998,10078668998,1,647483000000,None,562523000000,None,79180000000,5780000000,0,55025000000,170004000000,37101000000,4560000000,4560000000,0.5,0.49,0.2,7385000000,-6903000000,3848000000,4330000000,12664000000,-1696000000,24.65,28,21.3,0.2069,0.0243,7.86,3.41,17.99,4.84,0.515,2.1471,0.1223,0.1118,0.22,0.9,None
2003-09-30,10040860000,10040860000,1,626933000000,None,548661000000,None,72481000000,5791000000,0,50086000000,162911000000,33394000000,3649000000,3649000000,0.36,0.36,0.19,11106000000,9188000000,-19111000000,1183000000,8334000000,2462000000,28.58,31.66,25.5,0.1974,0.0226,7.22,3.98,18.8,4.64,0.5618,2.2476,0.1156,0.1022,0.22,0.86,None
2003-06-30,10018846000,10018846000,1,614857000000,None,537433000000,None,71968000000,5456000000,0,50216000000,169002000000,33373000000,3794000000,3794000000,0.38,0.38,0.19,8299000000,-20726000000,10079000000,-2348000000,7151000000,2271000000,29.66,32.42,26.9,0.2116,0.024,7.18,4.47,18.77,4.45,0.5359,2.3483,0.117,0.1062,0.23,0.6,None
2003-03-31,9994362000,9994362000,1,583634000000,None,511763000000,None,66358000000,5513000000,0,48648000000,155701000000,30319000000,2999000000,2999000000,0.32,0.32,0.19,3499000000,-4462000000,1552000000,589000000,9499000000,1785000000,29.34,31.3,27.37,0.2328,0.0259,6.64,4.61,19.43,4.26,0.505,2.3464,0.1137,0.1111,0.23,0.17,None
2002-12-31,9993192236,9993192236,1,575244000000,None,506065000000,None,63706000000,5473000000,0,46180000000,140632000000,35378000000,3102000000,3102000000,0.31,0.31,0.19,8401000000,-22381000000,12413000000,-1567000000,8910000000,-970000000,38.17,41.84,34.49,0.2354,0.026,6.37,6.1,23.86,4.07,0.5149,2.2075,0.1107,0.1072,0.24,0.94,None
2002-09-30,9951061000,9951061000,1,555523000000,None,487827000000,None,62258000000,5438000000,0,44637000000,134036000000,32585000000,4087000000,4087000000,0.51,0.51,0.18,10241000000,-11793000000,2467000000,915000000,11126000000,2662000000,32.61,37.8,27.42,0.2589,0.0286,6.26,5.53,23.13,3.88,0.4789,2.1529,0.1121,0.1147,0.25,0.76,None
2002-06-30,9949471000,9949471000,1,540888000000,None,476840000000,None,58727000000,5321000000,0,43718000000,125206000000,33214000000,4426000000,4426000000,0.45,0.44,0.18,5457000000,-18696000000,14008000000,769000000,10211000000,2197000000,28,32.98,23.02,0.2545,0.0283,5.9,5.05,20,3.7,0.4919,2.132,0.1086,0.1112,0.25,0.33,None
2002-03-31,9937771000,9937771000,1,500736000000,None,440344000000,None,55171000000,5221000000,0,31715000000,93880000000,30521000000,2503000000,2503000000,0.25,0.25,0.18,5389000000,-9079000000,4050000000,360000000,9442000000,3455000000,24.69,27.98,21.4,0.2523,0.0286,5.55,4.47,17.51,3.52,0.4962,1.7016,0.1102,0.1081,0.26,0.19,None
2001-12-31,9935629691,9935629691,1,495023000000,None,434984000000,None,54824000000,5215000000,0,31649000000,79806000000,33975000000,3933000000,3933000000,0.39,0.4,0.18,8525000000,-18685000000,10408000000,248000000,9082000000,-3437000000,41.98,47.99,35.98,0.2587,0.0298,5.52,7.77,30.64,3.34,0.4791,1.4557,0.1108,0.1087,0.27,1.2,None
2001-09-30,9927381000,9927381000,1,460097000000,None,401638000000,None,53597000000,4862000000,0,28106000000,81035000000,29468000000,3281000000,3281000000,0.33,0.32,0.16,7402000000,-9042000000,2474000000,834000000,8834000000,3882000000,45.73,52.9,38.57,0.2574,0.03,5.4,8.69,33.38,3.16,0.4766,1.5119,0.1165,0.1051,0.29,0.35,None
2001-06-30,9934846000,9934846000,1,445347000000,None,388216000000,None,52249000000,4882000000,0,27475000000,78638000000,31977000000,3897000000,3897000000,0.44,0.43,0.16,11818000000,-9933000000,-2062000000,-177000000,8000000000,5231000000,38.92,49.59,28.25,0.2628,0.0302,5.26,7.59,30.65,3,0.4651,1.5051,0.1173,0.1022,0.3,0.66,None
2001-03-31,9933071000,9933071000,1,437985000000,None,382141000000,None,50930000000,4914000000,0,27156000000,80239000000,30493000000,2573000000,2573000000,0.26,0.26,0.16,4450000000,-2454000000,-2014000000,-18000000,8177000000,2499000000,38.73,41.59,35.88,0.2607,0.0294,5.13,7.62,30.5,2.84,0.468,1.5755,0.1163,0.0976,0.3,0.2,None
2000-12-31,9932928724,9932928724,1,437006000000,None,381578000000,None,50492000000,4936000000,0,27441000000,82132000000,34981000000,3585000000,3585000000,0.36,0.36,0.16,11429000000,-13893000000,1878000000,-586000000,8195000000,-2548000000,53.56,59.94,47.19,0.27,0.0297,5.08,11.11,43.9,2.68,0.4435,1.6266,0.1155,0.0981,0.3,1.41,None
2000-09-30,9908802000,9908802000,1,431141000000,None,378518000000,None,47745000000,4878000000,0,27136000000,75813000000,32014000000,3180000000,3180000000,0.33,0.32,0.14,5689000000,-11902000000,2909000000,-3304000000,8781000000,3038000000,55,60.5,49.5,0.2709,0.0291,4.82,11.85,47.28,2.52,0.4421,1.5879,0.1107,0.0958,0.3,0.27,None
2000-06-30,9898772347,9898772347,1,424040000000,None,373182000000,None,45925000000,4933000000,0,27241000000,77603000000,32862000000,3378000000,3378000000,0.34,0.33,0.14,3894000000,-11361000000,1490000000,-5977000000,12085000000,3936000000,51.83,55.98,47.69,0.2709,0.0287,4.64,11.52,46.41,2.38,0.4414,1.6898,0.1083,0.0953,0.3,-0,None
2000-03-31,9893426173,9893426173,1,421637000000,None,372254000000,None,44498000000,4885000000,0,27159000000,73413000000,29996000000,2592000000,2592000000,0.26,0.26,0.13,1678000000,-543000000,8373000000,9508000000,18062000000,2774000000,48.31,54.96,41.67,0.2677,0.0283,4.5,11.23,45.01,2.24,0.4422,1.6498,0.1055,0.095,0.3,-0.11,None
1999-12-31,3295312114,9885936342,3,405200000000,None,357429000000,None,42557000000,5214000000,0,26010000000,71427000000,32855000000,3089000000,3089000000,0.94,0.93,0.41,8463000000,-19950000000,13929000000,2442000000,8554000000,611000000,45.69,53.17,38.21,0.2664,0.0283,4.3,11.23,44.22,2.11,0.4471,1.6784,0.105,0.096,0.29,0.79,None
1999-09-30,3277653000,9832959000,3,380224000000,None,335062000000,None,39973000000,5189000000,0,25567000000,66338000000,27200000000,2653000000,2653000000,0.81,0.79,0.35,5810000000,-6219000000,1422000000,1013000000,6112000000,3790000000,37.51,40.83,34.19,0.262,0.0281,4.07,9.31,37.64,1.97,0.4454,1.6596,0.1051,0.0959,0.29,0.21,None
1999-06-30,3280189000,9840567000,3,368383000000,None,323660000000,None,39611000000,5112000000,0,24727000000,60852000000,27410000000,2820000000,2820000000,0.86,0.85,0.35,6050000000,-9725000000,4178000000,503000000,5099000000,3183000000,36.21,39.15,33.27,0.2572,0.028,4.03,9.17,37.72,1.86,0.4451,1.5362,0.1075,0.0952,0.29,0.29,None
1999-03-31,3271879000,9815637000,3,361736000000,None,318262000000,None,38793000000,4681000000,0,24330000000,60502000000,24165000000,2155000000,2155000000,0.66,0.65,0.35,4270000000,-6285000000,2294000000,279000000,4596000000,1656000000,34.74,38.06,31.42,0.2542,0.0279,3.95,8.77,37.22,1.74,0.4443,1.5596,0.1072,0.0937,0.3,0.27,None
1998-12-31,3275235004,9825705012,3,355935000000,None,312780000000,None,38880000000,4275000000,0,23635000000,59663000000,28637000000,2671000000,2671000000,0.81,0.81,0.35,7087000000,-16088000000,7551000000,-1450000000,4317000000,-396000000,26.32,29.21,23.42,0.2541,0.0282,3.96,6.94,29.24,1.62,0.4389,1.5345,0.1092,0.0925,0.3,0.76,None
1998-09-30,3267714205,9803142615,3,334575000000,None,293258000000,None,37165000000,4152000000,0,21377000000,57436000000,24136000000,2284000000,2284000000,0.7,0.68,0.3,4949000000,-10778000000,7734000000,1905000000,5767000000,-4127000000,28.79,30.67,26.9,0.253,0.0283,3.79,7.89,32.72,1.51,0.4359,1.5454,0.1111,0.0911,0.31,0.93,None
1998-06-30,3253684802,9761054406,3,318882000000,None,279337000000,None,35585000000,3960000000,0,19939000000,48764000000,25070000000,2450000000,2450000000,0.75,0.74,0.3,3717000000,-8893000000,3619000000,-1557000000,3862000000,5620000000,28.25,32.29,24.21,0.2515,0.0286,3.65,7.96,33.11,1.41,0.4345,1.3704,0.1116,0.0903,0.32,-0.19,None
1998-03-31,3258023410,9774070230,3,309754000000,None,271222000000,None,34719000000,3813000000,0,19675000000,43781000000,22626000000,1891000000,1891000000,0.58,0.57,0.3,3607000000,-4374000000,325000000,-442000000,5419000000,3842000000,28.82,34.65,23,0.2504,0.0286,3.55,8.19,34.58,1.31,0.4343,1.261,0.1121,0.0902,0.32,-0.02,None
1997-12-31,3260410586,9781231758,3,304012000000,None,265892000000,None,34438000000,3682000000,0,19121000000,46603000000,26695000000,2350000000,2350000000,0.71,None,0.3,4629000000,-8610000000,5553000000,1572000000,5861000000,133000000,17.02,18.06,15.98,0.252,0.0288,3.52,4.96,21.14,1.21,0.43,1.3532,0.1133,0.0903,0.32,0.46,None
1997-09-30,3272727154,9818181462,3,285354000000,None,248553000000,None,33696000000,3105000000,0,16180000000,47501000000,21991000000,2014000000,2014000000,0.62,None,0.26,2155000000,-3270000000,1598000000,483000000,4289000000,2197000000,19.47,22.75,16.19,0.2496,0.0286,3.43,6.03,24.96,1.11,0.4296,1.4097,0.1181,0.0909,0.31,-0,None
1997-06-30,3266090538,9798271614,3,278897000000,None,244141000000,None,31622000000,3134000000,0,15987000000,46792000000,21997000000,2162000000,2162000000,0.66,None,0.26,5013000000,-5025000000,197000000,185000000,3806000000,2065000000,22.66,24.88,20.44,0.2498,0.0287,3.23,7.29,30.15,1.02,0.43,1.4797,0.1134,0.0903,0.32,0.3,None
1997-03-31,3266384877,9799154631,3,270068000000,None,236486000000,None,30464000000,3118000000,0,15968000000,46364000000,20157000000,1677000000,1677000000,0.51,None,0.26,2443000000,-1370000000,-1643000000,-570000000,3621000000,1742000000,22.59,25.52,19.67,0.2462,0.0288,3.11,7.15,30.8,0.93,0.4327,1.5219,0.1128,0.0905,0.32,0.07,None
1996-12-31,1640183273,9841099638,6,272402000000,None,238270000000,None,31125000000,3007000000,0,16007000000,49246000000,22994000000,2067000000,2067000000,1.25,None,0.52,6906000000,-7166000000,-221000000,-481000000,4191000000,-4797000000,12.5,13.42,11.58,0.2433,0.0293,3.16,4.11,17.61,0.85,0.4304,1.5822,0.1143,0.0919,0.32,1.19,None
1996-09-30,1646420550,9878523300,6,249182000000,None,216130000000,None,29999000000,3053000000,0,13914000000,48799000000,20021000000,1788000000,1788000000,1.09,None,0.46,5128000000,-5825000000,2098000000,1401000000,4672000000,3996000000,13.52,14.69,12.35,0.2396,0.0298,3.04,4.57,19.64,0.76,0.4302,1.6267,0.1204,0.0932,0.32,0.11,None
1996-06-30,1651254916,9907529496,6,242081000000,None,209838000000,None,29296000000,2947000000,0,13192000000,49775000000,19066000000,1908000000,1908000000,1.15,None,0.46,3469000000,-4390000000,1022000000,101000000,3271000000,5489000000,14.16,15.33,12.98,0.237,0.0302,2.96,4.82,21.24,0.68,0.4308,1.699,0.121,0.0942,0.32,-0.2,None
1996-03-31,1659755210,9958531260,6,230213000000,None,197971000000,None,29271000000,2971000000,0,12241000000,52306000000,17098000000,1517000000,1517000000,0.91,None,0.46,2348000000,-2831000000,830000000,347000000,3170000000,1709000000,16.39,17.69,15.08,0.2329,0.0306,2.94,5.52,25.22,0.61,0.4321,1.787,0.1271,0.0933,0.33,0.06,None
1995-12-31,1662526982,9975161892,6,228035000000,None,195470000000,None,29609000000,2956000000,0,13342000000,51027000000,19752000000,1865000000,1865000000,1.11,None,0.46,5645000000,-9668000000,3687000000,-336000000,2823000000,-5695000000,8.82,9.33,8.31,0.2318,0.0311,2.97,3.13,16.23,0.53,0.4311,1.7234,0.1298,0.0939,0.33,1.14,None
1995-09-30,1670275112,10021650672,6,214931000000,None,184098000000,None,28274000000,2559000000,0,12739000000,49853000000,17341000000,1610000000,1610000000,0.96,None,0.41,3188000000,-5139000000,1995000000,44000000,3159000000,3152000000,9.39,9.88,8.9,0.1988,0.027,2.82,3.35,18.23,0.45,0.5049,1.7632,0.1315,0.0858,0.31,0,None
1995-06-30,1682427293,10094563758,6,205002000000,None,174209000000,None,28242000000,2551000000,0,12294000000,48011000000,17809000000,1726000000,1726000000,1.02,None,0.41,3459000000,-5152000000,2051000000,358000000,3115000000,4214000000,10.09,10.77,9.4,0.1925,0.0246,2.8,3.76,20.45,0.39,0.515,1.7,0.1378,0.0835,0.29,-0.07,None
1995-03-31,1693877732,10163266392,6,198020000000,None,168692000000,None,27279000000,2049000000,0,11886000000,45570000000,15126000000,1372000000,1372000000,0.81,None,0.41,2654000000,-5258000000,2770000000,166000000,2757000000,3234000000,11.18,12.19,10.17,0.1882,None,2.68,4.32,24.22,0.32,0.5213,1.6705,0.1378,0.0824,0.27,-0.06,None
1994-12-31,1696558648,10179351888,6,194484000000,None,166250000000,None,26387000000,1847000000,0,11373000000,36979000000,13578000000,768000000,768000000,0.47,None,0.41,6552000000,-7158000000,16000000,-590000000,2591000000,209000000,8.59,9.15,8.04,0.18,None,2.59,3.28,None,0.25,0.5381,1.4014,0.1357,0.0786,0.25,0.62,None
1994-09-30,1709660247,10257961482,6,254873000000,None,226061000000,None,26876000000,1936000000,0,10794000000,35810000000,16153000000,1368000000,1368000000,0.79,0.79,0.36,3229000000,-5203000000,1946000000,-28000000,3343000000,2328000000,7.95,8.4,7.5,None,None,2.62,3.09,None,0.18,None,1.3324,0.1054,None,None,0.09,None
1994-06-30,1712367373,10274204238,6,261903000000,None,233597000000,None,26384000000,1922000000,0,10757000000,32631000000,16196000000,1522000000,1522000000,0.89,None,0.36,3952000000,-2515000000,-590000000,847000000,3371000000,1231000000,8.13,8.56,7.71,None,None,2.57,3.29,None,0.12,None,1.2368,0.1007,None,None,0.26,None
1994-03-31,1710386995,10262321970,6,270090000000,None,242822000000,None,25395000000,1873000000,0,10683000000,29326000000,14182000000,1068000000,1068000000,0.62,None,0.36,-341000000,-1535000000,1182000000,-694000000,2524000000,1218000000,8.11,8.65,7.56,None,None,2.47,3.22,None,0.06,None,1.1548,0.094,None,None,-0.15,None
1993-12-31,853832790,10245993480,12,251506000000,None,224026000000,None,25824000000,1656000000,0,10364000000,28270000000,None,None,None,None,None,0,None,None,None,None,3218000000,0,7.16,7.58,6.73,None,None,2.52,None,None,0,None,1.0947,0.1027,None,None,None,None
