"Quarter end","Shares","Shares split adjusted","Split factor","Assets","Current Assets","Liabilities","Current Liabilities","Shareholders equity","Non-controlling interest","Preferred equity","Goodwill & intangibles","Long-term debt","Revenue","Earnings","Earnings available for common stockholders","EPS basic","EPS diluted","Dividend per share","Cash from operating activities","Cash from investing activities","Cash from financing activities","Cash change during period","Cash at end of period","Capital expenditures","Price","Price high","Price low","ROE","ROA","Book value of equity per share","P/B ratio","P/E ratio","Cumulative dividends per share","Dividend payout ratio","Long-term debt to equity ratio","Equity to assets ratio","Net margin","Asset turnover","Free cash flow per share","Current ratio"
2019-06-30,214890746,214890746,1,126550900000,None,115745400000,None,10805500000,0,1375500000,130000000,1634600000,1506600000,389400000,389400000,1.76,1.75,0.6,84800000,-4276300000,4431000000,274200000,5348300000,145500000,91.93,99.82,84.04,0.16,0.0119,43.88,2.06,14.06,24.12,0.3387,0.1733,0.0745,0.2482,0.05,-0.28,None
2019-03-31,217676589,217676589,1,121869400000,None,111253200000,None,10616200000,0,882000000,815400000,1652500000,1480900000,347100000,329800000,1.49,1.48,0.6,293700000,11607600000,-11446400000,492500000,5074100000,91000000,89.33,96.9,81.75,0.161,0.0117,44.72,2.23,13.45,23.52,0.316,0.1698,0.0799,0.2474,0.05,0.93,None
2018-12-31,218411773,218411773,1,132212500000,None,121704200000,None,10508300000,0,1764000000,807900000,1767900000,1503800000,409900000,404000000,1.81,1.8,0.55,459100000,-1021100000,77800000,-491800000,4581600000,177900000,91.6,107.24,75.96,0.1665,0.0118,40.04,2.23,14.43,22.92,0.2849,0.2022,0.0661,0.2533,0.05,1.29,None
2018-09-30,221395358,221395358,1,132378500000,None,122014000000,None,10364500000,0,1270500000,817300000,1794800000,1474300000,374500000,357200000,1.59,1.58,0.55,1453900000,1730700000,-2939600000,185300000,5073400000,130600000,108.66,115.61,101.72,0.162,0.0112,41.08,2.67,18.2,22.37,0.2781,0.1974,0.0687,0.2477,0.04,5.98,None
2018-06-30,223281786,223281786,1,135106200000,None,124748600000,None,10357600000,0,1270500000,822600000,2174800000,1506100000,390400000,384500000,1.69,1.68,0.42,332300000,-7538700000,6210800000,-1193300000,4888100000,111700000,104.8,109.69,99.9,0.1527,0.0107,40.7,2.52,19.37,21.82,0.2744,0.2393,0.0673,0.24,0.04,0.99,None
2018-03-31,224991295,224991295,1,129672200000,None,119446200000,None,10226000000,0,882000000,771900000,2244100000,1476000000,381600000,364300000,1.59,1.58,0.42,-477800000,11156200000,-9167200000,1563300000,6081400000,85800000,102.6,110.81,94.39,0.1403,0.0099,41.53,2.75,20.85,21.4,0.2956,0.2402,0.0721,0.226,0.04,-2.5,None
2017-12-31,226325851,226325851,1,138590500000,None,128374300000,None,10216200000,0,1764000000,767000000,2372500000,1424500000,356600000,350700000,1.52,1.51,0.42,850700000,-8055900000,6436100000,-744800000,4518100000,120900000,96.25,101.45,91.06,0.129,0.0093,37.35,2.36,21.15,20.98,0.3173,0.2807,0.061,0.2138,0.04,3.22,None
2017-09-30,227421128,227421128,1,131400200000,None,121235000000,None,10165200000,0,882000000,564400000,2663400000,1345200000,298400000,281100000,1.21,1.2,0.42,557100000,-5667700000,4632500000,-431900000,5262900000,132500000,92.5,99.3,85.69,0.1181,0.0089,40.82,2.4,20.88,20.56,0.3347,0.2869,0.0706,0.2051,0.04,1.87,None
2017-06-30,228485957,228485957,1,125605700000,None,115537800000,None,10067900000,0,1270500000,562800000,2671700000,1321200000,267900000,262000000,1.12,1.12,0.38,-472100000,-1324500000,2891700000,1045600000,5694800000,125200000,91.83,98.72,84.93,0.1168,0.0087,38.5,2.32,20.87,20.14,0.3351,0.3037,0.07,0.2047,0.04,-2.61,None
2017-03-31,229585949,229585949,1,121488700000,None,111511000000,None,9977700000,0,882000000,560400000,2421800000,1284400000,276100000,255400000,1.1,1.09,0.38,784700000,1026500000,-2707600000,-682800000,4649200000,94200000,86.53,91.14,81.92,0.1167,0.0088,39.62,2.23,20.03,19.76,0.3323,0.2663,0.0749,0.2034,0.04,3.01,None
2016-12-31,228791961,228791961,1,123926900000,None,114156500000,None,9770400000,0,882000000,561200000,2530900000,1241400000,272400000,266600000,1.15,1.14,0.38,838500000,-4939400000,4715400000,439300000,5332000000,165000000,78.89,90.96,66.83,0.1167,0.0085,38.85,2.05,18.92,19.38,0.3337,0.2847,0.0717,0.2034,0.04,2.94,None
2016-09-30,226431104,226431104,1,120085000000,None,110505200000,None,9579800000,0,882000000,569800000,1400900000,1213700000,257600000,251700000,1.09,1.08,0.38,1184600000,-322300000,-1307300000,-419400000,4892700000,122600000,66.76,71.66,61.86,0.1147,0.0084,38.41,1.77,16.48,19,0.3404,0.1611,0.0724,0.2001,0.04,4.69,None
2016-06-30,226590921,226590921,1,121509600000,None,112558100000,None,8951500000,0,388500000,574900000,1418800000,1316700000,260700000,254900000,1.1,1.09,0.36,-214000000,-5583600000,4125400000,-1666800000,5312100000,108800000,68.09,74.86,61.32,0.113,0.0082,37.79,1.84,16.77,18.62,0.3456,0.1657,0.0705,0.1978,0.04,-1.42,None
2016-03-31,228163712,228163712,1,117798800000,None,108966000000,None,8832800000,0,388500000,568900000,0,1190000000,241800000,235900000,1.01,1.01,0.36,-299100000,653200000,3400000,560400000,7005000000,77000000,62.75,71.13,54.38,0.1147,0.0083,37.01,1.73,15.73,18.26,0.3449,0,0.0717,0.2021,0.04,-1.65,None
2015-12-31,228984161,228984161,1,116749600000,None,108043700000,None,8705900000,0,388500000,572900000,0,1156700000,239300000,233400000,1,0.99,0.36,1350600000,3609900000,-3035300000,1958700000,6444600000,149200000,70.44,76.11,64.77,0.1142,0.0084,36.32,1.94,17.7,17.9,0.3436,0,0.0712,0.2021,0.04,5.25,None
2015-09-30,231220304,231220304,1,119995200000,None,111210700000,None,8784500000,0,388500000,578900000,0,1155500000,234600000,228800000,0.97,0.96,0.36,-1043400000,-2849900000,1339500000,-2667000000,4485900000,92900000,72.21,79.25,65.17,0.1152,0.0086,36.31,2.01,18.71,17.54,0.3375,0,0.07,0.2035,0.04,-4.91,None
2015-06-30,232852813,232852813,1,119942900000,None,111193600000,None,8749300000,0,388500000,585500000,0,1255900000,269200000,263400000,1.11,1.1,0.36,1036400000,-10466600000,12421200000,3078100000,7152900000,97500000,73.88,78.88,68.88,0.1131,0.0085,35.91,2.1,21.05,17.18,0.3404,0,0.0697,0.2016,0.04,4.03,None
2015-03-31,233368512,233368512,1,106952000000,None,98344400000,None,8607600000,0,388500000,579900000,0,1134500000,230700000,224800000,0.95,0.94,0.33,490800000,2805900000,-2191300000,1024200000,4074800000,93900000,66.91,72.72,61.1,0.1042,0.0079,35.22,1.94,20.15,16.82,0.366,0,0.0768,0.1911,0.04,1.7,None
2014-12-31,233486704,233486704,1,109946500000,None,101497600000,None,8448900000,0,388500000,593200000,0,1130100000,244000000,234500000,0.98,0.98,0.33,-337500000,853500000,-417400000,131700000,3050600000,123300000,64.97,69.15,60.78,0.0996,0.0075,34.52,1.88,21.37,16.49,0.3812,0,0.0733,0.1852,0.04,-1.97,None
2014-09-30,235505008,235505008,1,111153700000,None,102611100000,None,8542600000,0,388500000,603900000,0,1078900000,204500000,204500000,0.85,0.84,0.33,-266500000,-5981300000,5276100000,-1026300000,2918900000,94200000,66.97,70.84,63.11,0.092,0.007,34.62,1.96,22.03,16.16,0.4099,0,0.0734,0.1737,0.04,-1.53,None
2014-06-30,235584991,235584991,1,105761200000,None,97718600000,None,8042600000,0,0,617600000,0,1081700000,181900000,181900000,0.76,0.75,0.33,1001500000,-2262500000,1426900000,268900000,3945200000,103600000,62.14,65.98,58.3,0.0933,0.0072,34.14,1.85,20.24,15.83,0.4039,0,0.076,0.1755,0.04,3.81,None
2014-03-31,236481078,236481078,1,103832600000,None,95884300000,None,7948300000,0,0,619800000,0,1040500000,181400000,181400000,0.75,0.75,0.31,538500000,-822100000,788100000,513900000,3676300000,88400000,62.74,67.17,58.31,0.0954,0.0075,33.61,1.88,20.98,15.5,0.3946,0,0.0765,0.1803,0.04,1.9,None
2013-12-31,237309755,237309755,1,102947300000,None,95035300000,None,7912000000,0,0,623700000,0,1045200000,169700000,169700000,0.7,0.7,0.31,-121600000,-6193300000,6814100000,471700000,3162400000,176100000,57.2,62,52.4,0.0942,0.0075,33.34,1.75,19.19,15.19,0.4018,0,0.0769,0.1788,0.04,-1.25,None
2013-09-30,238983842,238983842,1,95969500000,None,88152400000,None,7817100000,0,0,625500000,0,1047200000,206500000,206500000,0.85,0.84,0.31,2242600000,-2201100000,-1989300000,-1940200000,2690700000,46400000,57.97,62.02,53.92,0.0951,0.0076,32.71,1.8,20.2,14.88,0.4004,0,0.0815,0.1817,0.04,9.19,None
2013-06-30,240137628,240137628,1,97236000000,None,89511400000,None,7724600000,0,0,622900000,0,1020500000,191100000,191100000,0.78,0.78,0.31,-1594200000,-1727800000,4231100000,857400000,4630900000,90100000,55.61,59.33,51.9,0.0923,0.0074,32.17,1.75,19.72,14.57,0.4132,0,0.0794,0.1781,0.04,-7.01,None
2013-03-31,239239836,239239836,1,93156800000,None,85544700000,None,7612100000,0,0,626500000,0,976400000,164000000,164000000,0.68,0.67,0.3,312500000,4438900000,-4667600000,20800000,3773500000,72300000,52.39,55.5,49.27,0.0918,0.0073,31.82,1.66,18.64,14.26,0.4168,0,0.0817,0.1766,0.04,1,None
2012-12-31,239157282,239157282,1,97463800000,None,89936800000,None,7527000000,0,0,641800000,0,969700000,167700000,167700000,0.7,0.69,0.3,23200000,-3705300000,3978600000,356000000,3752700000,135200000,48.2,50.46,45.93,0.0927,0.0073,31.47,1.53,18.12,13.96,0.4123,0,0.0772,0.1764,0.04,-0.47,None
2012-09-30,239799129,239799129,1,93632500000,None,86100300000,None,7532200000,0,0,646600000,0,972500000,178800000,178800000,0.73,0.73,0.3,251900000,724000000,-1173500000,-197600000,3396700000,62700000,46.69,49.68,43.69,0.0888,0.0068,31.41,1.52,17.75,13.66,0.4296,0,0.0804,0.1674,0.04,0.79,None
2012-06-30,240516692,240516692,1,94455900000,None,87065600000,None,7390300000,0,0,645400000,0,988500000,179600000,179600000,0.73,0.73,0.3,-218300000,-3294200000,2909300000,-686000000,3594300000,57300000,44.71,48.31,41.11,0.0888,0.0067,30.73,1.49,17.74,13.36,0.4282,0,0.0782,0.1653,0.04,-1.15,None
2012-03-31,241149572,241149572,1,91604300000,None,84381100000,None,7223200000,0,0,656500000,0,965400000,161200000,161200000,0.66,0.66,0.28,757600000,7903100000,-8787300000,-35000000,4280300000,57300000,44,48.15,39.86,0.0861,0.0064,29.95,1.49,17.81,13.06,0.4399,0,0.0789,0.16,0.04,2.9,None
2011-12-31,241114976,241114976,1,100223700000,None,93106400000,None,7117300000,0,0,655400000,0,955700000,130200000,130200000,0.53,0.54,0.28,1391300000,-6472100000,5155400000,-21300000,4315300000,96200000,37.95,42.7,33.2,0.0855,0.0062,29.52,1.28,14.77,12.78,0.4476,0,0.071,0.1601,0.04,5.37,None
2011-09-30,240996807,240996807,1,96098200000,None,88945400000,None,7152800000,0,0,664100000,0,971500000,170400000,170400000,0.7,0.7,0.28,-700200000,2215900000,-2061600000,-762500000,4336600000,177200000,41.02,48.53,33.51,0.0903,0.0068,29.68,1.41,16.34,12.5,0.4289,0,0.0744,0.1704,0.04,-3.64,None
2011-06-30,240992368,240992368,1,97398300000,None,90372900000,None,7025400000,0,0,528100000,0,944800000,152000000,152000000,0.62,0.62,0.28,490300000,-3126500000,4025200000,1506300000,5099100000,88800000,48.58,52.57,44.58,0.0894,0.0069,29.15,1.7,17.93,12.22,0.4398,0,0.0721,0.1697,0.04,1.67,None
2011-03-31,241803134,241803134,1,92679200000,None,85751000000,None,6928200000,0,0,457000000,0,897900000,151000000,151000000,0.62,0.61,0.28,72900000,-8005700000,8684600000,774800000,3592800000,8900000,52.89,56.86,48.93,0.0977,0.0079,28.65,1.87,19.3,11.94,0.4087,0,0.0748,0.1818,0.04,0.26,None
2010-12-31,242099960,242099960,1,83843900000,None,77013600000,None,6830300000,0,0,454100000,0,886600000,157100000,157100000,0.63,0.64,0.28,-129200000,-4072400000,3461400000,-671500000,2818000000,31900000,51.53,56.05,47.02,0.1004,0.0083,28.21,1.84,17.65,11.66,0.4049,0,0.0815,0.1835,0.05,-0.67,None
2010-09-30,242193970,242193970,1,80723400000,None,73954700000,None,6768700000,0,0,448800000,0,899000000,155600000,155600000,0.64,0.64,0.28,152000000,-477100000,152800000,-34700000,3489500000,28300000,48.08,50.85,45.3,0.109,0.0089,27.95,1.76,15.76,11.38,0.3803,0,0.0839,0.1925,0.05,0.51,None
2010-06-30,242090858,242090858,1,80048900000,None,73429300000,None,6619600000,0,0,444000000,0,964200000,199600000,199600000,0.82,0.82,0.28,732600000,-2724500000,2896800000,872500000,3524200000,10900000,52.98,59.36,46.6,0.1164,0.0094,27.34,1.99,16.66,11.1,0.3635,0,0.0827,0.2003,0.05,2.98,None
2010-03-31,241849640,241849640,1,76318600000,None,69871500000,None,6447100000,0,0,394000000,0,897900000,157200000,157200000,0.65,0.64,0.28,34800000,5506000000,-5365900000,159900000,2651700000,19400000,52.7,56.5,48.89,0.1229,0.011,26.66,2.02,16.73,10.82,0.3508,0,0.0845,0.2035,0.05,0.06,None
2009-12-31,241804518,241804518,1,82141500000,None,75829400000,None,6312100000,0,0,401600000,0,940400000,200300000,200300000,0.83,0.82,0.28,322200000,-4699400000,3980600000,-394100000,2491800000,26000000,53.78,60.84,46.72,0.1272,0.011,26.1,2.09,14.27,10.54,0.3526,0,0.0768,0.1989,0.05,1.22,None
2009-09-30,241505420,241505420,1,77901500000,None,71678200000,None,6223300000,0,0,401400000,0,917700000,187900000,187900000,0.77,0.77,0.28,349300000,-2808300000,2762000000,354600000,2885900000,19300000,57.18,62.35,52.01,0.1608,0.0128,25.77,2.25,24.54,10.26,0.2909,0,0.0799,0.2247,0.05,1.37,None
2009-06-30,241402594,241402594,1,75045200000,None,68916500000,None,6128700000,0,0,405300000,0,1035200000,314200000,226100000,0.95,0.95,0.28,-103600000,4406700000,-3954700000,427200000,2531300000,37100000,57.93,66.08,49.78,0.1071,0.0085,25.39,2.58,24.76,9.98,0.4567,0,0.0817,0.14,0.05,-0.58,None
2009-03-31,223669263,223669263,1,78464600000,None,71939900000,None,6524700000,0,1504600000,387400000,0,893600000,161800000,138800000,0.62,0.61,0.28,446800000,1422400000,-2366700000,-544100000,2104100000,50200000,54.48,65.64,43.32,0.1113,0.0073,22.44,2.49,15.84,9.7,0.455,0,0.064,0.1358,0.05,1.77,None
2008-12-31,223461415,223461415,1,82053600000,None,75664200000,None,6389400000,0,1501300000,389400000,0,1137500000,342300000,342300000,1.47,1.44,0.28,-63900000,-3496900000,2476800000,-1127500000,2648200000,37900000,54.11,74.34,33.88,0.1635,0.0101,21.87,2.5,21.22,9.42,0.3127,0,0.0596,0.1858,0.05,-0.46,None
2008-09-30,223034210,223034210,1,79244000000,None,74408000000,None,4836000000,0,0,410000000,0,926200000,-148300000,-148300000,-0.67,-0.67,0.28,347300000,-5391300000,3325300000,-1875900000,3775700000,21800000,68.41,88.92,47.89,0.1211,0.0077,21.68,3.05,16.48,9.14,0.429,0,0.061,0.1409,0.05,1.46,None
2008-06-30,221046920,221046920,1,74806900000,None,69842800000,None,4964100000,0,0,425400000,0,1081400000,215600000,215600000,0.98,0.96,0.28,300800000,2987700000,-1610600000,1590100000,5651600000,21400000,71.45,78,64.9,0.201,0.0132,22.46,3.3,17.38,8.87,0.2572,0,0.0664,0.2308,0.06,1.26,None
2008-03-31,220135659,220135659,1,77480300000,None,72721900000,None,4758400000,0,0,424900000,0,1133400000,385200000,385200000,1.75,1.71,0.28,271100000,-8446700000,8184600000,139900000,4061500000,21200000,69.83,77.13,62.54,0.2073,0.0138,21.62,3.41,21.55,8.59,0.2522,0,0.0614,0.2414,0.06,1.14,None
2007-12-31,220543127,220543127,1,67611200000,None,63102100000,None,4509100000,0,0,425800000,0,958100000,125000000,125000000,0.57,0.55,0.28,278500000,-4694200000,4433300000,50100000,3921600000,36500000,74.63,83.17,66.08,0.1696,0.0116,20.45,3.77,21.63,8.31,0.3118,0,0.0667,0.2072,0.06,1.1,None
2007-09-30,219942279,219942279,1,63098900000,None,58739500000,None,4359400000,0,0,0,0,873700000,208300000,208300000,0.95,0.93,0.25,234800000,-2365700000,2438200000,352500000,3871500000,13900000,63.7,68.67,58.73,0.1865,0.0127,19.82,3.32,19.54,8.03,0.2843,0,0.0691,0.2335,0.05,1,None
2007-06-30,220093384,220093384,1,59609700000,None,55382500000,None,4227200000,0,0,0,0,869000000,206900000,206900000,0.94,0.92,0.25,256100000,856100000,-173100000,947500000,3519000000,23600000,62.76,66.15,59.37,0.1803,0.0124,19.21,3.41,20.25,7.78,0.2951,0,0.0709,0.2297,0.05,1.06,None
2007-03-31,219407279,219407279,1,59532400000,None,55489000000,None,4043400000,0,0,0,0,808200000,186700000,186700000,0.85,0.84,0.25,111300000,-1265400000,-1238000000,-2389500000,2571500000,15500000,60.01,63.49,56.52,0.1752,0.012,18.43,3.34,20,7.53,0.3046,0,0.0679,0.224,0.05,0.44,None
2006-12-31,219280820,219280820,1,60712200000,None,56768300000,None,3943900000,0,0,0,0,758700000,170800000,170800000,0.79,0.76,0.25,22300000,-4657600000,5720600000,1136100000,4961000000,38000000,58.7,61.4,56,0.1729,0.0121,17.99,3.25,20.24,7.28,0.3084,0,0.065,0.2221,0.05,-0.07,None
2006-09-30,217989875,217989875,1,55200900000,None,51264900000,None,3936000000,0,0,0,0,733500000,163700000,163700000,0.75,0.74,0.23,183900000,-1916700000,1197700000,-531800000,3824900000,29300000,55.71,58.8,52.62,0.1707,0.0121,18.06,3.19,19.69,7.03,0.3123,0,0.0713,0.2205,0.05,0.71,None
2006-06-30,217914130,217914130,1,53325900000,None,49517500000,None,3808400000,0,0,0,0,776200000,167900000,167900000,0.77,0.76,0.23,47300000,-1849900000,3263400000,1541300000,4356700000,22700000,55.98,60.44,51.52,0.1711,0.0122,17.48,3.3,20.36,6.8,0.3134,0,0.0714,0.2198,0.06,0.11,None
2006-03-31,218046297,218046297,1,50195000000,None,46491600000,None,3703400000,0,0,0,0,727700000,163000000,163000000,0.75,0.74,0.23,135000000,3041000000,-3375200000,-180800000,2815400000,9400000,51.61,54.1,49.12,0.1704,0.0123,16.98,3.12,19.55,6.57,0.3156,0,0.0738,0.2215,0.06,0.58,None
2005-12-31,217936559,217936559,1,53413800000,None,49813000000,None,3600800000,0,0,0,0,675600000,147600000,147600000,0.67,0.66,0.23,242600000,-5770000000,6045200000,517800000,2996200000,28800000,51.7,55,48.39,0.1677,0.0119,16.52,3.2,20.12,6.34,0.3212,0,0.0674,0.2226,0.05,0.98,None
2005-09-30,218246333,218246333,1,48427400000,None,44898400000,None,3529000000,0,0,0,0,670100000,147700000,147700000,0.68,0.67,0.21,83700000,-396100000,861500000,549100000,2478400000,20500000,48.6,51.55,45.66,0.1671,0.0121,16.17,3.08,20.08,6.11,0.3223,0,0.0729,0.2243,0.05,0.29,None
2005-06-30,218361617,218361617,1,46255600000,None,42809300000,None,3446300000,0,0,0,0,672700000,150000000,150000000,0.69,0.68,0.21,26900000,1623400000,-1998700000,-348400000,1929300000,16400000,45.05,47.48,42.63,0.161,0.0119,15.78,2.93,19.33,5.9,0.3344,0,0.0745,0.2221,0.05,0.05,None
2005-03-31,218635700,218635700,1,47761300000,None,44399900000,None,3361400000,0,0,0,0,606800000,139100000,139100000,0.64,0.63,0.21,231900000,471000000,-477700000,225200000,2277700000,20200000,45.33,49.05,41.6,0.1584,0.0117,15.37,3.01,19.97,5.69,0.3389,0,0.0704,0.2235,0.05,0.97,None
2004-12-31,218699056,218699056,1,45276700000,None,41981100000,None,3295600000,0,0,0,0,589000000,132600000,132600000,0.6,0.59,0.21,58400000,-3593000000,3308900000,-225700000,2052500000,15100000,43.99,49.43,38.55,0.1578,0.0119,15.07,2.99,19.55,5.48,0.3386,0,0.0728,0.2225,0.05,0.2,None
2004-09-30,219209338,219209338,1,41110000000,None,37884500000,None,3225500000,0,0,0,0,546400000,114700000,114700000,0.52,0.52,0.19,229700000,2290300000,-2214600000,305400000,2278200000,10300000,40.91,43.41,38.4,0.1599,0.0121,14.71,2.83,18.26,5.27,0.3325,0,0.0785,0.2289,0.05,1,None
2004-06-30,219816222,219816222,1,43279300000,None,40101200000,None,3178100000,0,0,0,0,571600000,130800000,130800000,0.6,0.59,0.19,111400000,-2611100000,3055100000,555400000,1972800000,10200000,43.89,48.14,39.65,0.1641,0.0121,14.46,3.1,22.51,5.08,0.3248,0,0.0734,0.2307,0.05,0.46,None
2004-03-31,220388521,220388521,1,40178900000,None,37060500000,None,3118400000,0,0,0,0,565000000,127500000,127500000,0.58,0.57,0.19,254500000,431700000,-864700000,-178500000,1417400000,13700000,48.27,51.35,45.19,0.1472,0.0108,14.15,3.48,26.82,4.88,0.363,0,0.0776,0.2042,0.05,1.09,None
2003-12-31,220409696,220409696,1,41450200000,None,38394900000,None,3055300000,0,0,0,0,512800000,129700000,129700000,0.59,0.57,0.19,-59100000,73500000,156100000,170500000,1595900000,15300000,45.52,48.75,42.29,0.1385,0.0103,13.86,3.48,27.59,4.69,0.3819,0,0.0737,0.1933,0.05,-0.34,None
2003-09-30,220354163,220354163,1,40744200000,None,37743900000,None,3000300000,0,120000000,0,0,525700000,113800000,113800000,0.52,0.51,0.17,438000000,-2547100000,1194400000,-914700000,1425400000,17400000,42.68,44.68,40.68,0.1289,0.0095,13.07,3.33,27.18,4.5,0.4053,0,0.0707,0.176,0.05,1.91,None
2003-06-30,220779810,220779810,1,39071000000,None,36124900000,None,2946100000,0,120000000,0,0,538100000,66600000,66300000,0.3,0.3,0.17,113600000,-1411600000,2282400000,984400000,2340100000,20900000,36.25,42.28,30.22,0.1232,0.0092,12.8,2.75,19.81,4.33,0.4263,0,0.0723,0.1679,0.05,0.42,None
2003-03-31,220415774,220415774,1,36449700000,None,33423600000,None,3026100000,0,120000000,0,0,513800000,94700000,94300000,0.43,0.42,0.17,18900000,1305500000,-2640900000,-1316500000,1355700000,28300000,32.67,37.7,27.64,0.1445,0.0108,13.18,2.51,16.58,4.16,0.3647,0,0.0797,0.1952,0.06,-0.04,None
2002-12-31,220977148,220977148,1,39478200000,None,36478400000,None,2999800000,0,120000000,0,0,525600000,96300000,95800000,0.43,0.42,0.17,256100000,1042100000,-577900000,720300000,2672200000,28100000,35.7,40.99,30.41,0.1588,0.0115,13.03,2.79,17.94,3.99,0.3383,0,0.0729,0.208,0.06,1.03,None
2002-09-30,220923315,220923315,1,39670500000,None,36725400000,None,2945100000,0,120000000,0,0,520400000,96400000,95800000,0.44,0.43,0.17,123900000,-2465200000,1923300000,-418000000,1951900000,31100000,38.74,45.9,31.58,0.1642,0.0117,12.79,3.07,18.36,3.82,0.3341,0,0.0712,0.2096,0.06,0.42,None
2002-06-30,221667202,221667202,1,37801400000,None,34888100000,None,2913300000,0,120000000,0,0,551700000,126800000,126200000,0.57,0.56,0.17,241200000,1375000000,-781100000,835100000,2369900000,25300000,51.19,60.05,42.33,0.1786,0.0128,12.6,4.19,24.15,3.65,0.3068,0,0.0739,0.2216,0.06,0.97,None
2002-03-31,221714158,221714158,1,37961600000,None,35129900000,None,2831700000,0,120000000,0,0,540900000,127600000,127100000,0.58,0.56,0.17,77500000,711100000,-1846100000,-1057500000,1534800000,25900000,57.19,62.67,51.7,0.1844,0.0131,12.23,4.78,27.1,3.48,0.2977,0,0.0714,0.2225,0.06,0.23,None
2001-12-31,221643659,221643659,1,39664500000,None,36891000000,None,2773500000,0,120000000,0,0,538200000,102400000,101700000,0.45,0.44,0.17,163500000,-3866200000,4609400000,906700000,2592300000,33200000,54.57,61.44,47.7,0.1886,0.0131,11.97,4.65,25.26,3.31,0.2919,0,0.0669,0.2222,0.06,0.59,None
2001-09-30,222114864,222114864,1,35124400000,None,32398600000,None,2725800000,0,120000000,0,0,538800000,126600000,125700000,0.57,0.55,0.155,93800000,541200000,-1173700000,-538700000,1685600000,23300000,53.38,65.35,41.4,0.2035,0.014,11.73,4.67,24.94,3.14,0.2762,0,0.0742,0.2328,0.06,0.32,None
2001-06-30,222609563,222609563,1,36183800000,None,33522700000,None,2661100000,0,120000000,0,0,560700000,131300000,130200000,0.59,0.57,0.155,353200000,2560800000,-2235000000,679000000,2224300000,33600000,63.59,70.05,57.13,0.2096,0.014,11.42,5.77,30.28,2.99,0.2694,0,0.0702,0.2314,0.06,1.44,None
2001-03-31,222636056,222636056,1,38197800000,None,35625200000,None,2572600000,0,120000000,0,0,537600000,127200000,125800000,0.57,0.55,0.155,115000000,-2914800000,2057300000,-742500000,1545300000,38200000,67.09,82.25,51.94,0.214,0.0137,11.02,6.48,32.89,2.83,0.2648,0,0.0642,0.2303,0.06,0.34,None
2000-12-31,226346774,226346774,1,36022300000,None,33560100000,None,2462200000,0,120000000,0,0,535400000,125500000,124000000,0.54,0.49,0.16,180000000,-106900000,852900000,926000000,2287800000,56600000,81.44,92.13,70.75,0.2155,0.0138,10.35,8.06,41.76,2.68,0.2631,0,0.065,0.2277,0.06,0.55,None
2000-09-30,221782062,221782062,1,34793700000,None,32433200000,None,2360500000,0,120000000,0,0,534700000,123300000,121800000,0.55,0.53,0.135,48600000,1595400000,-2214800000,-570800000,1361800000,32300000,77.88,90.88,64.88,0.2137,0.0139,10.1,7.91,41.65,2.52,0.2692,0,0.0644,0.2246,0.06,0.07,None
2000-06-30,221849731,221849731,1,36848100000,None,34543200000,None,2304900000,0,120000000,0,0,533700000,123000000,121600000,0.55,0.53,0.135,160500000,-3197200000,3376600000,339900000,1932600000,26700000,65.34,73.31,57.38,0.2107,0.0135,9.85,6.81,36.92,2.38,0.2734,0,0.0593,0.2264,0.06,0.6,None
2000-03-31,222299865,222299865,1,33219400000,None,30967800000,None,2251600000,0,120000000,0,0,501800000,113300000,112000000,0.51,0.49,0.135,-18000000,-4807800000,4440600000,-385200000,1592700000,21500000,62,77.25,46.75,0.2054,0.0135,9.59,6.83,36.69,2.25,0.2808,0,0.0642,0.2268,0.06,-0.18,None
1999-12-31,226346774,226346774,1,28708200000,None,26533500000,None,2174700000,0,120000000,0,0,478700000,106000000,104700000,0.48,0.4,0.15,428900000,4483600000,-4709800000,202700000,1977900000,40000000,47.95,54.63,41.28,0.202,0.0135,9.08,5.33,28.54,2.12,0.277,0,0.0716,0.2282,0.06,1.72,None
1999-09-30,111296874,222593748,2,33684900000,None,31561900000,None,2123000000,0,120000000,0,0,434700000,104200000,102900000,0.93,0.9,0.24,60500000,-2358800000,2799200000,500900000,1775200000,21400000,44.98,49.81,40.16,0.2007,0.0131,9,5.12,27.77,1.97,0.2599,0,0.0595,0.2288,0.06,0.18,None
1999-06-30,111473056,222946112,2,30190800000,None,28114400000,None,2076400000,0,120000000,0,0,428900000,99700000,98600000,0.89,0.86,0.24,147000000,-2527100000,2459300000,79200000,1274300000,18200000,46.47,50,42.94,0.1998,0.0132,8.78,5.43,29.69,1.85,0.2605,0,0.0648,0.2276,0.06,0.58,None
1999-03-31,111643477,223286954,2,27554600000,None,25523600000,None,2031000000,0,120000000,0,0,411700000,95100000,94000000,0.85,0.82,0.21,-125900000,-731000000,-314000000,-1170900000,1195100000,20300000,43.84,47.38,40.31,0.1994,0.0129,8.56,5.37,28.84,1.73,0.2602,0,0.0694,0.226,0.06,-0.65,None
1998-12-31,111366724,222733448,2,27870000000,None,25929700000,None,1940300000,0,120000000,0,0,411000000,91600000,90400000,0.81,0.78,0.21,231000000,1472000000,-442200000,1260800000,2366000000,26800000,37.17,44.94,29.41,0.2,0.0129,8.17,4.69,25.63,1.62,0.2679,0,0.0653,0.2253,0.06,0.92,None
1998-09-30,111045729,222091458,2,28078800000,None,26200100000,None,1878700000,0,120000000,0,0,382700000,90200000,89000000,0.81,0.78,0.21,-6600000,1615100000,-1892700000,-284200000,1105200000,18200000,34.76,41.63,27.88,0.1998,0.0128,7.92,4.5,24.74,1.52,0.2762,0,0.0626,0.2259,0.06,-0.11,None
1998-06-30,111306530,222613060,2,29777000000,None,27935900000,None,1841100000,0,120000000,0,0,384900000,87200000,86000000,0.78,0.75,0.21,144300000,-5326800000,5447900000,265400000,1389400000,14800000,36.7,39.69,33.72,0.1996,0.0126,7.73,4.87,27.08,1.41,0.2742,0,0.0578,0.2224,0.06,0.58,None
1998-03-31,111518993,223037986,2,24251800000,None,22451300000,None,1800500000,0,120000000,0,0,370200000,84900000,83600000,0.75,0.73,0.21,62200000,447900000,-1125000000,-614900000,1124000000,24700000,34.63,39.06,30.19,0.1983,0.0126,7.53,4.77,26.64,1.31,0.2741,0,0.0693,0.2223,0.06,0.17,None
1997-12-31,111518024,223036048,2,25315400000,None,23576400000,None,1739000000,0,120000000,0,0,361200000,81300000,80000000,0.72,0.64,0.21,60600000,1114000000,-1729300000,-554700000,1738900000,19100000,31.54,35.75,27.32,0.1964,0.0122,7.26,4.46,25.23,1.2,0.2749,0,0.064,0.2218,0.05,0.19,None
1997-09-30,111550097,223100194,2,26919200000,None,25221700000,None,1697500000,0,120000000,0,0,364300000,81000000,79700000,0.7,0.69,0.18,46900000,-297500000,752600000,502000000,2293600000,13200000,26.69,29.75,23.63,0.1936,0.0121,7.07,3.9,22.43,1.1,0.2764,0,0.0586,0.2214,0.05,0.15,None
1997-06-30,111679056,223358112,2,26051000000,None,24402100000,None,1648900000,0,120000000,0,0,332400000,75400000,74200000,0.65,0.65,0.18,91800000,-1973900000,2725100000,843000000,1791600000,12700000,21.94,25.94,17.94,0.1897,0.0122,6.85,3.32,19.33,1.01,0.2808,0,0.0587,0.2225,0.05,0.35,None
1997-03-31,111496349,222992698,2,23231800000,None,21638600000,None,1593200000,0,120000000,0,0,314800000,71700000,70500000,0.62,0.62,0.18,1800000,-1843000000,1497300000,-343900000,948600000,12500000,19.81,22.63,17,0.1865,0.0122,6.61,3.1,18.26,0.92,0.2835,0,0.0634,0.2202,0.05,-0.05,None
1996-12-31,111454205,222908410,2,21608300000,None,20064200000,None,1544100000,0,120000000,0,0,301300000,67400000,66200000,0.55,0.54,0.18,140900000,58600000,24400000,223900000,1292500000,13800000,17.44,18.88,16,0.1832,0.0122,6.39,2.79,16.73,0.83,0.2851,0,0.0659,0.2177,0.05,0.57,None
1996-09-30,55905987,223623948,4,21360100000,None,19843300000,None,1516800000,0,120000000,0,0,293100000,66500000,65300000,1.14,1.14,0.31,232600000,96700000,-493600000,-164300000,1068600000,11600000,15.59,17,14.19,0.1815,0.012,6.25,2.56,15.55,0.74,0.2856,0,0.0654,0.2167,0.05,0.99,None
1996-06-30,56272053,225088212,4,21751200000,None,20257500000,None,1493700000,0,120000000,0,0,290700000,63400000,62200000,1.08,1.08,0.31,-140800000,-1103500000,1351500000,107200000,1232900000,14700000,13.59,14.5,12.69,0.1798,0.0118,6.1,2.28,14.23,0.66,0.2845,0,0.0632,0.2142,0.05,-0.69,None
1996-03-31,56648044,226592176,4,20301700000,None,18833100000,None,1468600000,0,120000000,0,0,281100000,61500000,60200000,1.05,1.04,0.31,115300000,-659200000,360700000,-183200000,1125700000,16700000,13.19,14.06,12.31,0.1764,0.0117,5.95,2.34,14.53,0.58,0.2858,0,0.0664,0.2105,0.05,0.44,None
1995-12-31,56965427,227861708,4,19933500000,None,18480900000,None,1452600000,0,170000000,0,0,266300000,59500000,57400000,1,0.91,0.31,146500000,232800000,-515100000,-135800000,1308900000,8700000,12.47,14,10.94,0.1719,0.0113,5.63,2.23,14.67,0.5,0.2892,0,0.0643,0.2042,0.05,0.6,None
1995-09-30,55466443,221865772,4,20179700000,None,18769100000,None,1410600000,0,170000000,0,0,262800000,58100000,56000000,0.99,0.98,0.26,-13400000,-340800000,706100000,351900000,1444700000,12900000,10.82,11.9,9.75,0.1618,0.0105,5.59,1.98,13.32,0.43,0.2998,0,0.0615,0.1905,0.05,-0.12,None
1995-06-30,55870628,223482512,4,19301100000,None,17910800000,None,1390300000,0,170000000,0,0,256500000,53100000,50900000,0.9,0.89,0.26,-7200000,-799300000,718500000,-88000000,1092800000,7900000,9.53,10.31,8.75,0.1585,0.0101,5.46,1.81,11.88,0.36,0.3022,0,0.0632,0.1854,0.05,-0.07,None
1995-03-31,55980309,223921236,4,18736100000,None,17388000000,None,1348100000,0,170000000,0,0,250100000,49300000,47200000,0.86,0.85,0.26,15900000,323200000,-350800000,-11700000,1180800000,12300000,8.66,9.38,7.94,0.1608,None,5.26,1.69,10.96,0.3,0.2942,0,0.0629,0.1806,0.05,0.02,None
1994-12-31,54194369,216777476,4,18561600000,None,17280900000,None,1280700000,0,170000000,0,0,239200000,40100000,38000000,0.69,0.68,0.26,123700000,-37900000,-203200000,-117400000,1192500000,13400000,8.81,9.56,8.06,0.1638,None,5.12,1.75,None,0.23,0.2838,0,0.0598,0.1807,0.05,0.51,None
1994-09-30,54162085,216648340,4,18669700000,None,17408800000,None,1260900000,0,170000000,0,0,237600000,48000000,46200000,0.83,0.83,0.22,96700000,-144700000,238500000,190500000,1309900000,9300000,9.69,10.44,8.94,None,None,5.04,1.99,None,0.17,None,0,0.0584,None,None,0.4,None
1994-06-30,54060987,216243948,4,18439400000,None,17214600000,None,1224800000,0,170000000,0,0,260100000,48700000,46900000,0.85,0.85,0.22,153500000,-330400000,129100000,-47800000,1119400000,8200000,10.44,10.81,10.06,None,None,4.88,2.2,None,0.11,None,0,0.0572,None,None,0.67,None
1994-03-31,53378320,213513280,4,18167100000,None,16983100000,None,1184000000,0,170000000,0,0,231100000,45400000,43800000,0.8,0.8,0.22,13800000,-1398200000,1031900000,-352500000,1167200000,13900000,10.32,10.75,9.88,None,None,4.75,2.24,None,0.06,None,0,0.0558,None,None,-0,None
1993-12-31,53311961,213247844,4,16902600000,None,15750900000,None,1151700000,0,170000000,0,0,None,None,None,None,None,0,None,None,None,None,1519700000,0,None,None,None,None,None,4.6,None,None,0,None,0,0.0581,None,None,None,None
