"Quarter end","Shares","Shares split adjusted","Split factor","Assets","Current Assets","Liabilities","Current Liabilities","Shareholders equity","Non-controlling interest","Preferred equity","Goodwill & intangibles","Long-term debt","Revenue","Earnings","Earnings available for common stockholders","EPS basic","EPS diluted","Dividend per share","Cash from operating activities","Cash from investing activities","Cash from financing activities","Cash change during period","Cash at end of period","Capital expenditures","Price","Price high","Price low","ROE","ROA","Book value of equity per share","P/B ratio","P/E ratio","Cumulative dividends per share","Dividend payout ratio","Long-term debt to equity ratio","Equity to assets ratio","Net margin","Asset turnover","Free cash flow per share","Current ratio"
2019-06-29,39629695,39629695,1,1348693000,939303000,620393000,474250000,728300000,0,0,0,0,1045040000,61100000,61100000,1.53,1.53,0.17,62660000,-4058000,-73433000,-14413000,250212000,3559000,107.6,120.23,94.97,0.3622,0.1898,18.38,5.93,16.84,6.86,0.1031,0,0.54,0.0582,3.26,1.49,1.9806
2019-03-30,40162360,40162360,1,1350939000,944195000,622679000,473244000,728260000,0,0,38343000,0,1033000000,63317000,63317000,1.58,1.58,0.165,121416000,-3414000,-53625000,64889000,264625000,2446000,103.03,112.49,93.58,0.3734,0.1923,18.13,6.02,16.67,6.69,0.1003,0,0.5391,0.0568,3.39,2.96,1.9952
2018-12-29,40116864,40116864,1,1380564000,971429000,691431000,535818000,686824000,2309000,0,38232000,84864000,1182351000,68256000,68256000,1.69,1.68,0.16,93696000,-2374000,-104260000,-14238000,199736000,1946000,107,123.77,90.23,0.3685,0.1891,17.12,6.08,17.72,6.53,0.1014,0.1236,0.4975,0.0553,3.42,2.29,1.813
2018-09-29,41114477,41114477,1,1390712000,999137000,664502000,515176000,723841000,2369000,0,38560000,72887000,1202081000,66985000,66985000,1.62,1.63,0.17,91176000,-3384000,-23047000,65333000,213974000,2601000,117.15,128.7,105.6,0.3682,0.1875,17.61,7.32,21.61,6.37,0.3442,0.1007,0.5205,0.0561,3.34,2.15,1.9394
2018-06-30,41092882,41092882,1,1308895000,928215000,647962000,508874000,657708000,3225000,0,38704000,65093000,1182786000,62523000,62523000,1.51,1.5,0.15,41027000,-206000,-112107000,-71964000,148641000,-347000,107.69,116.9,98.47,0.3415,0.1733,16.01,6.45,22.39,6.2,0.369,0.099,0.5025,0.0538,3.22,1.01,1.8241
2018-03-31,42067995,42067995,1,1320273000,928700000,613993000,472943000,702742000,3538000,0,39363000,73350000,1047926000,57517000,57517000,1.37,1.37,0.15,72002000,-2230000,-91265000,-21811000,220605000,1529000,111.1,118.6,103.6,0.3095,0.1588,16.7,7.17,26.39,6.05,0.4029,0.1044,0.5323,0.0517,3.07,1.68,1.9637
2017-12-30,41991429,41991429,1,1352460000,961203000,698583000,548643000,650672000,3205000,0,39065000,83062000,1051592000,64752000,64752000,1.54,1.54,1.6,6699000,-7165000,-6757000,-7325000,242416000,6348000,101.2,107.6,94.8,0.2851,0.1451,15.5,6.53,28.03,5.9,0.4457,0.1277,0.4811,0.0486,2.99,0.01,1.752
2017-09-30,41965797,41965797,1,1263339000,877883000,609366000,446917000,650355000,3618000,0,39914000,76792000,943430000,42443000,42443000,1.01,1.01,0.1,52465000,-10202000,-15169000,27639000,249741000,1371000,90,100,80,0.2557,0.1314,15.5,6.19,26.01,4.3,0.1021,0.1181,0.5148,0.0436,3.02,1.22,1.9643
2017-07-01,41946994,41946994,1,1159274000,793545000,549784000,386504000,609490000,0,0,31134000,77639000,870434000,37510000,37510000,0.9,0.89,0.09,17851000,-873000,-10792000,6634000,222102000,522000,84.4,88.5,80.3,0.2611,0.1328,14.53,6.17,25.35,4.2,0.1034,0.1274,0.5258,0.0437,3.04,0.41,2.0531
2017-04-01,41924876,41924876,1,1106142000,749006000,532399000,368637000,573743000,0,0,31134000,82987000,780908000,32383000,32383000,0.77,0.77,0.09,61948000,-3836000,-21678000,36571000,215468000,3313000,84.92,89.14,80.7,0.2652,0.1334,13.69,6.55,26.13,4.11,0.1044,0.1446,0.5187,0.0434,3.07,1.4,2.0318
2016-12-31,41839818,41839818,1,1096591000,737407000,554034000,380311000,542557000,0,0,31134000,93257000,892829000,39574000,39574000,0.94,0.94,0.09,18945000,-3598000,-6975000,8092000,178897000,3222000,77.92,90.8,65.05,0.2708,0.1351,12.97,6.42,24.43,4.02,0.104,0.1719,0.4948,0.0434,3.12,0.38,1.939
2016-09-24,41775279,41775279,1,1027758000,668810000,521028000,350349000,506730000,0,0,31134000,90817000,787938000,36278000,36278000,0.87,0.86,0.09,66162000,-5482000,-43064000,17435000,170805000,5047000,68.89,72.97,64.82,0.2778,0.1367,12.13,5.83,21.33,3.93,0.1025,0.1792,0.493,0.0434,3.15,1.46,1.909
2016-06-25,42107783,42107783,1,984757000,656452000,487502000,334588000,497255000,0,0,31134000,76724000,775223000,32314000,32314000,0.76,0.76,0.08,33097000,-5978000,-30287000,-2914000,153370000,5609000,65.37,68.36,62.38,0.2883,0.1425,11.81,5.73,19.28,3.84,0.0981,0.1543,0.505,0.0437,3.26,0.65,1.962
2016-03-26,42326371,42326371,1,957492000,636788000,475103000,322068000,482389000,0,0,31134000,81385000,711644000,29184000,29184000,0.69,0.69,0.08,72038000,891000,-31748000,41764000,156284000,-1445000,60.32,67.61,53.03,0.3097,0.1524,11.4,5.49,17.9,3.76,0.0905,0.1687,0.5038,0.0449,3.39,1.74,1.9772
2015-12-26,42419537,42419537,1,998070000,662670000,531833000,369537000,466237000,0,0,31134000,81793000,848602000,37855000,37855000,0.88,0.88,0.08,67938000,-1236000,-60605000,5621000,114520000,888000,60.72,67.44,53.99,0.3111,0.1536,10.99,5.48,18.23,3.68,0.0881,0.1754,0.4671,0.0445,3.45,1.58,1.7932
2015-09-26,43186052,43186052,1,953022000,655257000,474321000,343954000,478701000,0,0,31134000,59959000,841726000,39348000,39348000,0.91,0.9,0.08,66067000,-2272000,-36392000,26473000,108899000,462000,68.66,73.6,63.71,0.3089,0.1524,11.08,6.38,21.13,3.6,0.388,0.1253,0.5023,0.0445,3.43,1.52,1.9051
2015-06-27,43575617,43575617,1,946944000,656880000,477442000,346453000,469502000,0,0,31134000,59020000,868383000,40471000,40471000,0.92,0.92,0.07,32747000,-2915000,-61875000,-32461000,82426000,-25000,64.81,69.12,60.51,0.3008,0.1487,10.77,5.94,20.71,3.52,0.3926,0.1257,0.4958,0.044,3.38,0.75,1.896
2015-03-28,44410842,44410842,1,947646000,640669000,463321000,325974000,484325000,0,0,31134000,67671000,762380000,30015000,30015000,0.67,0.67,0.07,49270000,-2250000,-95797000,-49057000,114887000,1794000,69,74.88,63.11,0.2929,0.1435,10.91,6.33,22.48,3.45,0.4027,0.1397,0.5111,0.0433,3.31,1.07,1.9654
2014-12-27,44794486,44794486,1,1044212000,732328000,555951000,410451000,488261000,0,0,31134000,76257000,862830000,38491000,38491000,0.86,0.84,1.07,29272000,4502000,-9705000,23353000,163944000,103000,74.87,81.8,67.93,0.2942,0.1412,10.9,6.76,21.21,3.38,0.4066,0.1562,0.4676,0.0436,3.24,0.65,1.7842
2014-09-27,44737295,44737295,1,980225000,662410000,484553000,342327000,495672000,0,0,31134000,80507000,819320000,36755000,36755000,0.82,0.82,0.07,58997000,-6202000,-5276000,47458000,140591000,4027000,68.64,73.95,63.32,0.345,0.1658,11.08,6.67,20.49,2.31,0.1528,0.1624,0.5057,0.0533,3.11,1.23,1.935
2014-06-28,44688617,44688617,1,962528000,673172000,502470000,372150000,460058000,0,0,31134000,63386000,814443000,35925000,35925000,0.8,0.8,0.06,-69000,1059000,-22198000,-21033000,93133000,-1512000,62.04,65.79,58.29,0.3422,0.1592,10.29,6.29,19.33,2.24,0.1398,0.1378,0.478,0.0533,2.99,0.03,1.8089
2014-03-29,44952986,44952986,1,944122000,658035000,500945000,376047000,443177000,0,0,31134000,61599000,688197000,27638000,27638000,0.61,0.61,0.06,13669000,-4205000,-75168000,-66136000,114166000,456000,58.96,61.92,56,0.3429,0.1563,9.86,5.9,18.6,2.18,0.1268,0.139,0.4694,0.0539,2.9,0.29,1.7499
2013-12-28,45499146,45499146,1,970696000,682468000,516215000,375660000,454481000,0,0,31134000,73938000,676598000,59557000,59557000,1.3,1.3,0.35,30206000,77465000,-24587000,82750000,180302000,458000,56.2,58.84,53.56,0.3481,0.1579,9.99,6.07,21.62,2.12,0.1091,0.1627,0.4682,0.0548,2.88,0.65,1.8167
2013-09-28,45716950,45716950,1,950932000,623068000,527671000,371174000,423261000,0,0,57470000,90709000,680521000,29246000,29246000,0.64,0.64,0,47042000,-4842000,-12248000,30078000,97552000,281000,54.7,57.94,51.47,0.3006,0.1335,9.26,6.38,20.49,1.77,0.2162,0.2143,0.4451,0.0449,2.97,1.02,1.6786
2013-06-29,45699734,45699734,1,892231000,573153000,499987000,341600000,392244000,0,0,57470000,94033000,679340000,30426000,30426000,0.66,0.66,0,31931000,3445000,-58399000,-23308000,67474000,-3856000,53.92,57.45,50.39,0.3205,0.1394,8.58,6.16,19.47,1.77,0.2319,0.2397,0.4396,0.0458,3.05,0.78,1.6778
2013-03-30,46561195,46561195,1,885034000,597333000,477232000,334819000,407802000,0,0,57470000,82448000,628321000,26780000,26780000,0.58,0.57,0,52834000,-10229000,-25882000,16498000,90782000,-221000,55.71,59.97,51.45,0.3444,0.1459,8.76,6.83,20.11,1.77,0.242,0.2022,0.4608,0.0468,3.12,1.14,1.784
2012-12-29,46494114,46494114,1,879421000,591944000,499967000,344339000,379454000,0,0,57470000,95125000,691256000,33978000,33978000,0.74,0.73,0.56,22299000,-2408000,-25454000,-5677000,74284000,1911000,49.45,52.56,46.34,0.3638,0.149,8.16,6.19,18.11,1.77,0.2618,0.2507,0.4315,0.0465,3.21,0.44,1.7191
2012-09-29,46469460,46469460,1,909382000,619725000,537949000,372674000,371433000,0,0,57470000,99748000,717168000,33101000,33101000,0.71,0.71,0.06,48475000,885000,-34215000,15566000,79961000,-1301000,49.61,53.22,46.01,0.3811,0.1505,7.99,6.66,18.65,1.21,0.08,0.2685,0.4084,0.0456,3.3,1.07,1.6629
2012-06-30,46649010,46649010,1,883298000,602082000,535539000,361068000,347759000,0,0,57470000,108617000,735973000,35855000,35855000,0.76,0.76,0.055,34898000,-2433000,-21416000,10781000,64395000,-3221000,53.71,59.02,48.4,0.3999,0.1518,7.45,7.68,21.31,1.15,0.0802,0.3123,0.3937,0.045,3.37,0.82,1.6675
2012-03-31,46950802,46950802,1,811726000,537020000,483378000,320337000,328348000,0,0,57470000,99524000,649023000,26847000,26847000,0.57,0.57,0.055,19912000,-17255000,-30147000,-27286000,53614000,-47000,52.55,58.61,46.48,0.4008,0.1506,6.99,8.17,22.08,1.09,0.0829,0.3031,0.4045,0.0437,3.44,0.43,1.6764
2011-12-31,46721147,46721147,1,808449000,551792000,507872000,331113000,300577000,0,0,57470000,115130000,716994000,32632000,32632000,0.69,0.69,0.05,33640000,2439000,-24248000,11491000,80900000,-1045000,43.42,48.69,38.16,0.4021,0.1472,6.43,7.31,19.83,1.04,0.0858,0.383,0.3718,0.0427,3.45,0.74,1.6665
2011-09-24,46905754,46905754,1,803357000,558409000,524816000,363876000,278541000,0,0,57470000,110526000,684013000,30158000,30158000,0.64,0.64,0.055,60927000,3089000,-34107000,29865000,69409000,-1103000,43.15,49.66,36.64,0.3887,0.1419,5.94,7.29,21.68,0.99,0.0934,0.3968,0.3467,0.0415,3.42,1.32,1.5346
2011-06-25,47717128,47717128,1,744312000,502074000,461832000,316451000,282480000,0,0,57470000,93894000,675561000,29598000,29598000,0.62,0.62,0.05,6863000,1569000,-14125000,-5686000,39544000,592000,45.6,48.31,42.89,0.358,0.1346,5.92,8.32,24.52,0.93,0.1002,0.3324,0.3795,0.0391,3.44,0.13,1.5866
2011-03-26,47882197,47882197,1,714435000,466635000,451998000,302088000,262437000,0,0,57470000,95710000,572514000,20619000,20619000,0.43,0.43,0.05,16604000,1712000,-17998000,524000,45230000,1508000,43.08,45.66,40.5,0.338,0.1281,5.48,8.19,24.34,0.88,0.1043,0.3647,0.3673,0.0375,3.42,0.32,1.5447
2010-12-25,47866941,47866941,1,683882000,420917000,432915000,278346000,251764000,-797000,0,57470000,99439000,588309000,24099000,24099000,0.5,0.5,0.05,40475000,3377000,-54332000,-10369000,44706000,1293000,38.39,40.93,35.85,0.3199,0.1244,5.26,6.81,23.55,0.83,0.1068,0.395,0.3681,0.0364,3.42,0.82,1.5122
2010-09-25,49119836,49119836,1,713640000,441587000,437103000,279088000,277114000,-577000,0,57470000,103643000,623321000,21802000,21802000,0.44,0.44,0.05,42036000,-904000,-31152000,9994000,55075000,183000,38.53,41.95,35.1,0.2937,0.1174,5.64,6.74,24.23,0.78,0.1161,0.374,0.3883,0.0345,3.4,0.85,1.5823
2010-06-26,49834807,49834807,1,729102000,461465000,444155000,296809000,285258000,-311000,0,57470000,93956000,642010000,24437000,24437000,0.49,0.49,0.045,2138000,-29579000,-9928000,-37412000,45081000,2159000,42.46,46.23,38.69,0.2884,0.119,5.72,7.61,29.49,0.73,0.1133,0.3294,0.3912,0.0357,3.34,-0,1.5548
2010-03-27,50151922,50151922,1,686358000,439632000,406480000,270563000,279962000,-84000,0,57470000,82641000,548088000,17176000,17176000,0.34,0.34,0.045,24109000,-23614000,-3821000,-3226000,82493000,22184000,38.63,42.4,34.86,0.268,0.1155,5.58,7.25,28.2,0.69,0.1209,0.2952,0.4079,0.0351,3.29,0.04,1.6249
2009-12-26,50248214,50248214,1,648792000,426612000,380641000,258635000,268016000,135000,0,57470000,68313000,547715000,18123000,18123000,0.37,0.36,0.05,16765000,932000,-1142000,16729000,85719000,252000,37.22,40,34.44,0.262,0.1134,5.33,6.91,24.98,0.64,0.1237,0.2549,0.4131,0.0348,3.26,0.33,1.6495
2009-09-26,50835499,50835499,1,617744000,387866000,342699000,229672000,273884000,1161000,0,57297000,49053000,500670000,20076000,20076000,0.39,0.4,0.04,21852000,-21156000,-24147000,-23101000,68990000,-41000,36.06,38.91,33.22,0.2903,0.1232,5.39,6.82,21.21,0.59,0.1074,0.1791,0.4434,0.037,3.33,0.43,1.6888
2009-06-27,51312580,51312580,1,583324000,394165000,312065000,212003000,271259000,0,0,31134000,37778000,491164000,17857000,17857000,0.35,0.34,0.04,25354000,-139000,-63612000,-38287000,92091000,1136000,37,41.65,32.35,0.3458,0.1376,5.29,7.44,19.27,0.55,0.0927,0.1393,0.465,0.0388,3.54,0.47,1.8592
2009-03-28,51334562,51334562,1,616536000,425249000,361610000,207329000,254926000,0,0,31134000,91216000,469247000,13894000,13894000,0.27,0.27,0.04,80993000,-2408000,-47024000,31474000,130378000,527000,33.69,40.16,27.21,0.4011,0.1495,4.97,6.88,16.04,0.51,0.0825,0.3578,0.4135,0.0404,3.7,1.57,2.0511
2008-12-27,51690580,51690580,1,663530000,475402000,410394000,236585000,253136000,0,0,31134000,111752000,603837000,24605000,24605000,0.47,0.48,0.04,69331000,964000,-48656000,21639000,98904000,3265000,36.55,45.74,27.37,0.4605,0.1628,4.9,7.6,16.92,0.47,0.0745,0.4415,0.3815,0.042,3.88,1.28,2.0094
2008-09-27,52408616,52408616,1,729580000,536853000,477487000,282929000,252093000,0,0,31134000,132997000,732753000,32817000,32817000,0.63,0.61,0.04,15770000,-4005000,-12953000,-1188000,77604000,904000,49.77,56.3,43.24,0.5177,0.1715,4.81,10.63,23.81,0.43,0.0719,0.5276,0.3455,0.043,3.99,0.28,1.8975
2008-06-28,52952438,52952438,1,694065000,502336000,446254000,268435000,247811000,0,0,31134000,117469000,697651000,29765000,29765000,0.56,0.56,0.04,322000,-4250000,1740000,-2188000,78792000,3613000,53.96,59.21,48.71,0.5324,0.1726,4.68,13.52,26.19,0.39,0.0746,0.474,0.357,0.0433,3.99,-0.06,1.8714
2008-03-29,52737878,52737878,1,638197000,445762000,427631000,245938000,210566000,0,0,31134000,124172000,608828000,23743000,23743000,0.45,0.45,0.0375,34266000,-1859000,-12177000,20230000,80980000,361000,45.81,54.24,37.39,0.5463,0.1771,3.99,13.32,23.02,0.35,0.0704,0.5897,0.3299,0.0444,3.99,0.64,1.8125
2007-12-29,52510874,52510874,1,629001000,433653000,448215000,249575000,180786000,0,0,31134000,141598000,642865000,29031000,29031000,0.55,0.54,0.04,28620000,3261000,-30178000,1703000,60750000,665000,40.74,44.98,36.5,0.5228,0.1749,3.44,10.86,20.89,0.31,0.069,0.7832,0.2874,0.0441,3.97,0.53,1.7376
2007-09-29,53758356,53758356,1,632179000,436487000,430719000,262312000,201460000,0,0,31134000,106187000,634811000,29348000,29348000,0.54,0.54,0.04,39069000,-3329000,-32855000,2885000,59047000,2161000,45.57,51.43,39.71,0.4921,0.1732,3.75,11.09,23.49,0.27,0.0654,0.5271,0.3187,0.0445,3.89,0.69,1.664
2007-06-30,54878469,54878469,1,625600000,440004000,399802000,260323000,225798000,0,0,31134000,76535000,632952000,29670000,29670000,0.53,0.53,0.03,20840000,-74000,-42384000,-21618000,56162000,-182000,48.7,52.19,45.21,0.4768,0.172,4.11,11.71,25.63,0.23,0.0606,0.339,0.3609,0.0448,3.84,0.38,1.6902
2007-03-31,55560135,55560135,1,620584000,437943000,389632000,247666000,230952000,0,0,31134000,78415000,576649000,21604000,21604000,0.39,0.38,0.03,52079000,-3434000,-62356000,-13711000,77780000,162000,43.48,48.45,38.51,0.4564,0.1687,4.16,10.58,22.53,0.2,0.0615,0.3395,0.3722,0.0445,3.79,0.93,1.7683
2006-12-30,56052780,56052780,1,646651000,471362000,416377000,250194000,230274000,0,0,31134000,110591000,611279000,28690000,28690000,0.5,0.5,0.03,62273000,518000,-54119000,8672000,91491000,-97000,42.75,47.76,37.75,0.4479,0.1683,4.11,10.11,19.98,0.17,0.0583,0.4803,0.3561,0.045,3.74,1.11,1.884
2006-09-30,56880698,56880698,1,678615000,510579000,438233000,271549000,240382000,0,0,31134000,110250000,649197000,30580000,30580000,0.53,0.53,0.03,55307000,-1810000,-51493000,2004000,82819000,1493000,44.14,49.01,39.27,0.4935,0.1817,4.23,9.57,20.06,0.14,0.0524,0.4586,0.3542,0.0471,3.86,0.95,1.8802
2006-07-01,57623003,57623003,1,669734000,517595000,404271000,255527000,265463000,0,0,31134000,94625000,643238000,29465000,29465000,0.51,0.49,0.03,77050000,-3450000,-42186000,31414000,80815000,-96000,44.11,47.68,40.55,0.5332,0.1913,4.61,9.51,21,0.11,0.0508,0.3565,0.3964,0.0485,3.94,1.34,2.0256
2006-04-01,58967759,58967759,1,693028000,546624000,419338000,276888000,273690000,0,0,31134000,91735000,610042000,24350000,24350000,0.41,0.41,0.025,97538000,-178000,-77357000,20003000,49401000,253000,43.41,48.1,38.72,0.5571,0.1914,4.64,10.14,21.92,0.08,0.0395,0.3352,0.3949,0.0482,3.97,1.65,1.9742
2005-12-31,58973419,58973419,1,762760000,613801000,510125000,299496000,252635000,0,0,31134000,154851000,800442000,42960000,42960000,0.73,0.71,0.03,-141222000,-1570000,60190000,-82602000,29398000,1506000,40.3,44.5,36.1,0.5747,0.1914,4.28,11.72,24.28,0.06,0.0294,0.6129,0.3312,0.0476,4.02,-2.42,2.0494
2005-09-24,58526091,58526091,1,643374000,502512000,441933000,300842000,201441000,0,0,31134000,96259000,676070000,35625000,35625000,0.61,0.59,0.03,66358000,1423000,-17666000,50115000,112000000,-216000,33.94,40.42,27.45,0.5109,0.1745,3.44,11.02,23.99,0.03,0.0173,0.4779,0.3131,0.044,3.96,1.14,1.6704
2005-06-25,58541443,58541443,1,543383000,406155000,363319000,222280000,180064000,0,0,31134000,93774000,539104000,23493000,23493000,0.39,0.39,0,38153000,-2361000,-47025000,-11233000,61885000,-1082000,31.3,35.85,26.75,0.45,0.1575,3.08,9.32,23.8,0,0,0.5208,0.3314,0.0406,3.88,0.67,1.8272
2005-03-26,59720276,59720276,1,557131000,423532000,356374000,219793000,200757000,0,0,31134000,87168000,502212000,17878000,17878000,0.3,0.29,0,43240000,-77000,-31729000,11434000,73118000,-843000,34.25,39.25,29.25,0.4287,0.1502,3.36,9.65,29.65,0,0,0.4342,0.3603,0.0389,3.86,0.74,1.927
2004-12-25,59983218,59983218,1,584512000,449832000,371673000,240079000,212839000,0,0,31134000,83293000,589724000,24566000,24566000,0.4,0.39,0,-9060000,279000,2292000,-6489000,61684000,1557000,32.31,37.5,27.13,0.4107,0.1393,3.55,10.59,31.83,0,0,0.3913,0.3641,0.0356,3.91,-0.18,1.8737
2004-09-25,30315430,60630860,2,538942000,418932000,354318000,233339000,184624000,0,0,31134000,76772000,526883000,21614000,21614000,0.72,0.69,0,16622000,-1510000,-5260000,9852000,68173000,358000,25.87,28.59,23.14,0.3968,0.1303,3.05,9.58,30.17,0,0,0.4158,0.3426,0.0335,3.89,0.27,1.7954
2004-06-26,30284628,60569256,2,494061000,366635000,330421000,211115000,163640000,0,0,31134000,77446000,482303000,17590000,17590000,0.59,0.58,0,20191000,-3972000,-6374000,9845000,58321000,1570000,23.19,26.11,20.26,0.3709,0.1181,2.7,9.95,30.02,0,0,0.4733,0.3312,0.0302,3.91,0.31,1.7367
2004-03-27,29802172,59604344,2,446414000,333155000,307565000,256670000,138849000,0,0,31134000,10136000,421026000,8102000,8102000,0.27,0.26,0,21991000,-342000,-15813000,5836000,48476000,1921000,18.94,20.87,17,0.3576,0.115,2.33,7.89,23.75,0,0,0.073,0.311,0.0294,3.91,0.34,1.298
2003-12-27,29683174,59366348,2,438457000,320701000,295942000,173186000,142515000,0,0,31134000,82022000,433997000,15148000,15148000,0.51,0.5,0,-16000,-1792000,9883000,8075000,42640000,1765000,17.62,19.98,15.26,0.3616,0.1234,2.4,8.55,22.96,0,0,0.5755,0.325,0.0318,3.89,-0.03,1.8518
2003-09-27,14913833,59655332,4,404837000,286627000,281852000,169412000,122985000,0,0,31134000,78493000,406772000,11827000,11827000,0.79,0.75,0,23728000,-28677000,-25005000,-29954000,34565000,127000,15.8,16.98,14.63,0.3529,0.1247,2.06,6.84,20.06,0,0,0.6382,0.3038,0.0322,3.88,0.4,1.6919
2003-06-28,15138132,60552528,4,401751000,279327000,262018000,153027000,139733000,0,0,31134000,73757000,390084000,13566000,13566000,0.86,0.82,0,10095000,-1323000,-12389000,-3617000,64519000,1323000,15.1,16.5,13.7,0.3494,0.13,2.31,6.19,19.8,0,0,0.5278,0.3478,0.034,3.83,0.14,1.8253
2003-03-29,15931159,63724636,4,398759000,278180000,243085000,157650000,155674000,0,0,31134000,50569000,365718000,10159000,10159000,0.64,0.62,0,19589000,170000,-17070000,2689000,68136000,730000,14.09,15.43,12.76,0.339,0.1277,2.44,5.95,19.17,0,0,0.3248,0.3904,0.0331,3.86,0.3,1.7645
2002-12-28,15725977,62903908,4,400748000,274607000,251655000,153977000,149093000,0,0,31134000,65237000,393986000,14518000,14518000,0.91,0.88,0,31328000,-2287000,-28540000,501000,65447000,1679000,12.66,14.99,10.32,0.3435,0.1251,2.37,5.23,18.31,0,0,0.4376,0.372,0.0327,3.83,0.47,1.7834
2002-09-28,15818387,63273548,4,404397000,291688000,251445000,161820000,152952000,0,0,31134000,62460000,385660000,13941000,13941000,0.86,0.83,0,27337000,-2991000,-7277000,17069000,64946000,932000,12.5,14.29,10.71,0.3419,0.1204,2.42,5.71,18.98,0,0,0.4084,0.3782,0.0317,3.8,0.42,1.8025
2002-06-29,8121653,64973224,8,390004000,273486000,247569000,158372000,142435000,0,0,31134000,62439000,391216000,12248000,12248000,1.51,1.44,0,-1022000,-928000,-10013000,-11963000,47877000,928000,12.46,13.79,11.13,0.3589,0.1181,2.19,6.29,19.62,0,0,0.4384,0.3652,0.0309,3.81,-0.03,1.7269
2002-03-30,8117953,64943624,8,378192000,266536000,249566000,148745000,128626000,0,0,31134000,76879000,335693000,8514000,8514000,1.05,1.02,0,26670000,-4217000,-10499000,11954000,59840000,495000,10.44,11.89,8.98,0.3645,0.1167,1.98,5.77,16.64,0,0,0.5977,0.3401,0.0307,3.8,0.4,1.7919
2001-12-29,8105753,64846024,8,364651000,253873000,247211000,132065000,117440000,0,0,31134000,91909000,347788000,11577000,11577000,1.44,1.41,0,18463000,209000,-5865000,12807000,47886000,266000,8.52,9.48,7.56,0.3728,0.118,1.81,5.26,12.46,0,0,0.7826,0.3221,0.0307,3.84,0.28,1.9223
2001-09-29,8086993,64695944,8,366945000,253525000,262122000,146361000,104823000,0,0,31563000,94433000,355684000,11930000,11930000,1.43,1.4,0,12996000,-1989000,-3767000,7240000,35079000,2003000,8.82,10.14,7.5,0.4193,0.1294,1.62,4.93,13.16,0,0,0.9009,0.2857,0.0331,3.92,0.17,1.7322
2001-06-30,8435993,67487944,8,362698000,243370000,242203000,148429000,120495000,0,0,31865000,72000000,358018000,10933000,10933000,1.29,1.25,0,10685000,-1265000,-9426000,-6000,27839000,1266000,8.4,9,7.81,0.4282,0.1278,1.79,4.91,13.07,0,0,0.5975,0.3322,0.0328,3.89,0.14,1.6396
2001-03-31,8518533,68148264,8,356254000,240575000,239887000,144162000,116367000,0,0,32170000,74462000,331281000,8354000,8354000,0.98,0.96,0,7650000,-504000,-12227000,-5081000,27845000,1002000,8.01,9.11,6.91,0.4369,0.1228,1.71,5.07,12.64,0,0,0.6399,0.3266,0.0318,3.87,0.1,1.6688
2000-12-30,8518533,68148264,8,370362000,249008000,262503000,154290000,107859000,0,0,32474000,84877000,380575000,15902000,15902000,1.9,1.86,0,25113000,-338000,-20652000,4123000,32926000,523000,6.04,7.38,4.7,0.4489,0.1219,1.58,4.44,9.7,0,0,0.7869,0.2912,0.0319,3.83,0.36,1.6139
2000-09-23,8393533,67148264,8,372851000,248450000,281256000,159013000,91595000,0,0,32822000,96906000,352356000,11516000,11516000,1.32,1.29,0,9675000,-1859000,-10920000,-3104000,28803000,1359000,6.45,7.58,5.31,0.4473,0.1216,1.36,4.61,10.57,0,0,1.058,0.2457,0.0317,3.84,0.12,1.5625
2000-06-24,8750833,70006664,8,372877000,251534000,274814000,153959000,98063000,0,0,33124000,92390000,358555000,9437000,9437000,1.06,1.03,0,-1230000,-1908000,-12192000,-15330000,31907000,1348000,7.4,8.72,6.07,0.4263,0.1256,1.4,5.07,12.08,0,0,0.9421,0.263,0.0321,3.91,-0.04,1.6338
2000-03-25,8988833,71910664,8,366962000,251246000,261756000,146725000,105206000,0,0,33429000,87594000,327006000,8339000,8339000,0.91,0.89,0,20489000,-1617000,4644000,23516000,47237000,2117000,6.42,8.08,4.76,0.4214,0.1331,1.46,4.37,10.88,0,0,0.8326,0.2867,0.0333,3.99,0.26,1.7124
1999-12-25,9071333,72570664,8,365441000,252253000,258557000,170664000,106884000,0,0,33733000,60529000,380124000,15633000,15633000,1.72,1.77,0,9899000,-14523000,-1723000,-6347000,23721000,9518000,5.02,5.95,4.09,0.4081,0.1356,1.47,3.28,9.99,0,0,0.5663,0.2925,0.0331,4.1,0.01,1.4781
1999-09-25,9529820,76238560,8,342901000,237064000,226309000,162074000,116592000,0,0,34036000,35567000,351460000,12074000,12074000,1.21,1.19,0,12941000,-503000,-12983000,-545000,30068000,503000,4.8,5.25,4.36,0.3658,0.1278,1.53,3.31,10.46,0,0,0.3051,0.34,0.031,4.12,0.16,1.4627
1999-06-26,9983933,79871464,8,331695000,229508000,216123000,149736000,115572000,0,0,34340000,34862000,345064000,10755000,10755000,1.06,1.05,0,2212000,-77000,-5231000,-3096000,30613000,77000,4.79,5.56,4.03,0.349,0.1218,1.45,3.5,26.25,0,0,0.3016,0.3484,0.0295,4.13,0.03,1.5328
1999-03-27,10186833,81494664,8,315131000,219405000,203872000,142470000,111259000,0,0,34645000,31248000,311435000,7475000,7475000,0.72,0.71,0,18340000,-486000,-10826000,7028000,33709000,486000,4.91,5.86,3.96,0.1356,0.0462,1.37,3.61,34.76,0,0,0.2809,0.3531,0.0117,3.96,0.22,1.54
1998-12-26,10276833,82214664,8,313665000,218560000,201817000,142890000,111848000,0,0,34949000,29732000,333865000,11326000,11326000,1.08,1.07,0,12677000,-45000,-6132000,6500000,26681000,1505000,4.17,5.7,2.63,0.1017,0.0359,1.36,3.26,49.06,0,0,0.2658,0.3566,0.0093,3.88,0.14,1.5296
1998-09-26,10390733,83125864,8,313168000,216317000,207180000,146151000,105988000,0,0,35306000,30756000,324033000,9239000,9239000,0.85,0.84,0,10219000,38699000,-32579000,-1605000,20181000,1736000,4.02,4.66,3.38,0.065,0.0241,1.28,3.19,73.09,0,0,0.2902,0.3384,0.0064,3.79,0.1,1.4801
1998-06-27,10857433,86859464,8,345208000,258854000,235475000,177108000,109733000,0,0,35609000,27000000,305541000,-13165000,-13165000,-1.16,-1.16,0,None,None,None,10483000,21786000,999000,4.12,4.39,3.84,0.0471,0.0185,1.26,2.66,15.62,0,0,0.2461,0.3179,0.0051,3.67,None,1.4616
1998-03-28,11331733,90653864,8,351679000,216137000,211514000,146654000,140165000,0,0,52855000,33149000,320168000,4492000,4492000,0.38,0.38,0,11533000,-229000,-17995000,-6691000,11303000,229000,3.61,4.06,3.16,0.1741,0.073,1.55,2.17,14.66,0,0,0.2365,0.3986,0.0197,3.7,0.12,1.4738
1997-12-27,11433533,91468264,8,357179000,218222000,205483000,139171000,151696000,0,0,53289000,36218000,347153000,7680000,7680000,0.62,None,0,18799000,5301000,-18252000,5848000,17994000,-3817000,3.27,3.59,2.95,0.1624,0.0687,1.66,2.07,18.29,0,0,0.2388,0.4247,0.0188,3.65,0.25,1.568
1997-09-27,12368433,98947464,8,363789000,214875000,207449000,138082000,156340000,0,0,53828000,40063000,326311000,7565000,7565000,0.6,None,0,19311000,2548000,-13325000,8534000,12146000,-2245000,3.25,3.56,2.94,0.1197,0.0498,1.58,2.14,18.18,0,0,0.2563,0.4298,0.014,3.57,0.22,1.5561
1997-06-28,12623933,100991464,8,360802000,202301000,207481000,134984000,153321000,0,0,54260000,43998000,333682000,6440000,6440000,0.51,None,0,-106000,-4399000,95000,-4410000,3612000,-400000,3.29,3.63,2.94,0.1226,None,1.52,2.27,17.9,0,0,0.287,0.4249,0.014,3.53,0,1.4987
1997-03-29,12616833,100934664,8,355986000,192580000,209268000,133987000,146718000,0,0,54693000,48941000,305558000,3005000,3005000,0.24,None,0,32427000,1440000,-30032000,3835000,8022000,-1440000,3.02,3.31,2.72,0.1296,None,1.45,2.07,16.32,0,0,0.3336,0.4121,0.0145,3.47,0.34,1.4373
1996-12-28,12615833,100926664,8,370801000,200923000,223244000,130270000,147557000,0,0,55126000,67155000,329017000,1063000,1063000,0.08,None,0,17617000,1012000,-19408000,-779000,4187000,-1012000,3.05,3.41,2.69,None,None,1.46,2.13,None,0,0,0.4551,0.3979,None,None,0.18,1.5424
1996-09-28,12788833,102310664,8,384309000,210304000,237815000,145522000,146494000,0,0,55750000,68107000,330195000,7694000,7694000,0.6,None,0,11868000,-1190000,-9215000,1463000,4966000,1190000,3.29,3.67,2.91,None,None,1.43,2.42,None,0,None,0.4649,0.3812,None,None,0.1,1.4452
1996-06-29,12787833,102302664,8,381677000,204247000,242896000,143917000,138781000,0,0,56184000,73709000,329112000,7014000,7014000,0.55,None,0,-11653000,-1240000,11759000,-1134000,3503000,1240000,3.37,3.83,2.91,None,None,1.36,2.61,None,0,None,0.5311,0.3636,None,None,-0.13,1.4192
1996-03-30,12779633,102237064,8,363398000,186346000,231811000,137189000,131587000,0,0,56618000,71362000,295477000,3154000,3154000,0.25,None,0,7162000,1082000,-7022000,1222000,4637000,-1082000,3.07,3.41,2.72,None,None,1.29,None,None,0,None,0.5423,0.3621,None,None,0.08,1.3583
