"Quarter end","Shares","Shares split adjusted","Split factor","Assets","Current Assets","Liabilities","Current Liabilities","Shareholders equity","Non-controlling interest","Preferred equity","Goodwill & intangibles","Long-term debt","Revenue","Earnings","Earnings available for common stockholders","EPS basic","EPS diluted","Dividend per share","Cash from operating activities","Cash from investing activities","Cash from financing activities","Cash change during period","Cash at end of period","Capital expenditures","Price","Price high","Price low","ROE","ROA","Book value of equity per share","P/B ratio","P/E ratio","Cumulative dividends per share","Dividend payout ratio","Long-term debt to equity ratio","Equity to assets ratio","Net margin","Asset turnover","Free cash flow per share","Current ratio"
2015-03-31,79963091,79963091,1,11169000000,1259300000,7806400000,1248800000,3362600000,0,51100000,687700000,2956300000,1163200000,130300000,129500000,1.61,1.6,0.68,524200000,-197500000,-258300000,68400000,86400000,208800000,77.03,83.72,70.34,0.0775,0.0227,41.41,1.9,22.46,46.89,0.8563,0.8927,0.2965,0.053,0.42,3.94,1.0084
2014-12-31,79963091,79963091,1,11282000000,1410700000,7982300000,1436100000,3299700000,0,51100000,688600000,2956300000,1012300000,34800000,34000000,0.42,0.43,0.68,-16500000,52200000,-33800000,1900000,18000000,1113000000,72.75,80.88,64.63,0.0845,0.0244,40.63,1.77,15.78,46.21,0.7855,0.91,0.2879,0.0422,0.57,-14.13,0.9823
2014-09-30,79963091,79963091,1,11384900000,1757000000,8041000000,1629300000,3343900000,0,51100000,707100000,2956300000,1187900000,84000000,83300000,1.04,1.02,0.68,25300000,41100000,-95300000,-28900000,16100000,242300000,67.34,71.1,63.59,0.1142,0.033,41.18,1.65,16.59,45.53,0.5808,0.8978,0.2892,0.0516,0.63,-2.71,1.0784
2014-06-30,79963091,79963091,1,11374400000,2038400000,8066000000,1672300000,3308300000,100000,51100000,708500000,2956200000,1432600000,8000000,7200000,0.09,0.09,0.68,322900000,-266500000,-68000000,-11600000,45000000,189000000,63.91,71.35,56.46,0.1019,0.0293,40.73,1.55,16.39,44.85,0.6602,0.9076,0.2864,0.0457,0.63,1.67,1.2189
2014-03-31,79963091,79963091,1,11802200000,2717100000,8447300000,2142900000,3354000000,900000,51100000,719800000,2956200000,2924900000,153100000,152400000,1.9,1.89,0.68,269700000,-163300000,-72100000,34300000,56600000,159600000,55.95,59.83,52.08,0.0992,0.0286,41.31,1.37,12.77,44.17,0.6856,0.895,0.2799,0.046,0.62,1.38,1.268
2013-12-31,79963091,79963091,1,11243500000,1972200000,7930100000,1622100000,3312400000,1000000,51100000,720700000,2956200000,1710700000,132400000,131600000,1.65,1.61,0.68,42700000,-202900000,156400000,-3800000,22300000,1259900000,56.22,59.74,52.7,0.1117,0.0325,40.79,1.44,15.53,43.49,0.6156,0.9064,0.2901,0.0624,0.52,-15.22,1.2158
2013-09-30,79807435,79807435,1,10921300000,1521700000,7760900000,1632600000,3159300000,1100000,51100000,717200000,2506200000,1129700000,38800000,38100000,0.48,0.47,0.68,63900000,-177000000,119000000,5900000,26100000,173100000,58.69,63.58,53.8,0.0937,0.0272,38.95,1.51,14.75,42.81,0.7478,0.8063,0.2846,0.0563,0.48,-1.37,0.9321
2013-06-30,79589528,79589528,1,10777000000,1488700000,7622300000,2128100000,3153600000,1100000,51100000,717300000,1886200000,1116000000,-4700000,-5400000,-0.07,-0.07,0.68,129300000,-171200000,-9900000,-51800000,20200000,151100000,59.07,62.75,55.39,0.1039,0.0306,38.98,1.5,12.65,42.13,0.6792,0.608,0.2879,0.0643,0.47,-0.27,0.6995
2013-03-31,79128089,79128089,1,10764400000,1600700000,7591400000,2106700000,3173100000,-100000,51100000,713800000,1931700000,1678200000,188300000,187500000,2.38,2.37,0.68,319000000,-471600000,197200000,44600000,72000000,145900000,55.41,58.27,52.55,0.1233,0.0367,39.46,1.46,15.61,41.45,0.5773,0.6187,0.29,0.0798,0.46,2.19,0.7598
2012-12-31,78400088,78400088,1,10327400000,1659100000,7301700000,1813300000,3025800000,-100000,51100000,687000000,1931700000,1191600000,68700000,68000000,0.86,0.85,0.68,22800000,-153700000,140200000,9300000,27400000,146100000,53.48,55.83,51.14,0.0952,0.0286,37.94,1.41,16.82,40.77,0.757,0.6494,0.288,0.0668,0.42,-1.57,0.915
2012-09-30,78287906,78287906,1,9844300000,1419600000,6832500000,1755200000,3011800000,0,51100000,688800000,1708100000,927600000,66300000,65700000,0.84,0.83,0.68,117300000,-186400000,61500000,-7600000,18100000,194500000,56.86,61.92,51.79,0.0858,0.0259,37.82,1.51,20.16,40.09,0.8447,0.5769,0.3008,0.0607,0.42,-0.99,0.8088
2012-06-30,78287906,78287906,1,9709000000,1378900000,6714300000,1627500000,2994600000,100000,51100000,689500000,1735000000,841900000,49600000,48800000,0.62,0.62,0.68,207900000,-125800000,-98700000,-16600000,25700000,121700000,54.22,57.55,50.89,0.0762,0.0232,37.6,1.44,21.1,39.41,0.9536,0.5894,0.3032,0.0536,0.43,1.1,0.8473
2012-03-31,78287906,78287906,1,9879000000,1633700000,6882900000,1715400000,2996000000,100000,51100000,691400000,1850100000,1251300000,99700000,98900000,1.26,1.25,0.68,225800000,-136700000,-74900000,14200000,42300000,121600000,52.84,54.88,50.8,0.0696,0.0214,37.62,1.42,18.35,38.73,1.0459,0.6282,0.2981,0.047,0.45,1.33,0.9524
2011-12-31,78287906,78287906,1,9983200000,1803300000,7021700000,1646700000,2961400000,100000,51100000,658400000,1872000000,1132100000,39500000,38700000,0.48,0.48,0.68,88400000,-126900000,39300000,800000,28100000,105000000,50.18,54.61,45.75,0.0777,0.024,37.17,1.35,15.11,38.05,0.9364,0.6432,0.2915,0.0483,0.49,-0.21,1.0951
2011-09-30,78287906,78287906,1,9416900000,1568000000,6449600000,1186300000,2967200000,100000,51100000,658400000,2080700000,938700000,37600000,36900000,0.47,0.47,0.68,45300000,-145000000,-84400000,-184100000,27300000,87600000,47.77,52.79,42.76,0.0899,0.0276,37.25,1.28,15.36,37.37,0.8127,0.7135,0.3097,0.0538,0.51,-0.54,1.3218
2011-06-30,78287906,78287906,1,9430600000,1665500000,6448400000,1177700000,2982100000,100000,51100000,647700000,2131600000,1010800000,29900000,29100000,0.37,0.37,0.68,192700000,-66300000,-110300000,16100000,211400000,61100000,51.56,54.02,49.1,0.0849,0.0258,37.44,1.37,13.75,36.69,0.8661,0.7273,0.3108,0.0498,0.51,1.68,1.4142
2011-03-31,78290072,78290072,1,9623600000,1870800000,6622400000,1376800000,3001100000,100000,51100000,642500000,2161700000,1627100000,123500000,122700000,1.57,1.56,0.68,395500000,-56200000,-323000000,16300000,195300000,50100000,49.27,51.03,47.51,0.1027,0.0309,37.68,1.35,17.41,36.01,0.7174,0.7328,0.3065,0.0599,0.51,4.41,1.3588
2010-12-31,78007885,78007885,1,9816800000,2050400000,6910900000,1657800000,2905800000,100000,51100000,642500000,2161600000,1287100000,73100000,73100000,0.93,0.92,0.68,-50500000,-71500000,135700000,13700000,179000000,69800000,50.59,54.45,46.73,0.0781,0.0227,36.6,1.4,22.69,35.33,0.9469,0.7572,0.2908,0.0428,0.53,-1.54,1.2368
2010-09-30,77582022,77582022,1,9430600000,1808200000,6572200000,1774900000,2858300000,100000,51100000,642500000,1912700000,997900000,20900000,20200000,0.26,0.26,0.68,17300000,-62500000,-22700000,-67900000,165300000,60000000,47.83,52.74,42.92,0.0606,0.0168,36.18,1.28,18.19,34.65,1.2141,0.6814,0.2977,0.0315,0.53,-0.55,1.0188
2010-06-30,77233327,77233327,1,9510800000,1840500000,6585100000,1671300000,2926900000,-1200000,51100000,642500000,2064800000,1014800000,79400000,78900000,1.02,1.01,0.68,339000000,-49600000,-315300000,-25900000,233200000,55500000,46.87,50.92,42.81,0.0716,0.0184,37.24,1.26,22.64,33.97,1.0225,0.718,0.3024,0.0353,0.52,3.67,1.1012
2010-03-31,77017367,77017367,1,10584500000,2848200000,7673100000,2681200000,2911400000,0,51100000,642500000,2066200000,1903400000,50300000,50300000,0.64,0.64,0.68,419400000,-15700000,-189100000,214600000,259100000,7500000,44.1,47.67,40.53,0.0567,0.0132,37.14,1.18,None,33.29,1.2948,0.7224,0.2702,0.0259,0.51,5.35,1.0623
2009-12-31,76522377,76522377,1,11847900000,3512200000,8938200000,3147600000,2909700000,0,51100000,642500000,2394700000,1573600000,23300000,23300000,0.31,0.32,0.68,111700000,-103800000,-112800000,-104900000,44500000,95200000,38.59,42.99,34.2,-0.0244,-0.0052,37.36,1.04,None,32.61,None,0.8377,0.2413,None,0.57,0.22,1.1158
2009-09-30,76420113,76420113,1,12565200000,4025400000,9688700000,3651100000,2876500000,0,51100000,642800000,2396700000,1297800000,51800000,51800000,0.67,0.66,0.68,246100000,-145200000,-157900000,-57000000,149400000,134400000,32.53,36.75,28.31,-0.0232,-0.0048,36.97,0.89,None,31.93,None,0.8483,0.2249,None,0.68,1.46,1.1025
2009-06-30,76422505,76422505,1,13864300000,5181900000,11016500000,4834900000,2847800000,0,51100000,642800000,2323100000,1427600000,35500000,35500000,0.45,0.45,0.68,395900000,-95000000,-426200000,-125300000,206400000,83900000,27.67,30.4,24.95,-0.0601,-0.0127,36.6,0.76,None,31.25,None,0.8307,0.2017,None,0.82,4.08,1.0718
2009-03-31,76425278,76425278,1,14399700000,5897000000,11564500000,5594100000,2835200000,0,51100000,642800000,2236900000,3200800000,-179400000,-179400000,-2.35,-2.35,0.68,852600000,-93500000,-681500000,77600000,331700000,86100000,32.27,45.1,19.44,-0.0614,-0.0132,36.43,0.81,19.68,30.57,None,0.8035,0.1933,None,0.94,10.03,1.0541
2008-12-31,76425737,76425737,1,14272500000,5890800000,11172900000,5714000000,3099600000,0,51100000,933900000,2288000000,3418300000,26400000,25600000,0.34,0.33,0.67,49200000,-161100000,310600000,198700000,254100000,155700000,44.19,51.47,36.91,0.0394,0.0095,39.89,1.06,18.19,29.89,1.6204,0.7505,0.2136,0.009,1.03,-1.39,1.0309
2008-09-30,76423037,76423037,1,12698900000,5038700000,9472800000,4561200000,3226100000,0,51100000,943700000,2258700000,3223100000,-58400000,-59100000,-0.77,-0.77,0.67,-734600000,-155400000,899400000,9400000,55400000,147500000,51.4,53.92,48.88,0.0571,0.0147,41.55,1.19,13.67,29.22,1.0976,0.7114,0.25,0.0136,1.06,-11.54,1.1047
2008-06-30,76423497,76423497,1,15127600000,6670500000,11785600000,6112000000,3342000000,0,51100000,944400000,2258600000,3417200000,24900000,24100000,0.31,0.31,0.67,-53400000,-41000000,42600000,-51800000,46000000,129600000,49.81,52.74,46.89,0.0885,0.0235,43.06,1.15,15.42,28.55,0.705,0.6863,0.2175,0.0229,1.02,-2.39,1.0914
2008-03-31,76424095,76424095,1,12378900000,4821800000,9009400000,4246400000,3369500000,0,51100000,948000000,2263400000,3989200000,136600000,135800000,1.77,1.77,0.67,488800000,-90900000,-341300000,56600000,97800000,68900000,48.65,53.26,44.04,0.0768,0.0219,43.42,1.15,12.57,27.88,0.816,0.6821,0.2681,0.0215,1.01,5.49,1.1355
2007-12-31,76424095,76424095,1,11234400000,3726300000,7947500000,3248200000,3286900000,0,51100000,948300000,2265100000,3061600000,85900000,85100000,1.11,1.12,0.66,-205100000,-147600000,137600000,-215100000,41200000,133300000,52.06,54.1,50.02,0.0786,0.023,42.34,1.25,16.12,27.21,0.6184,0.7,0.288,0.0244,0.93,-4.43,1.1472
2007-09-30,76264258,76264258,1,10760400000,3314200000,7527700000,3065700000,3232700000,0,51100000,943000000,2143000000,2122500000,43900000,43200000,0.57,0.56,0.66,-56400000,727800000,-446800000,224600000,256300000,91000000,51.67,55.25,48.1,0.0676,0.0191,41.72,1.24,14.43,26.55,0.6917,0.6736,0.2957,0.0207,0.91,-1.93,1.0811
2007-06-30,75995281,75995281,1,11380400000,3065700000,8157300000,3455200000,3223100000,0,51100000,946800000,2142700000,2361700000,-15600000,-16400000,-0.22,-0.22,0.66,64800000,-171700000,81300000,-25600000,31700000,95100000,55.37,60.63,50.11,0.0777,0.021,41.74,1.31,11.96,25.89,0.5671,0.6755,0.2787,0.0217,0.95,-0.4,0.8873
2007-03-31,75681851,75681851,1,10942000000,3856600000,7687900000,3424100000,3254100000,0,51100000,1015400000,2145300000,2746600000,140200000,139400000,2.42,2.41,0.059,325900000,-60500000,-231300000,34100000,57300000,57600000,55.38,58.04,52.72,0.12,0.0315,42.32,1.57,14.97,25.23,0.3337,0.6698,0.2927,0.0309,1,3.55,1.1263
2006-12-31,43400000,43400000,1,6861700000,2927400000,5277000000,2906400000,1584700000,0,51100000,303900000,1287200000,1812900000,22100000,21300000,0.49,0.48,0.57,14400000,-111200000,88200000,-8600000,23200000,86200000,52,54.83,49.18,0.1038,0.0257,35.34,1.44,14.02,25.18,0.621,0.8393,0.2235,0.0226,1.11,-1.65,1.0072
2006-09-30,43256696,43256696,1,6494200000,2635400000,4884300000,2962300000,1609900000,0,51100000,349300000,865700000,1560800000,40200000,39500000,0.91,0.91,0.575,105100000,-96900000,6100000,14300000,31800000,103400000,50.28,52.88,47.67,0.1066,0.0269,36.04,1.41,12.41,24.61,0.6167,0.5554,0.24,0.0205,1.28,0.04,0.8896
2006-06-30,43127869,43127869,1,5978500000,2236700000,4387900000,2515400000,1590600000,0,51100000,0,865700000,1479000000,35700000,34900000,0.83,0.83,0.565,-55500000,-378800000,429100000,-5200000,17500000,69600000,49.5,51.6,47.39,0.1209,0.0297,35.7,1.46,12.89,24.03,0.5631,0.5623,0.2575,0.0211,1.38,-2.9,0.8892
2006-03-31,40306482,40306482,1,5417400000,2088800000,3996000000,2273600000,1421400000,0,51100000,0,867200000,2038000000,60900000,60100000,1.49,1.48,0.565,50800000,-424100000,368300000,-5000000,22700000,82200000,53.39,57.75,49.02,0.1215,0.0297,34,1.64,13.05,23.47,0.5822,0.6329,0.2529,0.0201,1.45,-0.78,0.9187
2005-12-31,40160975,40160975,1,5455200000,2507800000,4099900000,2331800000,1355300000,0,51100000,0,867100000,2415800000,20200000,19400000,0.5,0.49,0.57,-110000000,-85000000,195300000,300000,27700000,164400000,55.23,58.95,51.5,0.1324,0.032,32.47,1.81,10.79,22.9,0.5494,0.6649,0.2391,0.0226,1.39,-6.83,1.0755
2005-09-30,38094761,38094761,1,5478500000,2595700000,4262000000,2524700000,1216500000,0,51100000,0,869600000,1757300000,48900000,48200000,1.26,1.25,0.565,14000000,117000000,-126800000,4200000,27400000,-8700000,57.25,60,54.5,0.1723,0.0417,30.59,1.89,11.93,22.33,0.4327,0.7462,0.2127,0.0329,1.25,0.6,1.0281
2005-06-30,37963287,37963287,1,4452500000,1272500000,3250400000,1319500000,1202100000,0,51100000,0,869600000,1327500000,24700000,23900000,0.63,0.62,0.555,None,None,None,-25900000,23200000,16200000,54,56.9,51.11,0.1644,0.0414,30.32,1.8,12.56,21.77,0.4603,0.7555,0.2585,0.0347,1.17,None,0.9644
2005-03-31,37819990,37819990,1,4685100000,1631600000,3498200000,1553700000,1186900000,0,51100000,0,864900000,1462100000,66700000,65900000,1.74,1.73,0.555,170700000,-76300000,-83300000,9100000,49100000,59000000,51.28,54.9,47.67,0.1509,0.0381,30.03,1.77,13.82,21.21,0.5101,0.7615,0.2424,0.0327,1.14,2.95,1.0501
2004-12-31,37682550,37682550,1,4445600000,1518500000,3302700000,1380100000,1142900000,0,51100000,0,865700000,1398900000,58500000,57700000,1.53,1.52,0.56,-22500000,-104900000,119400000,-15100000,40000000,70600000,47.94,50.53,45.35,0.1323,0.034,28.97,1.7,16.53,20.66,0.5897,0.7929,0.2456,0.0286,1.17,-2.47,1.1003
2004-09-30,37386727,37386727,1,4334800000,1458500000,3228000000,1240400000,1106800000,0,51100000,0,868800000,1072500000,35500000,34800000,0.93,0.93,0.555,18400000,-90600000,58000000,-11200000,55100000,82200000,46.83,48.81,44.85,0.1034,0.0272,28.24,1.68,15.56,20.1,0.7597,0.823,0.2435,0.0236,1.09,-1.71,1.1758
2004-06-30,37253483,37253483,1,3995500000,1206100000,2907700000,946400000,1087800000,0,51100000,0,869500000,1045900000,5400000,4600000,0.12,0.12,0.545,43600000,-75200000,44200000,4900000,66300000,71700000,46.1,48.7,43.5,0.1092,0.028,27.83,1.64,15.52,19.54,0.7369,0.8387,0.2595,0.0237,1.11,-0.75,1.2744
2004-03-31,37108909,37108909,1,4015600000,1305100000,2923600000,1001700000,1092000000,0,51100000,0,871400000,1373300000,43400000,42600000,1.15,1.14,0.545,203500000,-41900000,-144800000,10700000,61400000,38600000,46.96,48.93,44.99,0.114,0.028,28.05,1.73,16.48,19,0.7224,0.8372,0.2592,0.0236,1.12,4.44,1.3029
2003-12-31,36910610,36910610,1,4292300000,1545500000,3238000000,1263700000,1054300000,0,51100000,0,871900000,1043900000,28900000,24900000,0.71,0.71,0.54,None,None,None,10000000,50700000,46300000,43.87,46.8,40.94,0.1104,0.0252,27.18,1.77,14.43,18.45,0.764,0.8691,0.2337,0.0219,1.11,None,1.223
2003-09-30,32667413,32667413,1,3779100000,1168800000,2917500000,1172200000,861600000,0,51100000,0,813000000,1012300000,34800000,34100000,1.05,1.04,0.545,0,-53300000,39700000,-13600000,40700000,48800000,39.94,41.6,38.28,0.1233,0.0273,24.81,1.61,13.54,17.91,0.7049,1.0031,0.2145,0.0242,1.13,-1.49,0.9971
2003-06-30,32490496,32490496,1,3723000000,1118100000,2866700000,1107900000,856300000,0,51100000,0,813500000,981800000,3500000,2700000,0.08,0.08,0.535,-10900000,-62000000,30500000,-42400000,54300000,21100000,41.91,44.28,39.53,0.1205,0.0281,24.78,1.66,11.81,17.37,0.7237,1.0103,0.2163,0.0258,1.09,-0.98,1.0092
2003-03-31,32217120,32217120,1,3748000000,1239500000,2885800000,1186800000,862200000,0,51100000,0,814900000,1283300000,30600000,33000000,1.03,1.02,0.535,122900000,-32000000,-37500000,53400000,96700000,28600000,38.99,41.18,36.8,0.1471,0.0362,25.18,1.59,11.4,16.83,0.5971,1.0047,0.2164,0.0348,1.04,2.93,1.0444
2002-12-31,32014856,32014856,1,3207900000,1043700000,2374000000,1050400000,833900000,0,51100000,0,824400000,814600000,29800000,29100000,0.92,0.9,0.54,-3400000,-66400000,69300000,-500000,43300000,15600000,36.3,39.95,32.64,0.1442,0.0386,24.45,1.51,11.42,16.3,0.6176,1.0531,0.244,0.0409,0.92,-0.59,0.9936
2002-09-30,31884949,31884949,1,2894000000,879200000,2077400000,951800000,816600000,0,51100000,0,658500000,609600000,31300000,30500000,0.96,0.95,0.535,47100000,-48100000,25900000,24900000,43800000,45000000,35.8,41.12,30.47,0.1401,0.0376,24.01,1.52,11.97,15.76,0.6396,0.8602,0.2645,0.0425,0.86,0.07,0.9237
2002-06-30,31737921,31737921,1,2776400000,726700000,1975800000,747400000,800600000,0,51100000,0,710200000,579400000,22500000,21700000,0.68,0.68,0.525,41100000,-117600000,19400000,-57100000,18900000,112700000,39.84,42.68,37,0.1336,0.035,23.62,1.7,14.65,15.22,0.6839,0.9476,0.27,0.0401,0.85,-2.26,0.9723
2002-03-31,31533896,31533896,1,2782500000,811700000,1993700000,692000000,788800000,0,51100000,0,777000000,671300000,28900000,28100000,0.89,0.89,0.525,109200000,-52700000,-24400000,32100000,76000000,48100000,37.79,39.93,35.65,0.1256,0.0318,23.39,1.65,13.89,14.7,0.7427,1.0533,0.2651,0.0359,0.87,1.94,1.173
2001-12-31,31182878,31182878,1,2870000000,1021100000,2103000000,946700000,767000000,0,51100000,0,727800000,583833000,23658000,23658000,0.66,0.66,0.52,3853000,7759000,5117000,16729000,43900000,64339000,35.02,36.8,33.25,0.1288,0.031,22.96,1.62,13.68,14.17,0.7506,1.0166,0.2494,0.0301,1.03,-1.94,1.0786
2001-09-30,28726438,28726438,1,2655036000,855600000,1983433000,792418000,671603000,0,51100000,36118000,786401000,517065000,21824000,20879000,0.76,0.76,0.525,84171000,-86933000,13338000,10576000,27160000,86687000,33.7,35.4,32,0.121,0.0273,21.6,1.58,14.72,13.65,0.8238,1.2674,0.2337,0.0251,1.09,-0.09,1.0797
2001-06-30,28665638,28665638,1,2512281000,790884000,1849623000,762440000,662658000,0,51100000,0,691404000,577167000,11665000,11665000,0.41,0.41,0.515,-5544000,-10089000,14369000,-1264000,16584000,49436000,33.73,35.25,32.2,0.111,0.0249,21.33,1.7,14.6,13.13,0.9064,1.1306,0.2434,0.0227,1.11,-1.92,1.0373
2001-03-31,28132267,28132267,1,2369456000,724153000,1761103000,711926000,608353000,0,51100000,0,668225000,997435000,23553000,24461000,0.89,0.89,0.515,60420000,-50037000,-5324000,5059000,17848000,48238000,33.81,36.63,31,0.1145,0.0259,19.81,1.65,13.42,12.61,0.8844,1.1991,0.2352,0.0245,1.08,0.43,1.0172
2000-12-31,26498166,26498166,1,2816142000,1201171000,2222165000,1182612000,593977000,0,51200000,0,667772000,719413000,13539000,13539000,0.5,0.5,0.52,5500000,-53829000,53041000,4712000,12789000,159267679,34.53,39,30.06,0.1205,0.0296,20.48,1.69,13.81,12.1,0.8291,1.2303,0.1927,0.0335,0.86,-5.8,1.0157
2000-09-30,26498016,26498016,1,2188504000,597629000,1594713000,528472000,593791000,0,51200000,0,662597000,458639000,12867000,12867000,0.49,0.49,0.515,-30000,-70826000,-9807000,-80663000,8077000,-49539679,31.44,33.25,29.63,0.1198,0.033,20.48,1.54,12.43,11.58,0.8312,1.2212,0.2479,0.0424,0.76,1.87,1.1309
2000-06-30,26503035,26503035,1,2095918000,554056000,1502427000,432423000,593491000,0,51200000,0,664913000,374673000,11355000,11661000,0.43,0.43,0.505,21036000,-16955000,67892000,71973000,88740000,15709000,28.75,32.25,25.25,0.122,0.036,20.46,1.4,11.59,11.06,0.8177,1.2261,0.2587,0.0498,0.71,0.2,1.2813
2000-03-31,26488992,26488992,1,1942415000,155475000,1349090000,127476000,593325000,0,51200000,0,585459000,398849000,29232000,27285000,1.1,1.1,0.505,114285000,-50537000,-57528000,6220000,16767000,42310000,24.66,26.69,22.63,0.1207,0.0378,20.47,1.23,11.01,10.55,0.8282,1.0799,0.2791,0.0554,0.67,2.72,1.2196
1999-12-31,26851045,26851045,1,1816548000,292925000,1229048000,None,587500000,0,51200000,0,585587000,296149000,12953000,12953000,0.48,0.48,0.5,-14754000,-124704000,143381000,3923000,10547000,131914000,26.66,29.06,24.25,0.1142,0.0365,19.97,1.34,12.88,10.05,0.8776,1.0919,0.2952,0.0553,0.67,-5.46,None
1999-09-30,26831172,26831172,1,1625515000,148041000,1040384000,94949000,585131000,0,51200000,0,415487000,251005000,13819000,13819000,0.52,0.52,0.505,15275000,-38117000,19973000,-2869000,6624000,36998000,29.25,30.69,27.81,0.1055,0.035,19.9,1.47,14.63,9.55,0.9553,0.7782,0.3285,0.0496,0.72,-0.81,1.5592
1999-06-30,26731683,26731683,1,1602533000,154960000,1020343000,117028000,582190000,0,51200000,0,415643000,221552000,10041000,10645000,0.38,0.38,0.495,41696000,-82625000,41228000,299000,9493000,82727000,30.31,32.25,28.38,0.1022,0.0348,19.86,1.52,14.93,9.04,0.9836,0.7828,0.3313,0.048,0.74,-1.53,1.3241
1999-03-31,26551963,26551963,1,1485955000,156041000,905714000,106982000,580241000,0,51200000,0,344487000,329834000,22752000,23377000,0.86,0.86,0.495,72641000,-24077000,-46504000,2060000,9194000,21544000,32.5,35.75,29.25,0.1031,0.0363,19.92,1.67,17.2,8.55,0.9668,0.6512,0.356,0.0474,0.77,1.92,1.4586
1998-12-31,26551405,26551405,1,1510387000,240712000,941997000,196194000,568390000,0,51200000,0,344087000,319379000,7852000,7852000,0.31,0.31,0.5,11613000,-45308000,34379000,684000,7134000,39717000,35.25,37.5,33,0.0945,0.0334,19.48,1.79,16.55,8.05,1.0459,0.6653,0.3424,0.0446,0.76,-1.06,1.2269
1998-09-30,26551963,26551963,1,1430063000,191606000,856192000,159327000,573871000,0,51200000,0,295769000,247928000,11799000,11799000,0.45,0.45,0.495,14491000,-32987000,-34054000,-52550000,6450000,31483000,33.69,35.75,31.63,0.107,0.0386,19.68,1.67,15.18,7.56,0.9086,0.5659,0.3655,0.0535,0.73,-0.64,1.2026
1998-06-30,23896962,23896962,1,1339449000,229555000,804762000,218977000,534687000,0,51200000,0,252178000,219620000,9879000,9879000,0.41,0.41,0.485,32480000,-28505000,32559000,36534000,56929000,26068000,31.97,34,29.94,0.1119,0.0406,20.23,1.58,14.47,7.06,0.861,0.5216,0.361,0.0584,0.71,0.27,1.0483
1998-03-31,23896962,23896962,1,1306742000,156714000,772583000,79498000,534159000,0,51200000,0,304676000,276809000,17101000,17891000,0.72,0.72,0.485,51127000,-17202000,-19954000,13971000,20395000,13541000,32.91,33.81,32,0.1118,0.0409,20.21,1.65,14.63,6.58,0.8615,0.6309,0.3696,0.0599,0.69,1.57,1.9713
1997-12-31,23896962,23896962,1,1299602000,196591000,770579000,None,529023000,0,51200000,0,304223000,238742000,13033000,13033000,0.55,None,0.48,26028000,-14000000,-9414000,2614000,6424000,6128000,31.16,34.25,28.06,0.1168,0.042,20,1.57,16.66,6.09,0.8248,0.6367,0.3677,0.0632,0.69,0.83,None
1997-09-30,23896962,23896962,1,1265028000,157828000,739607000,107134000,526164000,-743000,51200000,0,305681000,185225000,12903000,12903000,0.54,None,0.485,22055000,-19550000,-3164000,-659000,3810000,18124000,28,29.25,26.75,0.0977,0.0345,19.88,1.41,15.91,5.61,0.9857,0.6436,0.3755,0.0521,0.69,0.16,1.4732
1997-06-30,23896962,23896962,1,1277575000,166478000,752935000,118071000,525247000,-607000,51200000,0,305193000,191360000,9571000,9571000,0.4,None,0.475,33778000,-20879000,-12650000,249000,4469000,17245000,25.63,27.88,23.38,0.0925,0.0325,19.84,1.29,14.4,5.12,1.0371,0.6438,0.3711,0.0496,0.68,0.69,1.41
1997-03-31,23896962,23896962,1,1277822000,151192000,753107000,98703000,525158000,-443000,51200000,0,306551000,263013000,18235000,19979000,0.76,None,0.475,61080000,-16221000,-46617000,-1758000,4220000,12536000,27.44,28.75,26.13,0.0948,0.0331,19.83,1.4,13.72,4.65,1.0057,0.6468,0.3709,0.0515,0.68,2.03,1.5318
1996-12-31,23896962,23896962,1,1330664000,219144000,812141000,None,518724000,-201000,51200000,0,306053000,246309000,3730000,3730000,0.17,None,0.47,23426000,-39934000,18558000,2050000,5978000,36324000,29.44,30.63,28.25,0.1037,0.0372,19.56,1.49,12.27,4.17,0.9145,0.6546,0.3513,0.0571,0.67,-0.54,None
1996-09-30,23896962,23896962,1,1272599000,167605000,747849000,115153000,524750000,0,51200000,0,298212000,178980000,10385000,10385000,0.43,None,0.475,6152000,-25461000,17138000,-2171000,3928000,24017000,31.26,32.13,30.38,0.1247,0.0453,19.82,1.57,11.89,3.7,0.7624,0.6297,0.3721,0.0721,0.64,-0.75,1.4555
1996-06-30,23896962,23896962,1,1255532000,162728000,729359000,111474000,526173000,0,51200000,0,297860000,181628000,10120000,10697000,0.42,None,0.465,15232000,-30752000,-13520000,-29040000,6099000,29315000,31.81,33.5,30.13,0.1376,0.0502,19.88,1.61,12.98,3.23,0.6933,0.6271,0.3783,0.0801,0.64,-0.59,1.4598
1996-03-31,23896962,23896962,1,1282576000,171042000,757880000,104159000,524696000,0,51200000,0,307209000,251337000,23520000,24182000,0.98,None,0.465,71394000,-15089000,-27699000,28606000,35139000,11525000,33.13,34.38,31.88,0.1292,0.0473,19.81,1.71,14.28,2.76,0.7437,0.6488,0.3692,0.0761,0.63,2.51,1.6421
1995-12-31,23896962,23896962,1,1266743000,186085000,752102000,None,514641000,0,51200000,0,306825000,203236000,13507000,13507000,0.57,None,0.47,25254000,-39381000,5388000,-8739000,6533000,32530000,32.25,34.25,30.25,0.1218,None,19.39,1.69,None,2.3,0.7922,0.6621,0.3659,0.0773,0.59,-0.3,None
1995-09-30,23896962,23896962,1,1200963000,146849000,692932000,82902000,508031000,0,51200000,0,308738000,166748000,15732000,15898000,0.66,None,0.465,13751000,-12775000,-11112000,-10136000,15272000,14131000,29.44,30.75,28.13,None,None,19.12,1.56,None,1.83,None,0.6758,0.3804,None,None,-0.02,1.7714
1995-06-30,23896962,23896962,1,1210576000,159028000,707442000,95977000,503134000,0,51200000,0,308993000,162153000,5866000,6022000,0.24,None,0.455,27447000,-25207000,-10873000,-8633000,25408000,20030000,28.88,29.88,27.88,None,None,18.91,1.52,None,1.36,None,0.6837,0.3733,None,None,0.31,1.6569
1995-03-31,23896962,23896962,1,1226510000,169292000,719828000,104271000,506682000,0,51200000,0,310432000,187711000,20238000,20229000,0.85,None,0.455,66083000,-21836000,-23373000,20874000,34041000,13467000,28.25,29.75,26.75,None,None,19.06,1.51,None,0.91,None,0.6815,0.3714,None,None,2.2,1.6236
1994-12-31,23896962,23896962,1,1217275000,170015000,719535000,None,497740000,0,51200000,0,309999000,None,None,None,None,None,0,12855000,-26036000,1627000,-11554000,13167000,22655000,27.31,28.38,26.25,None,None,18.69,1.47,None,0.46,None,0.6942,0.3668,None,None,-0.41,None
1994-09-30,23896962,23896962,1,1181744000,159086000,685908000,76516000,495836000,0,51200000,0,312228000,152257000,12950000,12950000,0.54,None,0.455,None,None,None,None,24723000,0,28.69,30.38,27,None,None,18.61,None,None,0.455,None,0.7022,0.3763,None,None,None,2.0791
