"Quarter end","Shares","Shares split adjusted","Split factor","Assets","Current Assets","Liabilities","Current Liabilities","Shareholders equity","Non-controlling interest","Preferred equity","Goodwill & intangibles","Long-term debt","Revenue","Earnings","Earnings available for common stockholders","EPS basic","EPS diluted","Dividend per share","Cash from operating activities","Cash from investing activities","Cash from financing activities","Cash change during period","Cash at end of period","Capital expenditures","Price","Price high","Price low","ROE","ROA","Book value of equity per share","P/B ratio","P/E ratio","Cumulative dividends per share","Dividend payout ratio","Long-term debt to equity ratio","Equity to assets ratio","Net margin","Asset turnover","Free cash flow per share","Current ratio"
2019-06-30,862831280,862831280,1,138990000000,37058000000,95904000000,35422000000,40754000000,2332000000,0,74321000000,40168000000,19634000000,1900000000,1900000000,2.22,2.2,0.74,2111000000,-823000000,-689000000,574000000,6856000000,549000000,133.29,144.4,122.18,0.1369,0.0394,47.23,2.89,20.57,32.66,0.4779,0.9856,0.2932,0.0713,0.55,1.81,1.0462
2019-03-31,862291415,862291415,1,137380000000,35402000000,95325000000,31403000000,39738000000,2317000000,0,74672000000,41004000000,18365000000,1346000000,1346000000,1.58,1.56,0.735,1500000000,-394000000,-1077000000,70000000,6282000000,450000000,116.44,129.64,103.23,0.1502,0.0436,46.08,2.61,17.8,31.92,0.4498,1.0319,0.2893,0.0764,0.57,1.22,1.1273
2018-12-31,861748797,861748797,1,134211000000,35503000000,93492000000,31368000000,38446000000,2273000000,0,74536000000,41192000000,18044000000,686000000,686000000,0.83,0.82,0.74,2005000000,-15954000000,-2874000000,-16832000000,6212000000,878000000,121.44,142.39,100.48,0.1591,0.0469,44.61,3.03,19.52,31.19,0.44,1.0714,0.2865,0.0792,0.59,1.31,1.1318
2018-09-30,800984201,800984201,1,114939000000,40204000000,80564000000,26504000000,32106000000,2269000000,0,43380000000,38275000000,16510000000,1238000000,1238000000,1.56,1.54,0.7,1762000000,-781000000,11050000000,11938000000,23044000000,534000000,133.63,144.15,123.1,0.1611,0.0483,40.08,3.41,21.04,30.45,0.4499,1.1921,0.2793,0.0776,0.62,1.53,1.5169
2018-06-30,800093285,800093285,1,101569000000,36556000000,68093000000,25068000000,31364000000,2112000000,0,43438000000,27246000000,16705000000,2048000000,2048000000,2.59,2.56,0.7,2102000000,738000000,699000000,3402000000,11106000000,475000000,122.22,129.03,115.4,0.1671,0.0515,39.2,3.2,21.86,29.75,0.4414,0.8687,0.3088,0.0809,0.64,2.03,1.4583
2018-03-31,800059478,800059478,1,98779000000,32741000000,66152000000,24747000000,30534000000,2093000000,0,44334000000,25153000000,15242000000,1297000000,1297000000,1.64,1.62,0.7,453000000,-976000000,-910000000,-1314000000,7704000000,415000000,130.69,139.24,122.14,0.1507,0.0461,38.16,3.53,22.93,29.05,0.4943,0.8238,0.3091,0.0728,0.63,0.05,1.323
2017-12-31,799778295,799778295,1,96920000000,32858000000,65368000000,24391000000,29610000000,1942000000,0,43793000000,24989000000,15680000000,397000000,397000000,0.49,0.5,0.7,2521000000,-1361000000,-700000000,462000000,9018000000,890000000,122.22,128.49,115.94,0.1576,0.0481,37.02,3.27,18.95,28.35,0.4778,0.8439,0.3055,0.0761,0.63,2.04,1.3471
2017-09-30,798569921,798569921,1,96352000000,32963000000,64232000000,25249000000,29881000000,2239000000,0,43871000000,24063000000,15062000000,1330000000,1330000000,1.69,1.67,0.7,-29000000,-668000000,-241000000,-825000000,8556000000,538000000,116.94,124.79,109.1,0.1821,0.0557,37.42,3.28,17.83,27.65,0.4156,0.8053,0.3101,0.0878,0.63,-0.71,1.3055
2017-06-30,798772783,798772783,1,94793000000,32829000000,64232000000,23919000000,28442000000,2119000000,0,43468000000,23883000000,15280000000,1439000000,1439000000,1.83,1.8,0.66,2146000000,-851000000,877000000,2198000000,9381000000,540000000,117.16,123.09,111.24,0.1885,0.0583,35.61,3.4,18.28,26.95,0.4009,0.8397,0.3,0.0915,0.64,2.01,1.3725
2017-03-31,801227504,801227504,1,90373000000,29305000000,60794000000,23726000000,27594000000,1985000000,0,43053000000,20898000000,13815000000,1386000000,1386000000,1.75,1.73,0.66,993000000,-139000000,-929000000,-6000000,7183000000,426000000,110.64,114.44,106.85,0.1851,0.0584,34.44,3.23,18.11,26.29,0.4108,0.7573,0.3053,0.091,0.64,0.71,1.2351
2016-12-31,805861740,805861740,1,89706000000,28550000000,60241000000,21906000000,27579000000,1886000000,0,42743000000,21697000000,14659000000,1011000000,1011000000,1.27,1.25,0.66,1830000000,-660000000,-985000000,37000000,7189000000,743000000,104.83,110.98,98.67,0.177,0.0565,34.22,2.96,12.06,25.63,0.4279,0.7867,0.3074,0.0883,0.64,1.35,1.3033
2016-09-30,823405687,823405687,1,90062000000,28548000000,58983000000,22541000000,29187000000,1892000000,0,43222000000,20190000000,14354000000,1480000000,1480000000,1.8,1.78,0.66,1942000000,-507000000,-1131000000,322000000,7107000000,496000000,104.89,109.69,100.1,0.2569,0.0824,35.45,3.02,12.41,24.97,0.2959,0.6917,0.3241,0.1355,0.61,1.76,1.2665
2016-06-30,836926949,836926949,1,89480000000,27970000000,58518000000,22183000000,29090000000,1872000000,0,43377000000,20130000000,14874000000,1373000000,1373000000,1.66,1.65,0.66,1540000000,-853000000,-1110000000,-430000000,6785000000,464000000,101.55,105.89,97.21,0.2499,0.0806,34.76,3,11.91,24.31,0.3041,0.692,0.3251,0.1348,0.6,1.29,1.2609
2016-03-31,836865684,836865684,1,88571000000,27527000000,58541000000,20523000000,28353000000,1677000000,0,43127000000,21688000000,13357000000,1191000000,1191000000,1.44,1.43,0.64,-1432000000,-483000000,2038000000,140000000,7215000000,384000000,92.45,100.25,84.66,0.2529,0.0817,33.88,2.83,10.65,23.65,0.2996,0.7649,0.3201,0.1343,0.61,-2.17,1.3413
2015-12-31,836432010,836432010,1,87484000000,26706000000,58518000000,22618000000,27358000000,1608000000,0,42904000000,19320000000,11436000000,3278000000,3278000000,3.88,3.83,0.64,2581000000,7955000000,-8923000000,1582000000,7075000000,714000000,94.58,100.8,88.36,0.2603,0.0837,32.71,2.75,14.62,23.01,0.2948,0.7062,0.3127,0.1356,0.62,2.23,1.1807
2015-09-30,887020937,887020937,1,92135000000,32359000000,59952000000,23689000000,30525000000,1658000000,0,42926000000,19428000000,13788000000,1362000000,1362000000,1.55,1.54,0.64,897000000,-926000000,-316000000,-440000000,5493000000,422000000,99.2,111.58,86.82,0.1922,0.0632,34.41,2.91,14.23,22.37,0.3865,0.6365,0.3313,0.0941,0.67,0.54,1.366
2015-06-30,890597745,890597745,1,92773000000,30669000000,60701000000,23729000000,30377000000,1695000000,0,43639000000,19489000000,16333000000,1542000000,1542000000,1.76,1.73,0.64,1538000000,-729000000,-162000000,652000000,5933000000,605000000,115.03,119.14,110.93,0.2026,0.0686,34.11,3.57,16.25,21.73,0.3515,0.6416,0.3274,0.0983,0.7,1.05,1.2925
2015-03-31,890201794,890201794,1,91327000000,29958000000,61025000000,25729000000,28650000000,1652000000,0,43128000000,17809000000,14541000000,1426000000,1426000000,1.6,1.58,0.64,1310000000,173000000,-1384000000,46000000,5281000000,348000000,117.81,124.11,111.52,0.2015,0.0702,32.18,3.42,17.27,21.09,0.3393,0.6216,0.3137,0.0991,0.71,1.08,1.1644
2014-12-31,907156995,907156995,1,91289000000,29758000000,58585000000,22895000000,31213000000,1491000000,0,43356000000,17872000000,16996000000,1473000000,1473000000,1.63,1.62,0.59,2311000000,-829000000,-1185000000,200000000,5235000000,557000000,108.2,117.24,99.17,0.1894,0.0679,34.41,2.9,15.96,20.45,0.3463,0.5726,0.3419,0.0955,0.71,1.93,1.2998
2014-09-30,911658325,911658325,1,91774000000,29411000000,56244000000,23908000000,34049000000,1481000000,0,43853000000,17857000000,16168000000,1854000000,1854000000,2.07,2.04,0.59,1948000000,-603000000,-1231000000,73000000,5035000000,415000000,109.86,115.93,103.79,0.1882,0.0679,37.35,2.97,17.41,19.86,0.3476,0.5245,0.371,0.0957,0.71,1.68,1.2302
2014-06-30,914810016,914810016,1,92142000000,29641000000,56803000000,24330000000,33785000000,1554000000,0,44093000000,17837000000,17191000000,1680000000,1680000000,1.87,1.84,0.59,1742000000,-431000000,-848000000,485000000,4962000000,406000000,116.59,120.09,113.1,0.183,0.0636,36.93,3.31,18.87,19.27,0.3648,0.528,0.3667,0.0902,0.7,1.46,1.2183
2014-03-31,916731329,916731329,1,91229000000,29820000000,57397000000,22931000000,32317000000,1515000000,0,43744000000,19739000000,14745000000,1213000000,1213000000,1.35,1.32,0.59,1335000000,-442000000,-995000000,-142000000,4477000000,333000000,113.11,118.31,107.91,0.1893,0.0628,35.25,3.25,18.1,18.68,0.3639,0.6108,0.3542,0.09,0.7,1.09,1.3004
2013-12-31,915236403,915236403,1,90594000000,29442000000,57264000000,22800000000,31866000000,1464000000,0,43689000000,19741000000,16759000000,1463000000,1463000000,1.63,1.58,0.59,2589000000,-865000000,-1714000000,-2000000,4619000000,641000000,108.28,113.8,102.76,0.2014,0.0639,34.82,3.48,15.62,18.09,0.352,0.6195,0.3517,0.0914,0.7,2.13,1.2913
2013-09-30,917581965,917581965,1,90326000000,29351000000,60283000000,23519000000,28577000000,1466000000,0,43595000000,19785000000,15462000000,1432000000,1432000000,1.59,1.57,0.535,1634000000,-707000000,-1239000000,-288000000,4621000000,383000000,102.9,112,93.8,0.2346,0.0708,31.14,3.5,14.87,17.5,0.3103,0.6923,0.3164,0.1014,0.7,1.36,1.248
2013-06-30,917509315,917509315,1,88744000000,28790000000,60201000000,23164000000,26987000000,1556000000,0,43136000000,20375000000,16006000000,1560000000,1560000000,1.73,1.71,0.535,1960000000,171000000,-1968000000,128000000,4909000000,369000000,94.3,97.55,91.05,0.2421,0.0702,29.41,3.31,14.12,16.96,0.311,0.755,0.3041,0.1018,0.69,1.73,1.2429
2013-03-31,919300710,919300710,1,88513000000,29161000000,60695000000,22559000000,26194000000,1624000000,0,42641000000,21572000000,14399000000,1266000000,1266000000,1.4,1.39,0.535,694000000,288000000,-1019000000,-55000000,4781000000,295000000,88.57,93.59,83.55,0.2435,0.0704,28.49,3.13,15.68,16.43,0.3142,0.8235,0.2959,0.1016,0.69,0.43,1.2927
2012-12-31,916639918,916639918,1,89409000000,29610000000,62102000000,23786000000,25914000000,1393000000,0,42990000000,21597000000,16435000000,2057000000,2057000000,2.28,2.26,0.53,1973000000,2526000000,-5965000000,-1461000000,4836000000,641000000,79.04,83.64,74.44,0.2138,0.0646,28.27,2.9,16.3,15.89,0.3609,0.8334,0.2898,0.0889,0.73,1.45,1.2448
2012-09-30,916544528,916544528,1,91946000000,31685000000,65622000000,26452000000,24955000000,1369000000,0,42776000000,23409000000,15042000000,1415000000,1415000000,1.58,1.56,0.535,1644000000,-6068000000,4609000000,247000000,6297000000,317000000,76.75,82.56,70.95,0.1914,0.0607,27.23,3.1,16.12,15.36,0.4097,0.938,0.2714,0.0782,0.78,1.45,1.1978
2012-06-30,911787235,911787235,1,74653000000,39142000000,50690000000,19793000000,22604000000,1359000000,0,21009000000,20450000000,13807000000,1328000000,1328000000,1.49,1.47,0.48,1727000000,-12168000000,10216000000,-312000000,6050000000,243000000,77.14,83.57,70.71,0.1923,0.0663,24.79,3.13,16.27,14.83,0.4055,0.9047,0.3028,0.0769,0.86,1.63,1.9776
2012-03-31,911358152,911358152,1,61724000000,27847000000,37932000000,18330000000,22492000000,1300000000,0,19938000000,9491000000,12424000000,330000000,330000000,0.37,0.36,0.48,1302000000,-111000000,-839000000,402000000,6362000000,188000000,80.56,87.5,73.62,0.1916,0.0695,24.68,3.35,14.67,14.35,0.4061,0.422,0.3644,0.075,0.93,1.22,1.5192
2011-12-31,908863486,908863486,1,61452000000,25758000000,38274000000,18616000000,21880000000,1298000000,0,21861000000,9501000000,14966000000,1325000000,1325000000,1.48,1.46,0.48,2012000000,-409000000,-1595000000,-6000000,5960000000,378000000,73.62,80.36,66.87,0.223,0.0809,24.07,2.95,13.79,13.87,0.3407,0.4342,0.3561,0.0856,0.95,1.8,1.3836
2011-09-30,906087669,906087669,1,61948000000,26424000000,38033000000,20064000000,22590000000,1325000000,0,21946000000,9501000000,14804000000,1324000000,1324000000,1.49,1.47,0.48,1959000000,9000000,-1301000000,570000000,5966000000,215000000,79.47,91.83,67.12,0.2185,0.0798,24.93,3.18,15.37,13.39,0.3374,0.4206,0.3647,0.0836,0.95,1.92,1.317
2011-06-30,908712931,908712931,1,62147000000,26429000000,38060000000,20214000000,22723000000,1364000000,0,22450000000,9492000000,15076000000,1318000000,1318000000,1.48,1.45,0.48,1258000000,-106000000,-230000000,956000000,5396000000,210000000,85.93,90.67,81.19,0.2161,0.0781,25.01,3.56,17.47,12.91,0.3384,0.4177,0.3656,0.0833,0.94,1.15,1.3075
2011-03-31,915261938,915261938,1,60664000000,25005000000,37219000000,18916000000,22126000000,1319000000,0,22370000000,9986000000,13344000000,1012000000,1012000000,1.13,1.11,0.425,1361000000,-201000000,-879000000,357000000,4440000000,180000000,81.25,85.46,77.05,0.2134,0.0759,24.17,3.5,17.14,12.43,0.3459,0.4513,0.3647,0.0813,0.93,1.29,1.3219
2010-12-31,920456248,920456248,1,58493000000,23510000000,35844000000,17732000000,21385000000,1264000000,0,21781000000,10010000000,14818000000,1199000000,1199000000,1.33,1.31,0.41,1676000000,-501000000,-2845000000,-1648000000,4083000000,386000000,74.97,79.7,70.23,0.2119,0.0742,23.23,3.26,16.37,12,0.3602,0.4681,0.3656,0.0805,0.92,1.4,1.3259
2010-09-30,923407094,923407094,1,60649000000,25337000000,38078000000,19620000000,21254000000,1317000000,0,21492000000,10071000000,13527000000,1198000000,1198000000,1.32,1.3,0.43,1676000000,-327000000,-713000000,734000000,5731000000,177000000,68.72,73.81,63.62,0.2054,0.0715,23.02,3.2,15.55,11.59,0.3704,0.4738,0.3504,0.0778,0.92,1.62,1.2914
2010-06-30,929069716,929069716,1,58343000000,24401000000,37117000000,18762000000,19933000000,1293000000,0,20813000000,10039000000,13890000000,1110000000,1110000000,1.22,1.2,0.43,1400000000,-235000000,-913000000,209000000,4997000000,155000000,69.98,77.09,62.88,0.2055,0.0701,21.45,3.27,16.39,11.16,0.3755,0.5036,0.3417,0.0754,0.93,1.34,1.3006
2010-03-31,933080048,933080048,1,58388000000,24321000000,37087000000,18670000000,19964000000,1337000000,0,21116000000,10004000000,12091000000,866000000,866000000,0.95,0.93,0.43,1154000000,-2124000000,1318000000,339000000,4788000000,147000000,69.93,74.85,65.01,0.2053,0.0683,21.4,3.27,16.97,10.73,0.3801,0.5011,0.3419,0.0738,0.92,1.08,1.3027
2009-12-31,937400008,937400008,1,55762000000,23194000000,34374000000,17913000000,20066000000,1322000000,0,19836000000,8257000000,14100000000,996000000,996000000,1.17,1.15,0.37,1475000000,-373000000,-1283000000,-183000000,4449000000,325000000,65.1,70.89,59.31,0.2092,0.0682,21.41,3.3,15.46,10.3,0.3857,0.4115,0.3599,0.0709,0.94,1.23,1.2948
2009-09-30,937539417,937539417,1,57577000000,23729000000,37931000000,18200000000,18489000000,1157000000,0,19750000000,8729000000,13375000000,1058000000,1058000000,1.15,1.14,0.39,1853000000,-204000000,-1123000000,616000000,4632000000,161000000,56.36,63.72,49,0.2308,0.0706,19.72,3.05,12.81,9.93,0.3762,0.4721,0.3211,0.0732,0.95,1.8,1.3038
2009-06-30,941273401,941273401,1,56545000000,23636000000,38139000000,18571000000,17379000000,1027000000,0,19210000000,8721000000,13196000000,976000000,976000000,1.06,1.05,0.39,1540000000,-306000000,-576000000,744000000,4016000000,173000000,49.53,56.99,42.06,0.2343,0.0746,18.46,2.95,10.61,9.54,0.342,0.5018,0.3073,0.0751,0.98,1.45,1.2727
2009-03-31,942035668,942035668,1,54798000000,23222000000,38012000000,17939000000,15813000000,973000000,0,18549000000,9315000000,12249000000,799000000,722000000,0.79,0.78,0.39,485000000,-221000000,-1209000000,-1055000000,3272000000,167000000,46.45,55.51,37.4,0.2361,0.0792,16.79,2.75,9.44,9.15,0.3055,0.5891,0.2886,0.0771,1.01,0.34,1.2945
2008-12-31,942294242,942294242,1,56469000000,24099000000,39543000000,19434000000,15917000000,1009000000,0,18806000000,9337000000,14499000000,1145000000,1145000000,1.34,1.24,0.39,2020000000,-1146000000,-2000000,712000000,4327000000,406000000,50.86,59.96,41.76,0.233,0.082,16.89,2.29,10.66,8.76,0.2755,0.5866,0.2819,0.0799,1.03,1.71,1.24
2008-09-30,950616049,950616049,1,56810000000,24181000000,34765000000,19857000000,21083000000,962000000,0,19558000000,8113000000,14814000000,1269000000,1269000000,1.36,1.33,0.32,1835000000,41000000,-1624000000,173000000,3615000000,268000000,62.05,67.95,56.15,0.2143,0.0812,22.18,2.73,13.34,8.37,0.2668,0.3848,0.3711,0.0782,1.04,1.65,1.2178
2008-06-30,964356806,964356806,1,58486000000,24779000000,35617000000,20505000000,21912000000,957000000,0,20466000000,8106000000,15667000000,1275000000,1275000000,1.35,1.32,0.32,1418000000,-799000000,-313000000,303000000,3442000000,305000000,68.19,75.86,60.51,0.2129,0.0811,22.72,3.07,15.19,8.05,0.2737,0.3699,0.3747,0.0782,1.04,1.15,1.2084
2008-03-31,973203644,973203644,1,57053000000,23916000000,34483000000,19605000000,21586000000,984000000,0,20277000000,8014000000,13701000000,1000000000,1000000000,1.05,1.03,0.32,888000000,-432000000,-299000000,235000000,3139000000,237000000,71.17,77.14,65.2,0.2138,0.0817,22.18,3.27,16.63,7.73,0.2724,0.3713,0.3783,0.0784,1.04,0.67,1.2199
2007-12-31,981518066,981518066,1,54575000000,22071000000,32308000000,17469000000,21355000000,912000000,0,19877000000,8015000000,14714000000,1060000000,1060000000,1.19,1.09,0.31,2045000000,-1026000000,-953000000,94000000,2904000000,456000000,77.55,82.5,72.6,0.2141,0.0815,21.76,3.78,19.05,7.41,0.2739,0.3753,0.3913,0.0771,1.06,1.62,1.2634
2007-09-30,988508102,988508102,1,53497000000,22561000000,32355000000,18634000000,20278000000,864000000,0,19580000000,7059000000,13863000000,1197000000,1197000000,1.24,1.21,0.32,1383000000,-1619000000,-311000000,-482000000,2810000000,238000000,74.99,80.98,69,0.2152,0.0807,20.51,3.88,19.48,7.1,0.2759,0.3481,0.379,0.0924,0.87,1.16,1.2107
2007-06-30,991783733,991783733,1,50557000000,21712000000,30477000000,16971000000,19195000000,885000000,0,17894000000,7045000000,13904000000,1148000000,1148000000,1.19,1.16,0.27,1449000000,-377000000,-314000000,811000000,3292000000,251000000,68.14,72.64,63.65,0.2082,0.0782,19.35,3.74,18.03,6.78,0.2785,0.367,0.3797,0.1161,0.67,1.21,1.2794
2007-03-31,994430367,994430367,1,48583000000,20187000000,29623000000,16108000000,18106000000,854000000,0,17528000000,7035000000,12278000000,819000000,819000000,0.85,0.82,0.27,453000000,-160000000,-377000000,-65000000,2481000000,208000000,65.67,69.49,61.85,0.2079,0.0778,18.21,3.78,17.65,6.51,0.2832,0.3885,0.3727,0.1707,0.46,0.25,1.2532
2006-12-31,995786259,995786259,1,47141000000,18844000000,29008000000,15208000000,17297000000,836000000,0,17362000000,7037000000,3552000000,865000000,865000000,0.97,0.88,0.26,1655000000,-594000000,-1466000000,-368000000,2546000000,351000000,64.63,67.47,61.8,0.2072,0.0774,17.37,3.43,18.57,6.24,0.2748,0.4068,0.3669,0.2905,0.27,1.31,1.2391
2006-09-30,1003650870,1003650870,1,49596000000,19906000000,29812000000,15422000000,18934000000,850000000,0,16971000000,7067000000,3234000000,996000000,996000000,1.02,0.99,0.27,1361000000,-7000000,-1355000000,31000000,2914000000,184000000,61.09,64.74,57.45,0.1948,0.0729,18.87,3.35,18.51,5.98,0.2834,0.3732,0.3818,0.2823,0.26,1.17,1.2908
2006-06-30,1011429722,1011429722,1,49166000000,19621000000,29889000000,15737000000,18448000000,829000000,0,16606000000,7061000000,3098000000,1103000000,1103000000,1.12,1.09,0.27,812000000,-333000000,-37000000,466000000,2883000000,218000000,61.48,66.39,56.58,0.1963,0.0705,18.24,3.58,19.46,5.71,0.2842,0.3828,0.3752,0.2757,0.26,0.59,1.2468
2006-03-31,1010868329,1010868329,1,47031000000,18121000000,28873000000,15993000000,17357000000,801000000,0,16284000000,5954000000,2963000000,768000000,768000000,0.78,0.76,0.22,975000000,-327000000,-484000000,170000000,2417000000,201000000,57.07,59.94,54.2,0.2006,0.0693,17.17,3.41,18.77,5.44,0.281,0.343,0.3691,0.2683,0.26,0.77,1.1331
2005-12-31,1015427109,1015427109,1,45925000000,17206000000,28156000000,15345000000,16991000000,778000000,0,16066000000,5935000000,3080000000,626000000,626000000,0.71,0.64,0.22,1145000000,-831000000,-158000000,145000000,2247000000,345000000,54.09,58.89,49.29,0.2048,0.0692,16.73,3.71,17.59,5.22,0.2927,0.3493,0.37,0.2637,0.26,0.79,1.1213
2005-09-30,1018652525,1018652525,1,46068000000,17511000000,30324000000,14827000000,14832000000,912000000,0,15856000000,6366000000,2895000000,821000000,821000000,0.83,0.81,0.22,1155000000,-1092000000,58000000,117000000,2102000000,249000000,50.9,52.6,49.2,0.2207,0.0722,14.56,3.63,17.08,5,0.2761,0.4292,0.322,0.2729,0.26,0.89,1.181
2005-06-30,1024758621,1024758621,1,44791000000,17295000000,29517000000,14187000000,14352000000,922000000,0,15263000000,6615000000,2937000000,971000000,971000000,0.98,0.95,0.22,1188000000,-2552000000,1411000000,22000000,1985000000,183000000,51.22,54,48.43,0.2207,0.0735,14.01,3.81,17.91,4.78,0.2701,0.4609,0.3204,0.2719,0.27,0.98,1.2191
2005-03-31,511823140,1023646280,2,40535000000,15746000000,25835000000,12753000000,13773000000,927000000,0,11991000000,4223000000,2725000000,651000000,651000000,1.31,1.28,0.44,846000000,-174000000,-976000000,-302000000,1963000000,152000000,50.69,52.35,49.03,0.2184,0.0739,13.45,3.96,18.17,4.56,0.2665,0.3066,0.3398,0.2672,0.28,0.68,1.2347
2004-12-31,511778571,1023557142,2,40035000000,15522000000,26027000000,12947000000,13098000000,910000000,0,12127000000,4231000000,2778000000,650000000,650000000,1.45,1.35,0.35,858000000,-972000000,-62000000,-75000000,2265000000,344000000,48.86,52.76,44.95,0.22,0.0742,12.8,3.83,18.83,4.34,0.2572,0.323,0.3272,0.2658,0.28,0.5,1.1989
2004-09-30,511043162,1022086324,2,37631000000,14677000000,23756000000,11670000000,13038000000,837000000,0,9666000000,4254000000,2573000000,722000000,722000000,1.46,1.43,0.35,950000000,-349000000,-299000000,322000000,2340000000,180000000,46.03,47.9,44.16,0.2211,0.0753,12.76,3.77,18.3,4.17,0.2635,0.3263,0.3465,0.2653,0.28,0.75,1.2577
2004-06-30,511630546,1023261092,2,36692000000,14163000000,23400000000,11401000000,12480000000,812000000,0,9644000000,4247000000,2629000000,837000000,837000000,1.69,1.66,0.35,1101000000,-345000000,-452000000,287000000,2018000000,148000000,43.25,45.74,40.75,0.2279,0.0748,12.2,3.68,18.68,3.99,0.2521,0.3403,0.3401,0.2693,0.28,0.93,1.2423
2004-03-31,513953900,1027907800,2,35928000000,13372000000,23045000000,11216000000,12085000000,798000000,0,9515000000,4261000000,2511000000,579000000,579000000,1.16,1.14,0.35,790000000,-96000000,-589000000,108000000,1731000000,123000000,45.39,48.75,42.02,0.2245,0.0719,11.76,4,20.22,3.82,0.2518,0.3526,0.3364,0.2684,0.27,0.65,1.1922
2003-12-31,515369672,1030739344,2,34648000000,12364000000,22232000000,10295000000,11707000000,709000000,0,9329000000,4257000000,2564000000,588000000,588000000,1.25,0.96,0.35,798000000,-185000000,-457000000,202000000,1623000000,208000000,43.86,47.77,39.94,0.2359,0.073,11.36,4.08,20.17,3.64,0.2324,0.3636,0.3379,0.2824,0.26,0.57,1.201
2003-09-30,470559321,941118642,2,34062000000,12144000000,23283000000,9959000000,10119000000,660000000,0,9135000000,4650000000,2112000000,639000000,639000000,1.34,1.27,0.27,1022000000,-1248000000,-768000000,-994000000,1421000000,126000000,37.89,40.13,35.65,0.2515,0.0745,10.75,3.73,17.66,3.47,0.2087,0.4595,0.2971,0.307,0.24,0.95,1.2194
2003-06-30,468814654,937629308,2,30907000000,12709000000,20744000000,8383000000,9526000000,637000000,0,7068000000,4630000000,1895000000,632000000,632000000,1.33,1.26,0.27,803000000,-220000000,-148000000,488000000,2415000000,109000000,33.07,36.76,29.38,0.2516,0.0771,10.16,3.56,15.53,3.33,0.2063,0.486,0.3082,0.3188,0.24,0.74,1.516
2003-03-31,467893607,935787214,2,29719000000,11929000000,20445000000,8242000000,8680000000,594000000,0,7004000000,4632000000,1789000000,502000000,502000000,1.05,1,0.245,252000000,-108000000,-323000000,-153000000,1927000000,87000000,30.09,33.1,27.07,0.2532,0.0785,9.28,3.39,14.4,3.2,0.2022,0.5336,0.2921,0.3263,0.24,0.18,1.4473
2002-12-31,470454442,940908884,2,29090000000,11751000000,20146000000,7903000000,8355000000,589000000,0,6981000000,4632000000,1715000000,533000000,533000000,1.11,0.82,0.24,603000000,-238000000,-606000000,-221000000,2080000000,181000000,28.75,32.91,24.59,0.2496,0.0792,8.88,2.82,15.09,3.07,0.2059,0.5544,0.2872,0.3293,0.24,0.45,1.4869
2002-09-30,473664759,947329518,2,28492000000,12229000000,18816000000,8287000000,9676000000,0,0,6937000000,4667000000,1750000000,612000000,612000000,1.28,1.21,0.245,859000000,-176000000,-256000000,399000000,2301000000,130000000,31.74,35.5,27.99,0.2285,0.0739,10.21,3.27,17.06,2.95,0.2204,0.4823,0.3396,0.3048,0.24,0.77,1.4757
2002-06-30,471723035,943446070,2,28382000000,12313000000,19219000000,8690000000,9163000000,0,0,6933000000,4651000000,1705000000,624000000,624000000,1.3,1.23,0.245,818000000,-406000000,123000000,565000000,1902000000,119000000,34.96,37.5,32.42,0.2313,0.0735,9.71,3.82,19.16,2.83,0.2203,0.5076,0.3228,0.3041,0.24,0.74,1.4169
2002-03-31,472859118,945718236,2,27007000000,11359000000,18361000000,8310000000,8646000000,0,0,6810000000,4144000000,1621000000,467000000,467000000,0.97,0.92,0.245,573000000,-268000000,-512000000,-221000000,1337000000,156000000,34.16,38.63,29.68,0.234,0.0737,9.14,3.86,19.03,2.71,0.2194,0.4793,0.3201,0.3018,0.24,0.44,1.3669
2001-12-31,472617013,945234026,2,26969000000,11263000000,18050000000,8371000000,8369000000,550000000,0,6802000000,4237000000,1643000000,345000000,345000000,0.72,0.45,0.22,861000000,-217000000,-438000000,193000000,1558000000,205000000,28.2,32.78,23.63,0.2372,0.0736,8.85,3.13,15.04,2.59,0.2174,0.5063,0.3103,0.2982,0.25,0.69,1.3455
2001-09-30,468539288,937078576,2,26610000000,11749000000,18178000000,9401000000,8432000000,0,0,6803000000,3874000000,1610000000,565000000,565000000,1.19,1.12,0.225,641000000,-217000000,-18000000,408000000,1365000000,174000000,29.55,38.28,20.82,0.2525,0.0779,9,3.42,16.37,2.48,0.2084,0.4594,0.3169,0.3155,0.25,0.5,1.2498
2001-06-30,470946316,941892632,2,26023000000,11096000000,17874000000,9179000000,8149000000,0,0,6696000000,3869000000,1636000000,588000000,588000000,1.23,1.16,0.225,750000000,-416000000,-152000000,177000000,957000000,207000000,39.5,43.6,35.41,0.2518,0.0771,8.65,4.81,22.9,2.36,0.2098,0.4748,0.3131,0.3099,0.25,0.58,1.2088
2001-03-31,470735511,941471022,2,25687000000,10962000000,17949000000,9152000000,7738000000,0,0,6778000000,3960000000,1609000000,440000000,440000000,0.92,0.86,0.225,633000000,-427000000,-161000000,32000000,780000000,207000000,37.27,41.04,33.5,0.2498,0.0752,8.22,4.58,22.38,2.25,0.2121,0.5118,0.3012,0.3038,0.25,0.45,1.1978
2000-12-31,470686714,941373428,2,25364000000,10662000000,17205000000,9344000000,7662000000,497000000,0,6771000000,3476000000,1544000000,426000000,426000000,0.89,0.61,0.22,681000000,-1056000000,311000000,-70000000,748000000,337000000,35.81,39.88,31.75,0.2472,0.0738,8.14,4.52,26.04,2.14,0.2129,0.4537,0.3021,0.2997,0.25,0.37,1.1411
2000-09-30,468359388,936718776,2,24157000000,10213000000,16734000000,8520000000,7423000000,0,0,6071000000,3232000000,1504000000,496000000,496000000,1.04,0.98,0.2,675000000,-323000000,-329000000,5000000,818000000,274000000,32.05,35.75,28.34,0.2004,0.0593,7.92,4.21,33.21,2.03,0.2616,0.4354,0.3073,0.2383,0.25,0.43,1.1987
2000-06-30,468170950,936341900,2,24316000000,10413000000,17183000000,8960000000,7133000000,0,0,6121000000,3242000000,1501000000,509000000,509000000,1.07,1,0.2,621000000,-329000000,-132000000,156000000,813000000,177000000,30.17,33.09,27.25,0.1441,0.043,7.62,4.03,19.59,1.93,0.3698,0.4545,0.2933,0.17,0.25,0.47,1.1622
2000-03-31,470520367,941040734,2,24201000000,10369000000,17165000000,8958000000,7036000000,0,0,5752000000,3246000000,1483000000,377000000,377000000,0.78,0.74,0.2,526000000,-393000000,-432000000,-300000000,657000000,149000000,28.33,32.63,24.03,0.2227,0.0683,7.48,3.77,21.34,1.83,0.2334,0.4613,0.2907,0.2695,0.25,0.4,1.1575
1999-12-31,474095813,948191626,2,24366000000,10627000000,16722000000,9215000000,7117000000,527000000,0,5641000000,3086000000,1547000000,56000000,56000000,0.07,0.03,0.2,716000000,-1292000000,420000000,-158000000,957000000,277000000,29.33,32.5,26.16,0.2338,0.0701,7.51,3.95,19.33,1.73,0.2088,0.4336,0.2921,0.2614,0.27,0.46,1.1532
1999-09-30,478740903,957481806,2,23080000000,10316000000,15978000000,8141000000,7102000000,0,0,5338000000,2844000000,1487000000,90000000,81000000,0.17,0.16,0.2,591000000,-761000000,392000000,230000000,1115000000,193000000,31.8,35.59,28,0.301,0.0866,7.42,4.18,17.77,1.63,0.1735,0.4005,0.3077,0.307,0.28,0.42,1.2672
1999-06-30,481353843,962707686,2,22027000000,9989000000,14710000000,7698000000,7317000000,0,0,4839000000,2110000000,1387000000,1077000000,1077000000,2.33,2.15,0.18,627000000,-2172000000,-353000000,228000000,885000000,163000000,34.11,37.34,30.88,0.3928,0.1055,7.6,6.85,31.73,1.53,0.1434,0.2884,0.3322,0.3619,0.29,0.48,1.2976
1999-03-31,225753606,903014424,4,17912000000,10058000000,13413000000,7381000000,4499000000,0,0,1404000000,1553000000,1402000000,308000000,308000000,0.67,0.63,0.18,376000000,-186000000,-84000000,107000000,657000000,129000000,30.45,33.91,27,0.2971,0.0724,4.98,6.27,25.86,1.44,0.2188,0.3452,0.2512,0.2351,0.31,0.27,1.3627
1998-12-31,225139866,900559464,4,18375000000,9355000000,13574000000,7735000000,4378000000,423000000,0,1750000000,1575000000,1435000000,287000000,287000000,1.21,0.82,0.36,576000000,-466000000,-125000000,-13000000,550000000,314000000,23.06,28.13,18,0.2905,0.0702,4.86,4.75,18.75,1.39,0.2515,0.3598,0.2383,0.2307,0.3,0.29,1.2094
1998-09-30,225826780,903307120,4,18288000000,9702000000,13911000000,8089000000,4377000000,0,0,1731000000,1605000000,1358000000,348000000,348000000,1.5,1.41,0.36,631000000,-948000000,253000000,-55000000,663000000,223000000,21.36,24.78,17.94,0.2837,0.0695,4.85,4.54,18.3,1.3,0.2538,0.3667,0.2393,0.224,0.31,0.45,1.1994
1998-06-30,228029546,912118184,4,17458000000,9613000000,13167000000,7682000000,4291000000,0,0,0,1221000000,1347000000,360000000,360000000,1.54,1.44,0.36,744000000,-416000000,-303000000,15000000,718000000,174000000,23.02,25.03,21.02,0.2717,0.068,4.7,4.99,20.93,1.21,0.2583,0.2845,0.2458,0.2175,0.31,0.62,1.2514
1998-03-31,229511741,918046964,4,17340000000,9599000000,13104000000,7692000000,4236000000,0,0,0,1255000000,1299000000,260000000,260000000,1.1,1.04,0.31,558000000,-439000000,-166000000,-52000000,703000000,155000000,20.12,23.48,16.75,0.256,0.0652,4.61,4.53,19.12,1.12,0.2651,0.2963,0.2443,0.2078,0.31,0.44,1.2479
1997-12-31,229188343,916753372,4,16719000000,9248000000,12215000000,7311000000,4073000000,431000000,0,0,1275000000,1370000000,244000000,236000000,1.33,1.03,0.31,501000000,-591000000,-418000000,-528000000,755000000,321000000,18.57,20.45,16.69,0.2455,0.0637,4.44,4.03,18.3,1.05,0.2785,0.313,0.2436,0.2016,0.31,0.2,1.2649
1997-09-30,232977477,931909908,4,16921000000,9882000000,12623000000,7471000000,4298000000,0,0,0,1363000000,1261000000,300000000,292000000,1.16,1.16,0.31,538000000,-294000000,-368000000,-130000000,1283000000,172000000,20.71,22.23,19.19,0.2406,0.0627,4.61,4.5,24.47,0.97,0.276,0.3171,0.254,0.2017,0.3,0.39,1.3227
1997-06-30,235425353,941701412,4,17031000000,10061000000,12698000000,7644000000,4333000000,0,0,0,1381000000,1286000000,304000000,296000000,1.17,1.17,0.31,583000000,-190000000,-243000000,148000000,1413000000,189000000,19.75,21.94,17.56,0.2306,0.0605,4.6,4.42,24.73,0.89,0.2489,0.3187,0.2544,0.1924,0.31,0.42,1.3162
1997-03-31,236888815,947555260,4,16689000000,9757000000,12450000000,7465000000,4239000000,0,0,0,1398000000,1241000000,224000000,216000000,0.86,0.85,0.31,509000000,-110000000,-240000000,138000000,1265000000,161000000,18.08,19.88,16.28,0.2245,0.0585,4.47,3.98,24.39,0.81,0.2518,0.3298,0.254,0.1873,0.31,0.37,1.307
1996-12-31,237346954,949387816,4,16745000000,9611000000,11961000000,7390000000,4306000000,478000000,0,0,1437000000,1334000000,229000000,229000000,0.88,None,0.28,546000000,-338000000,-335000000,-132000000,1127000000,320000000,16.27,17.61,14.94,0.2143,0.0554,4.54,3.67,24.47,0.74,0.2591,0.3337,0.2572,0.1789,0.31,0.24,1.3005
1996-09-30,120204799,961638392,8,16414000000,9318000000,12154000000,7004000000,4260000000,0,0,0,1469000000,1274000000,254000000,247000000,0.97,0.97,0.275,511000000,-116000000,-203000000,184000000,1259000000,167000000,13.95,15.2,12.69,0.2078,0.0535,4.43,3.26,18.76,0.67,0.2724,0.3448,0.2595,0.1737,0.31,0.36,1.3304
1996-06-30,120857960,966863680,8,16183000000,9214000000,12040000000,6776000000,4143000000,0,0,0,1543000000,1229000000,259000000,259000000,1.96,None,0.55,705000000,-341000000,-381000000,-13000000,1075000000,178000000,13.54,14.53,12.55,0.2009,0.0513,4.28,3.24,19.21,0.63,0.3215,0.3724,0.256,0.1679,0.3,0.55,1.3598
1996-03-31,121792164,974337312,8,16026000000,9169000000,11953000000,6593000000,4073000000,0,0,0,1641000000,1189000000,164000000,164000000,1.24,None,0.55,333000000,-7000000,-136000000,188000000,1088000000,129000000,13.03,14.75,11.31,0.1916,0.049,4.18,3.15,19.2,0.56,0.3354,0.4029,0.2541,0.1602,0.3,0.21,1.3907
1995-12-31,121724402,973795216,8,15958000000,8952000000,11468000000,6659000000,4021000000,469000000,0,0,1649000000,1241000000,187000000,187000000,1.15,None,0.55,530000000,-446000000,-85000000,-4000000,900000000,294000000,11.29,12.22,10.36,0.1859,0.0475,4.13,2.79,17.92,0.49,0.3442,0.4101,0.252,0.1569,0.29,0.24,1.3443
1995-09-30,122007844,976062752,8,15741000000,8636000000,11789000000,6358000000,3952000000,0,0,0,1707000000,1184000000,210000000,203000000,1.6,None,0.5,669000000,-165000000,-343000000,149000000,904000000,155000000,10.41,11.08,9.75,0.1726,0.043,4.05,2.62,17.39,0.42,0.3692,0.4319,0.2511,0.1477,0.29,0.53,1.3583
1995-06-30,123235307,985882456,8,15826000000,8600000000,11898000000,6440000000,3928000000,0,0,0,1753000000,1161000000,218000000,211000000,1.65,None,0.5,740000000,12000000,-466000000,294000000,755000000,183000000,9.18,9.92,8.44,0.1697,0.042,3.98,2.38,17,0.36,0.3821,0.4463,0.2482,0.1482,0.28,0.56,1.3354
1995-03-31,123373992,986991936,8,15695000000,8401000000,11891000000,6453000000,3804000000,0,0,0,1885000000,1066000000,135000000,129000000,1.03,None,0.5,105000000,-55000000,20000000,75000000,461000000,148000000,8.23,8.69,7.78,0.1589,None,3.85,2.16,16.46,0.3,0.4061,0.4955,0.2424,0.141,0.27,-0.04,1.3019
1994-12-31,123160678,985285424,8,15624000000,8228000000,11472000000,6553000000,3752000000,400000000,0,0,1885000000,1099000000,113000000,123000000,0.91,0.76,0.5,457000000,16000000,-624000000,-158000000,386000000,254000000,7.47,8.06,6.88,0.1515,None,3.81,1.98,None,0.24,0.4225,0.5024,0.2401,0.1363,0.26,0.21,1.2556
1994-09-30,124658499,997267992,8,15696000000,7903000000,11926000000,6644000000,3770000000,0,0,0,1894000000,1041000000,194000000,184000000,1.43,1.35,0.5,762000000,-274000000,-535000000,-23000000,544000000,199000000,7.97,8.47,7.47,None,None,3.78,2.17,None,0.17,None,0.5024,0.2402,None,None,0.56,1.1895
1994-06-30,126312240,1010497920,8,15846000000,8227000000,12139000000,6826000000,3707000000,0,0,0,1954000000,1028000000,172000000,161000000,1.25,1.18,0.45,126000000,82000000,-35000000,168000000,567000000,162000000,8.06,8.53,7.59,None,None,3.67,2.25,None,0.11,None,0.5271,0.2339,None,None,-0.04,1.2052
1994-03-31,126946084,1015568672,8,15654000000,7877000000,12019000000,6799000000,3635000000,0,0,0,1937000000,963000000,106000000,95000000,0.73,0.71,0.45,12000000,-113000000,96000000,-22000000,399000000,128000000,8.13,9,7.25,None,None,3.58,2.29,None,0.06,None,0.5329,0.2322,None,None,-0.11,1.1586
1993-12-31,126610856,1012886848,8,15618000000,7706000000,11651000000,6920000000,3598000000,369000000,0,544000000,1939000000,None,None,None,None,None,0,None,None,None,None,421000000,0,7.66,8.27,7.06,None,None,3.55,None,None,0,None,0.5389,0.2304,None,None,None,1.1136
