"Quarter end","Shares","Shares split adjusted","Split factor","Assets","Current Assets","Liabilities","Current Liabilities","Shareholders equity","Non-controlling interest","Preferred equity","Goodwill & intangibles","Long-term debt","Revenue","Earnings","Earnings available for common stockholders","EPS basic","EPS diluted","Dividend per share","Cash from operating activities","Cash from investing activities","Cash from financing activities","Cash change during period","Cash at end of period","Capital expenditures","Price","Price high","Price low","ROE","ROA","Book value of equity per share","P/B ratio","P/E ratio","Cumulative dividends per share","Dividend payout ratio","Long-term debt to equity ratio","Equity to assets ratio","Net margin","Asset turnover","Free cash flow per share","Current ratio"
2017-09-30,72892372,72892372,1,5572500000,2586100000,3554600000,1500000000,2017900000,0,0,2213500000,1143500000,989800000,94100000,93600000,1.28,1.25,0,209800000,-34000000,-16100000,170500000,1300500000,26000000,320.42,324.58,316.26,0.315,0.1064,27.68,12.56,42.11,13.67,0.1018,0.5667,0.3621,0.1467,0.72,2.52,1.7241
2017-06-30,72671541,72671541,1,5353800000,2391900000,3499300000,1514400000,1854500000,0,0,2237200000,1143300000,979700000,139700000,139000000,1.9,1.86,0.26,176400000,-36700000,-89400000,60200000,1130000000,42100000,282.18,316.95,247.41,0.3299,0.1082,25.52,12.22,35.9,13.67,0.1349,0.6165,0.3464,0.1492,0.72,1.85,1.5794
2017-03-31,72417180,72417180,1,5244600000,2300800000,3572800000,1559700000,1671800000,0,0,1923600000,1143000000,938800000,178100000,177200000,2.42,2.37,0.26,140600000,-28300000,-150800000,-36700000,1069800000,22900000,238.28,252.25,224.31,0.3526,0.1124,23.09,10.24,33.89,13.41,0.1283,0.6837,0.3188,0.1562,0.72,1.63,1.4752
2016-12-31,72030026,72030026,1,5306100000,2316400000,3631000000,1108900000,1675100000,0,0,1946900000,1641700000,967100000,159600000,158800000,2.15,2.11,0.28,202400000,-82800000,-191700000,-91400000,905000000,35700000,215.8,227.97,203.63,0.3262,0.101,23.26,9.21,32.31,13.15,0.1409,0.9801,0.3157,0.1424,0.71,2.31,2.0889
2016-09-30,73526324,73526324,1,5310700000,2302400000,3588600000,875100000,1722100000,0,0,1980900000,1641200000,941900000,96400000,96000000,1.3,1.27,0.26,188100000,39900000,-20500000,198600000,996400000,26200000,225.86,239.43,212.29,0.3234,0.0982,23.42,10.19,53.14,12.87,0.1801,0.953,0.3243,0.14,0.7,2.2,2.631
2016-06-30,73454615,73454615,1,5258200000,2185200000,3630400000,926400000,1627800000,0,0,2007100000,1640500000,931500000,159200000,158400000,2.14,2.11,0.24,88900000,-27300000,-40200000,32800000,797800000,17900000,218.36,235.16,201.55,0.2156,0.064,22.16,10.97,155.97,12.61,0.2222,1.0078,0.3096,0.0916,0.7,0.97,2.3588
2016-03-31,73318689,73318689,1,5176900000,2074900000,3717000000,1393600000,1459900000,0,0,1992400000,1144500000,873500000,116200000,115600000,1.56,1.54,0.24,67200000,-353700000,102600000,-185500000,765000000,20500000,188,203.8,172.21,0.0736,0.0223,19.91,9.52,111.9,12.37,0.6354,0.784,0.282,0.0321,0.69,0.64,1.4889
2015-12-31,73734800,73734800,1,4942900000,2093200000,3487600000,1261800000,1455300000,0,0,2159700000,1147800000,870800000,136300000,136500000,1.85,1.76,0.5,116800000,-42700000,-109900000,-51200000,950500000,23600000,187.06,196.98,177.13,0.0842,0.0272,19.74,9.35,114.76,12.13,0.5208,0.7887,0.2944,0.0391,0.69,1.26,1.6589
2015-09-30,73886090,73886090,1,4972400000,2106100000,3494200000,1299500000,1478200000,0,0,2151300000,1147700000,865700000,-86000000,-86000000,-1.16,-1.16,0,173900000,-142400000,-122600000,-96700000,1001700000,21700000,185.78,202.47,169.09,0.0784,0.0265,20.01,8.31,41.47,11.63,0.3794,0.7764,0.2973,0.0384,0.68,2.06,1.6207
2015-06-30,74199143,74199143,1,4967500000,2173100000,3309100000,1110000000,1658400000,0,0,2071500000,1147500000,859800000,-54700000,-54700000,-0.74,-0.74,0.22,393400000,-23000000,-272500000,94200000,1098400000,28400000,172.38,180.94,163.81,0.1966,0.0693,22.35,7.32,47.49,11.63,0.1913,0.6919,0.3339,0.1025,0.67,4.92,1.9577
2015-03-31,74245736,74245736,1,5056700000,2036800000,3307900000,903000000,1748800000,0,0,2103400000,1147400000,819700000,139800000,137700000,1.85,1.82,0.22,114000000,-3300000,-49100000,44100000,1004200000,29200000,171.72,180.35,163.08,0.1594,0.0561,23.55,7.07,46.79,11.41,0.2329,0.6561,0.3458,0.0842,0.66,1.14,2.2556
2014-12-31,74261164,74261164,1,5092600000,2047100000,3287700000,614600000,1804900000,0,0,2145100000,1401900000,867200000,134200000,134100000,1.78,1.71,0.23,121600000,-18300000,-98600000,-11600000,960100000,36600000,157.45,172.68,142.23,0.1572,0.0583,24.3,6.44,15.54,11.19,0.2252,0.7767,0.3544,0.0872,0.66,1.14,3.3308
2014-09-30,74898741,74898741,1,5113700000,2031100000,3281500000,644900000,1832200000,0,0,2183500000,1402800000,830000000,131300000,129100000,1.73,1.69,0.22,254400000,-102800000,-171400000,-24400000,971700000,34400000,147.72,153.13,142.3,0.4253,0.1643,24.46,6.57,15.4,10.96,0.0801,0.7656,0.3583,0.2506,0.64,2.94,3.1495
2014-06-30,74635981,74635981,1,5118300000,2025800000,3440900000,782000000,1677400000,0,0,2213600000,1404100000,827100000,-119400000,-119400000,-1.59,-1.59,0.21,169700000,-27700000,-87600000,56200000,996100000,32900000,142.74,149.25,136.23,0.4239,0.1645,22.47,5.29,15.6,10.74,0.0839,0.8371,0.3277,0.2445,0.66,1.83,2.5905
2014-03-31,76257057,76257057,1,4877900000,1941200000,2821700000,531700000,2056200000,0,0,2240700000,1404800000,799300000,148400000,145900000,1.89,1.86,0.21,114300000,-14500000,-226800000,-127000000,939900000,22700000,136.7,147.98,125.42,0.4073,0.1633,26.96,5.08,16.33,10.53,0.0889,0.6832,0.4215,0.2362,0.68,1.2,3.6509
2013-12-31,77579934,77579934,1,5041100000,2090400000,2952900000,586500000,2088200000,0,0,2264400000,1405700000,791300000,667500000,658300000,8.49,8.17,0.22,706300000,-180400000,-247500000,285200000,1066900000,21800000,126.84,139.85,113.84,0.3841,0.1576,26.92,6.57,73.74,10.32,0.0965,0.6732,0.4142,0.2221,0.7,8.82,3.5642
2013-09-30,77890296,77890296,1,4165000000,1751300000,2660900000,504400000,1504100000,0,0,1812000000,1406500000,758000000,93200000,91600000,1.17,1.15,0.21,201300000,-89200000,-188200000,-77700000,781700000,16700000,113.92,120.55,107.3,0.0841,0.0362,19.31,5.77,55.03,10.1,0.4518,0.9351,0.3611,0.048,0.73,2.37,3.472
2013-06-30,79153466,79153466,1,4227600000,1830800000,2665900000,502900000,1561700000,0,0,1784900000,1406600000,759900000,-161600000,-161600000,-2.03,-2.03,0.2,74700000,-600000,-90900000,-19900000,859400000,17400000,105.03,111.8,98.25,0.099,0.0455,19.73,4.45,18.62,9.89,0.3639,0.9007,0.3694,0.0604,0.73,0.72,3.6405
2013-03-31,80481858,80481858,1,4077100000,1795900000,2178500000,415600000,1898600000,0,0,1816700000,1408600000,740300000,90700000,89000000,1.09,1.08,0.2,141000000,-18100000,-136700000,-17000000,879300000,13200000,100.69,103.51,97.87,0.2476,0.1199,23.59,4.28,16.35,9.69,0.1388,0.7419,0.4657,0.1594,0.74,1.59,4.3212
2012-12-31,81794237,81794237,1,4151300000,1847200000,2225600000,447600000,1925700000,0,0,1836200000,1409600000,762600000,128200000,125900000,1.54,1.52,0.21,234000000,-158200000,6600000,87200000,896300000,17100000,100.14,106.49,93.79,0.2731,0.1329,23.54,4.34,16.94,9.49,0.126,0.732,0.4639,0.1758,0.74,2.65,4.1269
2012-09-30,82311961,82311961,1,3932500000,1785400000,2034700000,784700000,1897800000,0,0,1694100000,911400000,722900000,129300000,126900000,1.52,1.5,0.2,193500000,6900000,-113500000,95100000,809100000,13200000,101,108.31,93.69,0.2719,0.1311,23.06,4.41,17.21,9.28,0.1282,0.4802,0.4826,0.1724,0.75,2.19,2.2753
2012-06-30,83829211,83829211,1,3916600000,1745200000,1995100000,735700000,1921500000,0,0,1719400000,910400000,742600000,133900000,131300000,1.56,1.54,0.19,68000000,50400000,-62800000,39400000,714000000,22700000,101.41,107.91,94.9,0.2742,0.1347,22.92,4.55,26.83,9.08,0.1277,0.4738,0.4906,0.1729,0.77,0.54,2.3722
2012-03-31,83927711,83927711,1,3954000000,1746200000,2082000000,827700000,1872000000,0,0,1749600000,908700000,730000000,138700000,136000000,1.62,1.6,0.19,165700000,2700000,-93500000,78200000,674600000,19600000,92.03,99.64,84.42,0.1788,0.0897,22.3,4.34,25.08,8.89,0.196,0.4854,0.4734,0.1127,0.78,1.74,2.1097
2011-12-31,84058643,84058643,1,3931100000,1685900000,2148900000,904100000,1782200000,0,0,1768000000,908700000,751900000,113800000,113800000,1.31,1.27,0.2,172100000,-505500000,170000000,-170600000,596400000,21500000,85.2,89.61,80.8,0.1771,0.092,21.2,3.95,21.73,8.7,0.1969,0.5099,0.4534,0.1124,0.81,1.79,1.8647
2011-09-30,85782427,85782427,1,3539300000,1900200000,1690300000,507400000,1849000000,0,0,1124600000,908900000,719200000,130100000,127800000,1.48,1.46,0.19,240000000,-226100000,-153300000,-144900000,767000000,18200000,99.32,113.84,84.8,0.1932,0.1038,21.55,4.59,26.14,8.5,0.1823,0.4916,0.5224,0.1216,0.85,2.59,3.745
2011-06-30,86646307,86646307,1,3503200000,1873400000,1628700000,452300000,1874500000,0,0,1132900000,901100000,725000000,-47800000,-47800000,-0.55,-0.55,0.18,131700000,-21000000,47500000,163600000,911900000,15400000,105.81,113.13,98.5,0.1833,0.106,21.63,4.89,18.76,8.31,0.1837,0.4807,0.5351,0.1233,0.86,1.34,4.1419
2011-03-31,85655345,85655345,1,3288300000,1642400000,1436600000,286300000,1851700000,0,0,1138300000,895300000,700300000,131900000,131900000,1.52,1.49,0.18,177700000,-19700000,-60300000,106900000,748300000,16300000,94.75,99.4,90.11,0.2649,0.1668,21.62,4.94,17.58,8.13,0.1235,0.4835,0.5631,0.1878,0.89,1.88,5.7366
2010-12-31,85043493,85043493,1,3171500000,1529300000,1540000000,397700000,1631500000,0,0,750200000,896900000,717100000,136200000,136200000,1.51,1.52,0.19,174100000,-32100000,-167900000,-20800000,641400000,17900000,88.27,95.72,80.82,0.2478,0.1682,19.18,3.67,17.83,7.95,0.1276,0.5497,0.5144,0.1872,0.9,1.84,3.8454
2010-09-30,92902645,92902645,1,3159600000,1519900000,928500000,518500000,2231100000,0,0,1151700000,149800000,678400000,127500000,127500000,1.35,1.34,0.18,168400000,-212800000,105800000,69300000,662200000,13000000,78.68,82.2,75.16,0.2181,0.1617,24.02,3.44,15.99,7.76,0.1379,0.0671,0.7061,0.1787,0.9,1.67,2.9313
2010-06-30,93647863,93647863,1,2856900000,1403600000,716600000,282400000,2140300000,0,0,952000000,149800000,673900000,124600000,124600000,1.31,1.29,0.17,113900000,-87100000,-144900000,-127500000,592900000,11100000,83.66,90,77.31,0.2211,0.1674,22.85,3.59,17.65,7.58,0.1367,0.07,0.7492,0.1823,0.92,1.1,4.9703
2010-03-31,95097102,95097102,1,2922200000,1525600000,693300000,264200000,2216300000,12600000,0,893400000,149800000,650800000,120900000,120900000,1.25,1.24,0.17,181400000,-23100000,-103600000,46000000,720400000,9200000,82.47,87.1,77.85,0.2167,0.1644,23.31,3.6,17.93,7.41,0.1396,0.0676,0.7584,0.1809,0.91,1.81,5.7744
2009-12-31,95657595,95657595,1,2906900000,1491800000,701000000,281700000,2193600000,12300000,0,767300000,149800000,676900000,105900000,105900000,1.09,1.08,0.18,184600000,-76200000,-73500000,42300000,674400000,10600000,79.74,85.49,73.99,0.2161,0.1642,22.93,3.58,16.01,7.24,0.1416,0.0683,0.7546,0.1815,0.9,1.82,5.2957
2009-09-30,96536202,96536202,1,2807500000,1454400000,645000000,247200000,2150100000,12400000,0,857800000,149800000,637000000,129500000,129500000,1.32,1.31,0.17,167200000,-40200000,-109300000,24200000,632100000,11500000,76.54,82.98,70.1,0.2427,0.1837,22.27,3.57,16.08,7.06,0.1267,0.0697,0.7658,0.2021,0.91,1.61,5.8835
2009-06-30,97616649,97616649,1,2762700000,1419300000,661000000,261400000,2089800000,11900000,0,475000000,149800000,624600000,112200000,112200000,1.13,1.11,0.16,96600000,-32500000,-146600000,-59300000,607900000,14900000,74.94,80.94,68.94,0.2395,0.1801,21.41,3.58,16.99,6.89,0.1304,0.0717,0.7564,0.1963,0.92,0.84,5.4296
2009-03-31,99302047,99302047,1,2728200000,1420300000,634900000,247100000,2081600000,11700000,0,820600000,149800000,596400000,112500000,112500000,1.12,1.1,0.16,170900000,-40300000,-49000000,75100000,667200000,11100000,79.22,88.43,70,0.2282,0.1709,20.96,3.98,19.46,6.73,0.1387,0.072,0.763,0.183,0.93,1.61,5.7479
2008-12-31,99430986,99430986,1,2665700000,1354200000,688500000,273100000,1977200000,0,0,668200000,149800000,634200000,149400000,149400000,1.52,1.46,0.16,137500000,-39800000,-8900000,56500000,592100000,15200000,82.99,95.98,70,0.2178,0.1618,19.89,4.21,22.86,6.57,0.1478,0.0758,0.7417,0.1699,0.95,1.23,4.9586
2008-09-30,99200341,99200341,1,2622800000,1314900000,665500000,287600000,1957300000,0,0,845000000,149800000,616800000,111200000,111200000,1.12,1.09,0.16,173800000,-9200000,-41100000,108000000,535600000,11400000,94.01,101.61,86.41,0.198,0.1473,19.73,4.94,26.86,6.41,0.1631,0.0765,0.7463,0.155,0.95,1.64,4.572
2008-06-30,99339845,99339845,1,2538100000,1219600000,647200000,286400000,1890900000,0,0,856500000,149800000,617100000,77900000,77900000,0.78,0.76,0.15,98300000,-57700000,-30100000,12900000,427600000,13600000,92,99.31,84.69,0.1955,0.146,19.03,5,25.21,6.25,0.1655,0.0792,0.745,0.1559,0.94,0.85,4.2584
2008-03-31,99277213,99277213,1,2472200000,1173400000,646700000,294200000,1825500000,0,0,829700000,149800000,584000000,78000000,78000000,0.78,0.76,0.15,106600000,-45200000,-135900000,-73700000,414700000,10400000,94.57,100.33,88.81,0.2061,0.1547,18.39,5.13,24.63,6.1,0.1559,0.0821,0.7384,0.1695,0.91,0.97,3.9884
2007-12-31,100333210,100333210,1,2475500000,1242000000,627500000,281700000,1848000000,0,0,584200000,149800000,583300000,105200000,105200000,1.05,1.02,0.15,173100000,-5600000,-160300000,17600000,488400000,14500000,86.87,95.33,78.41,0.2183,0.1651,18.42,4.74,28.67,5.95,0.1459,0.0811,0.7465,0.1846,0.89,1.58,4.4089
2007-09-30,101896907,101896907,1,2462800000,1247800000,596400000,237000000,1866400000,0,0,759700000,149800000,544800000,102100000,102100000,0.99,0.96,0.15,141300000,-1700000,-169900000,-26700000,470800000,11000000,82.66,88.71,76.61,0.1772,0.134,18.32,4.52,28.6,5.8,0.1816,0.0803,0.7578,0.1511,0.89,1.28,5.265
2007-06-30,103359171,103359171,1,2486700000,1278000000,595900000,241300000,1890800000,0,0,758800000,149800000,545700000,97500000,97500000,0.94,0.91,0.14,94000000,-61600000,-58400000,-21400000,497500000,11400000,82.69,85.73,79.64,0.1727,0.1299,18.29,4.65,30.18,5.65,0.1874,0.0792,0.7604,0.1474,0.88,0.8,5.2963
2007-03-31,103498132,103498132,1,2419100000,1259800000,579100000,233700000,1840000000,0,0,721700000,149800000,528200000,101600000,101600000,0.98,0.95,0.14,144300000,-43600000,1900000,102700000,518900000,13800000,81.62,86.17,77.06,0.1692,0.1254,17.78,4.96,32.01,5.51,0.1942,0.0814,0.7606,0.143,0.88,1.26,5.3907
2006-12-31,103269543,103269543,1,2277200000,1133900000,579200000,295900000,1698000000,0,0,522900000,150600000,520900000,22000000,22000000,0.21,0.21,0.14,75800000,-44400000,-74500000,-38400000,416200000,17700000,80.19,85.72,74.65,0.163,0.1189,16.44,4.8,25.95,5.37,0.2051,0.0887,0.7457,0.137,0.87,0.56,3.832
2006-09-30,102983119,102983119,1,2321200000,1120000000,600100000,480500000,1721100000,0,0,571200000,800000,498900000,87600000,87600000,0.85,0.82,0.14,124700000,2700000,-93500000,34600000,454600000,15100000,71.91,76.47,67.36,0.2027,0.1445,16.71,4.49,23.2,5.23,0.1661,0.0005,0.7415,0.1723,0.84,1.06,2.3309
2006-06-30,103513564,103513564,1,2313200000,1101800000,653600000,531200000,1659600000,0,0,523600000,800000,498200000,81400000,81400000,0.79,0.76,0.13,66800000,-176100000,-74800000,-176400000,420000000,17300000,71.81,76.75,66.87,0.2101,0.1491,16.03,4.65,22.94,5.09,0.1624,0.0005,0.7174,0.1789,0.83,0.48,2.0742
2006-03-31,103554597,103554597,1,2239200000,1221900000,640500000,552200000,1598700000,0,0,459900000,800000,467500000,81100000,81100000,0.78,0.76,0.13,66000000,-139700000,-85600000,-157800000,596400000,20300000,65.44,71,59.89,0.218,0.155,15.44,4.43,20.97,4.96,0.1581,0.0005,0.714,0.1861,0.83,0.44,2.2128
2005-12-31,104007512,104007512,1,2265600000,1264100000,729500000,640600000,1536100000,0,0,455800000,800000,452000000,80100000,80100000,0.77,0.75,0.13,123900000,-34200000,76700000,161800000,754200000,25800000,65.73,70.65,60.82,0.2234,0.1582,14.77,4.46,21.84,4.83,0.1555,0.0005,0.678,0.1903,0.83,0.94,1.9733
2005-09-30,104867682,104867682,1,2117400000,1115600000,571700000,338300000,1545700000,0,0,461500000,151400000,443300000,90400000,90400000,0.86,0.83,0.13,107600000,-30800000,-52000000,26100000,592400000,24500000,65.36,68,62.73,0.223,0.1581,14.74,4.58,20.88,4.7,0.1895,0.0979,0.73,0.1874,0.84,0.79,3.2977
2005-06-30,105294800,105294800,1,2073400000,1085600000,571700000,340900000,1501700000,0,0,471300000,151400000,447400000,85300000,85300000,0.81,0.79,0.12,61400000,-24300000,-12600000,10700000,566300000,23600000,69.06,72.79,65.34,0.2426,0.1682,14.26,5,23.9,4.57,0.1889,0.1008,0.7243,0.1967,0.86,0.36,3.1845
2005-03-31,105113941,105113941,1,2067800000,1078900000,614600000,380600000,1453200000,0,0,479600000,151400000,428600000,81300000,81300000,0.78,0.75,0.12,108200000,-76800000,-14700000,14800000,555600000,23300000,66.38,70.85,61.9,0.2365,0.1593,13.82,5.11,23.58,4.45,0.2115,0.1042,0.7028,0.1846,0.86,0.81,2.8347
2004-12-31,104732651,104732651,1,2009100000,1054000000,633300000,390300000,1360100000,15700000,0,460200000,151400000,424100000,69800000,69800000,0.67,0.64,0.22,84200000,-19300000,-19200000,60100000,540800000,17200000,58.4,65.13,51.67,0.2436,0.1602,12.99,4.81,24.64,4.33,0.2005,0.1113,0.677,0.1828,0.88,0.64,2.7005
2004-09-30,104649991,104649991,1,1905600000,970600000,617600000,375800000,1271300000,16700000,0,457300000,151500000,421900000,102400000,102400000,0.98,0.95,0.15,84700000,43500000,-92800000,35100000,480700000,20900000,54.88,58.62,51.15,0.2178,0.1401,12.15,4.81,28.73,4.11,0.1957,0.1192,0.6671,0.1572,0.89,0.61,2.5828
2004-06-30,104823904,104823904,1,1858500000,924000000,645500000,394000000,1195300000,17700000,0,462600000,151400000,416300000,58700000,58700000,0.56,0.55,0.14,29800000,-90400000,52600000,-12800000,445600000,16000000,53.23,58.25,48.22,0.1844,0.1169,11.4,4.84,29.09,3.96,0.2262,0.1267,0.6432,0.1305,0.9,0.13,2.3452
2004-03-31,52169303,104338606,2,1786400000,934700000,621200000,387700000,1146200000,19000000,0,517800000,151400000,393800000,71900000,71900000,1.38,1.35,0.14,78500000,-20700000,-28700000,41000000,458400000,19900000,44.54,49,40.08,0.184,0.1165,10.99,4.43,27.84,3.82,0.2201,0.1321,0.6416,0.1298,0.9,0.56,2.4109
2003-12-31,51949077,103898154,2,1692000000,875100000,646300000,421900000,1045700000,0,0,491800000,151500000,381200000,20600000,20600000,0.4,0.39,0.23,95100000,-40800000,-31000000,34900000,417400000,26100000,38.03,40.8,35.26,0.1683,0.1062,10.06,3.9,20.56,3.75,0.2773,0.1449,0.618,0.1176,0.9,0.66,2.0742
2003-09-30,51860370,103720740,2,1600000000,804900000,589200000,363500000,1010800000,0,0,483200000,151500000,361800000,51500000,51500000,0.99,0.98,0.23,76600000,-55800000,-24400000,-11100000,382500000,15600000,34.55,36.35,32.75,0.2026,0.1282,9.75,3.57,21,3.63,0.2372,0.1499,0.6318,0.1406,0.91,0.59,2.2143
2003-06-30,51825672,103651344,2,1563300000,829100000,560400000,341600000,1002900000,0,0,432600000,151800000,354200000,49500000,49500000,0.96,0.94,0.22,28200000,-59100000,13900000,-7200000,393600000,15800000,33.33,36.59,30.06,0.188,0.1201,9.68,3.67,20.96,3.52,0.2638,0.1514,0.6415,0.1285,0.93,0.12,2.4271
2003-03-31,52045665,104091330,2,1490400000,809100000,544400000,325200000,946000000,0,0,396700000,152000000,335900000,46900000,46900000,0.91,0.89,0.22,62900000,-29100000,-13600000,27100000,400800000,14600000,29.46,31.91,27.02,0.1912,0.123,9.09,3.45,20.04,3.41,0.2692,0.1607,0.6347,0.1278,0.96,0.46,2.488
2002-12-31,51619621,103239242,2,1416700000,758000000,536300000,316900000,880400000,0,0,381300000,152200000,331700000,46600000,46600000,0.9,0.89,0.22,92100000,-29700000,-21400000,48600000,373700000,12300000,27.48,29.93,25.04,0.184,0.1193,8.53,3.35,19.84,3.3,0.2877,0.1729,0.6214,0.1217,0.98,0.77,2.3919
2002-09-30,51683593,103367186,2,1282600000,697600000,435100000,264500000,847500000,0,0,372000000,152400000,322700000,29800000,29800000,0.58,0.57,0.22,79800000,-21500000,-23800000,34500000,325100000,17900000,25.85,28.82,22.88,0.1802,0.1179,8.2,3.24,17.95,3.19,0.2998,0.1798,0.6608,0.1186,0.99,0.6,2.6374
2002-06-30,51559790,103119580,2,1248200000,670800000,424200000,235200000,824000000,0,0,369200000,156000000,317500000,43900000,43900000,0.84,0.83,0.21,55900000,-6700000,-53100000,-3900000,290300000,5600000,28.05,29.72,26.38,0.1948,0.1256,7.99,3.61,20.55,3.08,0.2841,0.1893,0.6602,0.1259,1,0.49,2.852
2002-03-31,52598247,105196494,2,1248300000,670900000,430800000,227800000,817500000,0,0,370500000,156200000,301900000,34700000,34700000,0.66,0.65,0.21,44500000,-7200000,-5400000,31900000,294200000,5200000,27.01,31.97,22.05,0.1939,0.1216,7.77,3.6,19.79,2.98,0.3012,0.1911,0.6549,0.1207,1.01,0.37,2.9451
2001-12-31,52522953,105045906,2,1231100000,647400000,442400000,234500000,788700000,0,0,372900000,156400000,302800000,39300000,39300000,0.77,0.72,0.21,85000000,-34600000,28800000,79200000,262300000,7100000,28.7,32.48,24.91,0.2042,0.1241,7.51,4.05,26.7,2.87,0.3015,0.1983,0.6406,0.1212,1.02,0.74,2.7608
2001-09-30,51104931,102209862,2,1165300000,601400000,440700000,235700000,724600000,0,0,352600000,156700000,297800000,35700000,35700000,0.7,0.68,0.21,76300000,-8000000,-24400000,43900000,185700000,5100000,25.88,30.13,21.63,0.1706,0.1003,7.09,4.06,24.3,2.77,0.3815,0.2163,0.6218,0.0968,1.04,0.7,2.5515
2001-06-30,51304766,102609532,2,1113400000,549400000,458900000,211700000,654500000,0,0,352700000,198700000,295900000,35000000,35000000,0.69,0.68,0.21,42500000,-17200000,-5600000,19700000,141800000,8100000,24.71,28.63,20.8,0.1753,0.0998,6.38,3.93,23.53,2.66,0.3869,0.3036,0.5878,0.0972,1.03,0.34,2.5952
2001-03-31,50678321,101356642,2,1104800000,539100000,467300000,219800000,637500000,0,0,354800000,200500000,284800000,33200000,33200000,0.65,0.65,0.21,44300000,-12300000,-24000000,8000000,122100000,7100000,22.13,23.82,20.43,0.1763,0.0982,6.29,3.66,21.38,2.56,0.388,0.3145,0.577,0.0974,1.01,0.37,2.4527
2000-12-31,50747873,101495746,2,1089200000,526600000,475300000,224500000,613900000,0,0,356200000,204300000,280300000,8300000,8300000,0.16,0.14,0.21,77600000,-16200000,-26800000,34600000,114100000,7400000,22.56,25.03,20.09,0.1779,0.0969,6.05,3.73,17.69,2.45,0.389,0.3328,0.5636,0.0973,1,0.69,2.3457
2000-09-30,50836716,101673432,2,1122700000,515400000,507200000,310800000,615500000,0,0,361200000,157400000,275400000,34000000,34000000,0.67,0.66,0.21,53500000,1600000,-29000000,26100000,85900000,3600000,23.33,26.57,20.09,0.2231,0.1184,6.05,3.97,18.89,2.35,0.3118,0.2557,0.5482,0.121,0.98,0.49,1.6583
2000-06-30,50783529,101567058,2,1105200000,485800000,508800000,311800000,596400000,0,0,367500000,158300000,274600000,33100000,33100000,0.66,0.65,0.2,29100000,-9400000,-7600000,12100000,59800000,3900000,22.7,26,19.41,0.2201,0.1151,5.87,3.97,19.16,2.24,0.3179,0.2654,0.5396,0.1192,0.97,0.25,1.5581
2000-03-31,50471453,100942906,2,1097200000,471800000,519900000,322900000,577300000,0,0,368300000,158100000,268500000,31500000,31500000,0.62,0.62,0.2,46500000,-32000000,-59500000,-45000000,47700000,4500000,22.48,27.47,17.5,0.2157,0.1114,5.72,3.98,19.89,2.14,0.3271,0.2739,0.5262,0.1164,0.96,0.42,1.4611
1999-12-31,50831338,101662676,2,1126400000,529100000,552100000,352500000,574300000,0,0,337000000,158400000,270700000,33200000,33200000,0.65,0.62,0.2,34300000,-1100000,3400000,36600000,92700000,5300000,26.26,29.19,23.32,0.2102,0.1071,5.65,4.66,11.27,2.04,0.3379,0.2758,0.5099,0.1139,0.94,0.29,1.501
1999-09-30,51189473,102378946,2,1117000000,509800000,541100000,344200000,575900000,0,0,349000000,158800000,259500000,30100000,30100000,0.59,0.58,0.2,55900000,-45200000,-300000,10400000,57500000,8200000,24.41,26.84,21.97,0.4438,0.2278,5.63,4.52,10.85,1.94,0.1589,0.2757,0.5156,0.2402,0.95,0.47,1.4811
1999-06-30,51238316,102476632,2,1074400000,500100000,521100000,323300000,553300000,0,0,348300000,159000000,257800000,28200000,28200000,0.55,0.55,0.19,39600000,-8800000,-29800000,1000000,47100000,6100000,24.11,27.38,20.84,0.4359,0.2149,5.4,4.56,10.35,1.84,0.1631,0.2874,0.515,0.2253,0.95,0.33,1.5469
1999-03-31,51396606,102793212,2,1093300000,512500000,549300000,351200000,544000000,0,0,354400000,159500000,248500000,26600000,26600000,0.52,0.51,0.19,-39300000,-9700000,53900000,4900000,46100000,6500000,26.29,29.94,22.63,0.4504,0.2155,5.29,4.76,11.46,1.75,0.1568,0.2932,0.4976,0.2274,0.95,-0.45,1.4593
1998-12-31,51447553,102895106,2,1079800000,488500000,512200000,302800000,567600000,0,0,358900000,160000000,269300000,163700000,163700000,3.06,3.02,0.19,40300000,407500000,-438000000,9800000,41200000,9900000,21.04,25.13,16.94,0.4409,0.2058,5.52,4.05,21.15,1.65,0.1597,0.2819,0.5257,0.2166,0.95,0.3,1.6133
1998-09-30,53602785,107205570,2,1257700000,573700000,701800000,492800000,555900000,0,0,393800000,160300000,298500000,23500000,23500000,0.42,0.42,0.19,36700000,-16700000,-58200000,-38200000,32200000,12200000,18.6,20.82,16.38,0.196,0.0881,5.19,3.55,24.8,1.56,0.3624,0.2884,0.442,0.0931,0.95,0.23,1.1642
1998-06-30,56128147,112256294,2,1283800000,596200000,695500000,365100000,588300000,0,0,398700000,280200000,300600000,40200000,40200000,0.71,0.71,0.18,76500000,-13000000,-50200000,13300000,70400000,11800000,17.83,19.44,16.22,0.148,0.0664,5.24,3.51,28.53,1.46,0.4794,0.4763,0.4582,0.0706,0.94,0.58,1.633
1998-03-31,56789517,113579034,2,1283000000,575900000,706000000,316000000,577000000,0,0,422600000,340300000,296300000,24900000,24900000,0.44,0.44,0.18,54700000,-21800000,-12200000,20700000,57100000,9900000,16.69,19.13,14.25,0.1226,0.055,5.08,3.31,26.28,1.37,0.569,0.5898,0.4497,0.0588,0.94,0.39,1.8225
1997-12-31,56829989,113659978,2,1279300000,563500000,706200000,310600000,573100000,0,0,424400000,340700000,311300000,23800000,23800000,0.42,None,0.18,22700000,-4500000,-4200000,14000000,36400000,7600000,15.35,17.44,13.25,0.1238,0.0556,5.04,3.11,23.44,1.28,0.5524,0.5945,0.448,0.0596,0.93,0.13,1.8142
1997-09-30,56906487,113812974,2,1281000000,548200000,719300000,328400000,561700000,0,0,421200000,340800000,297500000,-3800000,-3800000,-0.07,None,0.18,10800000,23500000,-69100000,-34800000,25200000,7000000,17.92,19.5,16.34,0.1268,0.0571,4.94,3.39,22.68,1.19,0.5254,0.6067,0.4385,0.0617,0.93,0.03,1.6693
1997-06-30,57413194,114826388,2,1327400000,585000000,720200000,326000000,607200000,0,0,431200000,341300000,304000000,26200000,26200000,0.46,None,0.17,49000000,-18000000,-5800000,25200000,60000000,9400000,16.16,18.38,13.94,0.1509,0.0681,5.29,3.1,20.2,1.1,0.4307,0.5621,0.4574,0.0743,0.92,0.34,1.7945
1997-03-31,57093752,114187504,2,1317500000,574700000,722900000,327900000,594600000,0,0,434800000,342700000,300700000,26100000,26100000,0.46,None,0.17,16000000,-26600000,-18200000,-28800000,34800000,8800000,13.79,14.38,13.19,0.1546,0.0715,5.21,2.61,17.02,1.01,0.4176,0.5764,0.4513,0.0759,0.94,0.06,1.7527
1996-12-31,57011717,114023434,2,1332500000,576900000,731000000,336200000,601500000,0,0,447200000,342800000,314200000,26500000,26500000,0.46,None,0.17,48900000,-45200000,4900000,8600000,63600000,17000000,14.66,16.38,12.94,0.1574,0.0752,5.28,2.85,19.29,0.93,0.4069,0.5699,0.4514,0.0774,0.97,0.28,1.7159
1996-09-30,57027709,114055418,2,1317900000,567000000,730200000,497300000,587700000,0,0,450900000,195000000,295800000,11400000,11400000,0.2,None,0.17,50400000,-171600000,119000000,-2200000,55400000,6700000,15.79,17.19,14.38,0.1563,0.0773,5.15,3.08,20.11,0.84,0.4108,0.3318,0.4459,0.0751,1.03,0.38,1.1402
1996-06-30,56969655,113939310,2,1149800000,552000000,565900000,328000000,583900000,0,0,308300000,194800000,295200000,27500000,27500000,0.48,None,0.16,1800000,-16100000,35200000,20900000,57600000,9800000,17.22,18.5,15.94,0.1641,0.0838,5.12,3.41,22.22,0.76,0.3925,0.3336,0.5078,0.0788,1.06,-0.07,1.6829
1996-03-31,57110130,114220260,2,1120600000,521000000,543400000,299400000,577200000,0,0,314000000,198200000,289200000,27100000,27100000,0.48,None,0.16,21400000,-45800000,23700000,-700000,36700000,8100000,16.72,18.69,14.75,0.1647,0.0832,5.05,3.4,21.71,0.68,0.3932,0.3434,0.5151,0.0771,1.08,0.12,1.7401
1995-12-31,57419373,114838746,2,1091000000,503900000,526400000,273300000,564600000,0,0,315500000,198400000,323000000,24400000,24400000,0.36,None,0.16,64200000,-18500000,-44100000,1600000,37400000,16700000,15.04,16.13,13.94,0.1683,0.0833,4.92,3.15,23.32,0.6,0.3911,0.3514,0.5175,0.0763,1.09,0.41,1.8438
1995-09-30,56898875,113797750,2,1084300000,480100000,540500000,288100000,543800000,0,0,327300000,198300000,273500000,14100000,14100000,0.25,None,0.16,42300000,-18800000,-27200000,-3700000,35800000,12200000,15.29,15.94,14.63,0.1411,0.0678,4.78,3.25,20.66,0.52,0.4763,0.3647,0.5015,0.0635,1.07,0.26,1.6664
1995-06-30,52271756,104543512,2,1017700000,474900000,525300000,272700000,492400000,0,0,280200000,199200000,277200000,24100000,24100000,0.46,None,0.15,100000,-15800000,17300000,1600000,39400000,6500000,14.6,15.56,13.63,0.1681,0.0802,4.71,3.29,19.86,0.44,0.4057,0.4045,0.4838,0.073,1.1,-0.06,1.7415
1995-03-31,52114302,104228604,2,976600000,445400000,513900000,364600000,462700000,0,0,264900000,78900000,264100000,24200000,24200000,0.47,None,0.15,10100000,-5400000,-1100000,3600000,None,4200000,13.41,14.06,12.75,0.1733,None,4.44,3.18,18.62,0.37,0.4024,0.1705,0.4738,0.0737,1.13,0.06,1.2216
1994-12-31,52115526,104231052,2,958400000,428000000,518600000,364600000,439800000,0,0,265400000,78300000,262600000,6000000,6000000,0.11,None,0.15,53900000,-147200000,13000000,-80300000,34200000,5700000,12.78,13.75,11.81,0.1767,None,4.22,3.02,None,0.29,0.4025,0.178,0.4589,0.0736,1.16,0.46,1.1739
1994-09-30,52030064,104060128,2,892200000,497900000,452500000,320000000,439700000,0,0,143900000,68500000,251900000,22800000,22800000,0.44,None,0.15,20500000,-14000000,31300000,37800000,110200000,9600000,12.63,14.13,11.13,None,None,4.23,3.13,None,0.22,None,0.1558,0.4928,None,None,0.1,1.5559
1994-06-30,51893628,103787256,2,826300000,441700000,407200000,271300000,419100000,0,0,144400000,68500000,256300000,23300000,23300000,0.45,None,0.14,-20100000,-5700000,11400000,-14400000,72400000,9600000,12.16,13.13,11.19,None,None,4.04,3.17,None,0.14,None,0.1634,0.5072,None,None,-0.29,1.6281
1994-03-31,51869670,103739340,2,820200000,440800000,423200000,274400000,397000000,0,0,147000000,68500000,247400000,22800000,22800000,0.44,None,0.14,14300000,-10200000,7700000,11800000,None,9300000,13.59,15.25,11.94,None,None,3.83,3.7,None,0.07,None,0.1725,0.484,None,None,0.05,1.6064
1993-12-31,52158171,104316342,2,798600000,421500000,415500000,264300000,383100000,0,0,149100000,68500000,None,None,None,None,None,0,None,None,None,None,None,0,12.16,13.44,10.88,None,None,3.67,None,None,0,None,0.1788,0.4797,None,None,None,1.5948
