"Quarter end","Shares","Shares split adjusted","Split factor","Assets","Current Assets","Liabilities","Current Liabilities","Shareholders equity","Non-controlling interest","Preferred equity","Goodwill & intangibles","Long-term debt","Revenue","Earnings","Earnings available for common stockholders","EPS basic","EPS diluted","Dividend per share","Cash from operating activities","Cash from investing activities","Cash from financing activities","Cash change during period","Cash at end of period","Capital expenditures","Price","Price high","Price low","ROE","ROA","Book value of equity per share","P/B ratio","P/E ratio","Cumulative dividends per share","Dividend payout ratio","Long-term debt to equity ratio","Equity to assets ratio","Net margin","Asset turnover","Free cash flow per share","Current ratio"
2019-03-29,90945747,90945747,1,3390200000,2261200000,1650100000,1318800000,1735300000,4800000,0,0,0,779400000,88600000,88600000,0.97,0.96,0,-13400000,-21500000,-39700000,-69800000,558900000,11200000,125.65,142.17,109.13,0.2346,0.1155,19.08,6.8,31.89,5.79,0,0,0.5119,0.1256,0.92,-0.27,1.7146
2018-12-28,90777507,90777507,1,3370800000,2300900000,1688800000,1333000000,1677000000,5000000,0,408000000,0,741000000,103200000,103200000,1.13,1.12,0,140900000,-13100000,-17200000,112300000,628700000,14000000,114.13,126.84,101.42,0.2353,0.1115,18.47,6.56,71.33,5.79,0,0,0.4975,0.1226,0.91,1.4,1.7261
2018-09-28,91116439,91116439,1,3252700000,2188400000,1664000000,1339700000,1584400000,4300000,0,394700000,0,801600000,116400000,116400000,1.27,1.24,0,108200000,-74100000,-65400000,-31200000,504800000,16900000,115.23,124.41,106.05,0.1013,0.046,17.39,7.05,92.18,5.79,0,0,0.4871,0.0514,0.9,1,1.6335
2018-06-29,91547472,91547472,1,3171800000,2193000000,1670300000,1379100000,1497200000,4300000,0,319300000,0,709100000,72600000,72600000,0.79,0.79,0,102200000,-54800000,-267400000,-203900000,536000000,13000000,120.65,128.5,112.79,0.0797,0.0359,16.35,7.6,83.78,5.79,0,0,0.472,0.043,0.83,0.97,1.5902
2018-03-30,91504711,91504711,1,3307500000,2345400000,1850900000,1530200000,1452200000,4400000,0,318200000,25000000,729900000,73200000,73200000,0.8,0.79,0,65500000,-29300000,-111400000,-82700000,739900000,8500000,118.64,130.29,107,0.0936,0.0417,15.87,7.81,94.91,5.79,0,0.0172,0.4391,0.0504,0.83,0.62,1.5327
2017-12-29,91300252,91300252,1,3299800000,2351600000,1908800000,1616400000,1386600000,4400000,0,289000000,0,678500000,-112300000,-112300000,-1.22,-1.22,0,179000000,-25800000,-42800000,106400000,822600000,9300000,106.55,114.09,99,0.0841,0.0369,15.19,6.53,39.61,5.79,0,0,0.4202,0.0453,0.82,1.86,1.4548
2017-09-29,91616924,91616924,1,3179400000,2190300000,1680100000,1550100000,1495000000,4300000,0,294200000,0,587500000,82700000,82700000,0.9,0.89,0,129700000,-51200000,-16700000,56200000,716200000,18700000,101.55,107.87,95.23,0.1693,0.0766,16.32,6.71,33.4,5.79,0,0,0.4702,0.0935,0.82,1.21,1.413
2017-06-30,91800894,91800894,1,3059000000,2058600000,1664700000,1273200000,1390000000,4300000,0,295000000,249900000,662400000,90400000,90400000,0.99,0.98,0,155000000,-25700000,-170700000,-47000000,660000000,8300000,96.39,105.3,87.49,0.1852,0.0832,15.14,6.88,31.09,5.79,0,0.1798,0.4544,0.0806,1.03,1.6,1.6169
2017-03-31,91921623,91921623,1,3118800000,2141500000,1826200000,1405400000,1288500000,4100000,0,294200000,277200000,655000000,56100000,56100000,0.6,0.6,0,32200000,-21400000,-115400000,-107700000,707000000,14900000,84.43,92.57,76.29,0.1818,0.0815,14.02,4.58,24.05,5.79,0,0.2151,0.4131,0.0865,0.94,0.19,1.5238
2016-12-30,93466827,93466827,1,3684800000,2421300000,1945500000,1524100000,1724800000,14500000,0,391100000,274600000,763300000,20400000,20400000,0.22,0.22,0,82200000,-31800000,-89600000,-28800000,814700000,17200000,85.21,94.48,75.94,0.195,0.0882,18.45,4.57,20.29,5.79,0,0.1592,0.4681,0.1035,0.85,0.7,1.5887
2016-09-30,93410047,93410047,1,3816000000,2616000000,2061500000,1614000000,1740500000,14000000,0,399400000,287500000,1447860000,117507000,117507000,1.26,1.24,0,151956000,-48752000,-96908000,7532000,843500000,19450000,90.4,100.07,80.73,0.2385,0.1061,18.63,5,22.89,5.79,0,0.1652,0.4561,0.125,0.85,1.42,1.6208
2016-07-01,93380657,93380657,1,3759452000,2546623000,2057265000,1617711000,1688209000,13978000,0,282894000,300000000,517271000,98795000,98795000,1.04,1.04,0,95217000,-13922000,-206048000,-125164000,835936000,15012000,81.94,86.24,77.64,0.2284,0.1026,18.08,4.62,20.28,5.79,0,0.1777,0.4491,0.1482,0.69,0.86,1.5742
2016-04-01,95214552,95214552,1,3866258000,2773217000,2162388000,1694140000,1689771000,14099000,0,283947000,312500000,495569000,96971000,96971000,1.01,1.01,0,31905000,-22266000,7330000,7723000,961100000,18630000,77.25,81.32,73.18,0.2357,0.1082,17.75,4.53,18.93,5.79,0,0.1849,0.4371,0.1395,0.78,0.14,1.6369
2016-01-01,95502553,95502553,1,3726662000,2640216000,2084598000,1589055000,1627804000,14260000,0,281773000,345000000,757100000,89027000,89027000,0.92,0.91,0,77222000,-24260000,49826000,107909000,953377000,27308000,77.81,82.16,73.45,0.2416,0.1138,17.04,4.4,19.02,5.79,0,0.2119,0.4368,0.1306,0.87,0.52,1.6615
2015-10-02,96884737,96884737,1,3600748000,2525045000,1874404000,1382904000,1711600000,14744000,0,283452000,337500000,817840000,98696000,98696000,1,0.99,0,153389000,-137730000,-123284000,-105969000,845468000,34300000,80.92,90.78,71.07,0.2445,0.1177,17.67,4.62,19.64,5.79,0,0.1972,0.4753,0.1328,0.89,1.23,1.8259
2015-07-03,98716815,98716815,1,3531579000,2648935000,1788645000,1288646000,1728566000,14368000,0,284034000,350000000,784011000,113506000,113506000,1.14,1.13,0,183901000,1979000,-90237000,89214000,951437000,20362000,90.12,96.67,83.56,0.2524,0.1218,17.51,5.37,22.47,5.79,0,0.2025,0.4895,0.1353,0.9,1.66,2.0556
2015-04-03,99797043,99797043,1,3459536000,2590351000,1781213000,1270768000,1674309000,4014000,0,270833000,362500000,759406000,105969000,105969000,1.06,1.05,0,53314000,-49590000,-55841000,-42136000,862223000,14999000,90.04,95.7,84.38,0.249,0.1205,16.78,5.58,23.45,5.79,0,0.2165,0.484,0.1348,0.89,0.38,2.0384
2015-01-02,100071752,100071752,1,3396302000,2552365000,1778400000,1256930000,1616125000,1777000,0,276702000,375000000,737854000,93314000,93314000,0.93,0.92,0,78952000,-25578000,-7323000,55084000,904359000,21723000,83.31,89.9,76.73,0.2409,0.1165,16.15,5.15,21.75,5.79,0,0.232,0.4758,0.1297,0.9,0.57,2.0306
2014-09-26,99978975,99978975,1,3357290000,2494165000,1740870000,1201654000,1616420000,0,0,279526000,387500000,812107000,105865000,105865000,1.04,1.02,0,193397000,-46887000,-236202000,-76712000,849275000,26420000,84,87.85,80.16,0.2407,0.1179,16.17,5.05,21.65,5.79,0,0.2397,0.4815,0.1324,0.89,1.67,2.0756
2014-06-27,103201351,103201351,1,3474875000,2624756000,1759962000,1209938000,1714913000,0,0,267830000,400000000,747685000,107090000,107090000,1.03,1.02,0,86476000,-27297000,-70921000,-13010000,925987000,19424000,82.17,86.6,77.74,0.244,0.1203,16.62,5.09,21.12,5.79,0,0.2332,0.4935,0.138,0.87,0.65,2.1693
2014-03-28,103952365,103952365,1,3475838000,2678304000,1796822000,1234736000,1679016000,0,0,249329000,412500000,778506000,92788000,92788000,0.89,0.88,0,125852000,-23142000,-133768000,-32196000,938997000,19323000,81.25,85.57,76.92,0.2485,0.1257,16.15,4.95,20.16,5.79,0,0.2457,0.4831,0.141,0.89,1.02,2.1691
2013-12-27,103552969,103552969,1,3391234000,2606349000,1691645000,1133144000,1699589000,0,0,250355000,425000000,711502000,97960000,97960000,0.92,0.91,0,43261000,-35765000,-154576000,-146668000,971193000,24482000,76.32,80.66,71.98,0.2623,0.1359,16.41,4.71,19.18,5.79,0,0.2501,0.5012,0.1482,0.92,0.18,2.3001
2013-09-27,105719260,105719260,1,3468474000,2704783000,1754627000,1160579000,1713847000,0,0,248735000,450000000,769930000,117346000,117346000,1.09,1.07,0,154929000,-21885000,222237000,352294000,1117861000,19589000,71.19,76.69,65.7,0.2655,0.1399,16.21,4.55,17.89,5.79,0,0.2626,0.4941,0.1489,0.94,1.28,2.3305
2013-06-28,107653723,107653723,1,3059055000,2317039000,1375505000,1231612000,1683550000,0,0,246546000,0,726211000,112831000,112831000,1.04,1.03,0,197740000,-31027000,-139980000,25834000,765567000,17835000,68.15,73.2,63.1,0.2758,0.1478,15.64,4.54,17.43,5.79,0,0,0.5503,0.1506,0.98,1.67,1.8813
2013-03-29,108426774,108426774,1,3062079000,2326354000,1434212000,1288999000,1627867000,0,0,246798000,6250000,768358000,112788000,112788000,1.04,1.02,0,30635000,-19386000,-31499000,-15756000,739733000,18849000,71.83,75.78,67.88,0.283,0.1508,15.01,4.97,18.75,5.79,0,0.0038,0.5316,0.1503,1,0.11,1.8048
2012-12-28,109113201,109113201,1,2938564000,2228313000,1361676000,1231772000,1576888000,0,0,249914000,6250000,678398000,95283000,95283000,0.87,0.86,0,71881000,-23973000,888000,50919000,755489000,20004000,64.81,72.61,57,0.2887,0.1543,14.45,4.7,17.24,5.79,0,0.004,0.5366,0.1511,1.02,0.48,1.809
2012-09-28,109403440,109403440,1,2878726000,2170515000,1368950000,1236531000,1509776000,0,0,249042000,12550000,756157000,120200000,120200000,1.09,1.07,0,191413000,-24228000,-93459000,71184000,704570000,20915000,58.45,64,52.9,0.2961,0.1576,13.8,4.42,16.42,5.79,0,0.0083,0.5245,0.1521,1.04,1.56,1.7553
2012-06-29,110715329,110715329,1,2717953000,2017487000,1254628000,1130327000,1463325000,0,0,246958000,6250000,705246000,108843000,108843000,0.98,0.96,0,142739000,-55289000,-74936000,16659000,633386000,17963000,63.21,69.81,56.61,0.2963,0.1559,13.22,4.91,18.43,5.79,0,0.0043,0.5384,0.1472,1.06,1.13,1.7849
2012-03-30,111503830,111503830,1,2663170000,1980270000,1227187000,1101806000,1435983000,0,0,233047000,6250000,720274000,107772000,107772000,0.96,0.94,0,105288000,-20243000,-76803000,10410000,616727000,14469000,68.09,71.95,64.22,0.2894,0.155,12.88,5.66,20.33,5.79,0,0.0044,0.5392,0.1464,1.06,0.81,1.7973
2011-12-30,112987397,112987397,1,2581331000,1907677000,1221978000,1092323000,1359353000,0,0,232217000,6250000,625338000,90234000,90234000,0.8,0.79,0,53335000,-22535000,10522000,41860000,606317000,7756000,58.27,67.82,48.72,0.2923,0.1561,12.03,5.27,17.34,5.79,0,0.0046,0.5266,0.1486,1.05,0.4,1.7464
2011-09-30,112557988,112557988,1,2498761000,1854617000,1254870000,1125912000,1243891000,0,0,224752000,6250000,718921000,100760000,100760000,0.89,0.87,0,145852000,-33085000,-119865000,-3465000,564457000,18639000,60.37,71.58,49.16,0.2911,0.1603,11.05,4.86,18.02,5.79,0,0.005,0.4978,0.1536,1.04,1.13,1.6472
2011-07-01,117184197,117184197,1,2513279000,1837452000,1059232000,931845000,1454047000,0,0,228863000,6250000,649438000,98605000,98605000,0.84,0.83,0,120899000,-37027000,-98268000,-16467000,567922000,13650000,68.37,71.85,64.89,0.2925,0.165,12.41,6.09,21.3,5.79,0,0.0043,0.5785,0.1594,1.03,0.92,1.9718
2011-04-01,117190113,117190113,1,2469570000,1806094000,1153847000,1018802000,1315723000,0,0,228131000,12500000,648455000,103079000,103079000,0.87,0.86,0,67871000,-25239000,-159098000,-119130000,584389000,16028000,68.16,72.19,64.13,0.2865,0.1628,11.23,5.57,22.13,5.79,0,0.0095,0.5328,0.1587,1.03,0.44,1.7728
2010-12-31,120047856,120047856,1,2470969000,1827248000,1002647000,863226000,1468322000,0,0,215146000,16094000,579852000,96489000,96489000,0.82,0.8,0,138157000,-22581000,65896000,183298000,703519000,22611000,65.25,70.97,59.52,0.2738,0.1598,12.23,6.09,22.42,5.79,0,0.011,0.5942,0.1579,1.01,0.96,2.1168
2010-10-01,118985831,118985831,1,2323952000,1681344000,1048585000,903541000,1275367000,0,0,217651000,23469000,652057000,105039000,105039000,0.89,0.86,0,168362000,-18854000,-213451000,-67390000,520221000,17941000,56.11,61.38,50.83,0.2665,0.1542,10.72,4.92,19.83,5.79,0,0.0184,0.5488,0.1529,1.01,1.26,1.8608
2010-07-02,121627752,121627752,1,2318895000,1697928000,931549000,795215000,1387346000,0,0,203288000,17939000,578051000,85494000,85494000,0.7,0.69,0,67836000,-33268000,-101410000,-67116000,587611000,30582000,46.6,57.7,35.5,0.2588,0.151,11.41,4.13,16.52,5.79,0,0.0129,0.5983,0.1502,1.01,0.31,2.1352
2010-04-02,123538821,123538821,1,2349889000,1729600000,956363000,818004000,1393526000,0,0,207146000,23259000,585571000,91114000,91114000,0.74,0.73,0,93921000,-7013000,-61885000,29232000,654727000,11468000,51.67,56.38,46.96,0.2665,0.1541,11.28,4.73,19.65,5.79,0,0.0167,0.593,0.1546,1,0.67,2.1144
2010-01-01,123932873,123932873,1,2357994000,1723278000,1003769000,851568000,1354225000,0,0,210563000,23327000,540906000,78775000,78775000,0.64,0.63,0,130667000,-15680000,-45429000,71966000,625495000,7554000,43.25,47.78,38.71,0.262,0.1486,10.93,4.1,16.96,5.79,0,0.0172,0.5743,0.1465,1.01,0.99,2.0237
2009-10-02,124451760,124451760,1,2308248000,1672451000,996465000,842320000,1311783000,0,0,210346000,23394000,641929000,97061000,97061000,0.76,0.78,0,115900000,-14880000,-13127000,81808000,553529000,14631000,37.87,44.53,31.21,0.2709,0.1495,10.54,3.87,15.58,5.79,0,0.0178,0.5683,0.1441,1.04,0.81,1.9855
2009-07-03,125530482,125530482,1,2127570000,1493509000,898503000,757483000,1229067000,0,0,207687000,23459000,509871000,85351000,85351000,0.69,0.68,0,128912000,-20833000,-5703000,97104000,471721000,18597000,33.94,38.31,29.56,0.2715,0.1465,9.79,3.78,14.57,5.79,0,0.0191,0.5777,0.1402,1.04,0.88,1.9717
2009-04-03,125360011,125360011,1,2063991000,1450154000,936938000,755010000,1127053000,0,0,203871000,29774000,553591000,67813000,67813000,0.55,0.54,0,-24941000,-20076000,-12991000,-48254000,374617000,10893000,33.44,39.77,27.1,0.2789,0.1443,8.99,3.99,14.23,5.79,0,0.0264,0.5461,0.1348,1.07,-0.29,1.9207
2009-01-02,124391480,124391480,1,2038002000,1422545000,995736000,810334000,1042266000,0,0,206261000,32337000,508669000,68797000,68797000,0.56,0.55,0,84562000,-22117000,-39460000,25565000,422871000,18441000,47.11,61.1,33.12,0.2981,0.1488,8.38,5.7,21.13,5.79,0,0.031,0.5114,0.1381,1.08,0.53,1.7555
2008-09-26,124248017,124248017,1,1975512000,1394401000,948327000,781677000,1027185000,0,0,209146000,32399000,570813000,78462000,78462000,0.62,0.66,0,82039000,-28307000,-69521000,-8378000,397306000,22266000,57.21,65.84,48.58,0.2981,0.1471,8.27,7.5,25.65,5.79,0,0.0315,0.52,0.135,1.09,0.48,1.7839
2008-06-27,124847120,124847120,1,1940984000,1355178000,988662000,829225000,952322000,0,0,214927000,32460000,512850000,74180000,74180000,0.6,0.58,0,114373000,-20536000,-56217000,45628000,405684000,20664000,48.47,53.29,43.64,0.3156,0.1531,7.63,6.7,23.76,5.79,0,0.0341,0.4906,0.1384,1.11,0.75,1.6343
2008-03-28,125621447,125621447,1,1916941000,1347338000,1009210000,830766000,907731000,0,0,215676000,40270000,527534000,71363000,71363000,0.57,0.56,0,55117000,-21137000,13068000,25974000,360056000,21948000,48.04,54.71,41.37,0.3012,0.1484,7.23,6.99,24.76,5.79,0,0.0444,0.4735,0.1324,1.12,0.26,1.6218
2007-12-28,125675820,125675820,1,1764195000,1217724000,901312000,727354000,862883000,0,0,208844000,40329000,458533000,55479000,55479000,0.44,0.43,0,120698000,-17605000,-29406000,70836000,334082000,16546000,46.72,53.22,40.22,0.2971,0.1506,6.87,7.11,24.85,5.79,0,0.0467,0.4891,0.1329,1.13,0.83,1.6742
2007-09-28,125117672,125117672,1,1684375000,1160229000,862920000,781687000,821455000,0,0,205553000,40386000,522428000,78634000,78634000,0.63,0.66,0,136579000,-31137000,-26943000,70456000,263246000,23719000,41.27,45.23,37.3,0.2955,0.1533,6.57,6.45,21.84,5.79,0,0.0492,0.4877,0.1348,1.14,0.9,1.4843
2007-06-29,125979014,125979014,1,1529553000,1060306000,723861000,656213000,805692000,0,0,170184000,40443000,423656000,50370000,50370000,0.4,0.39,0,39175000,-50182000,-84835000,-95988000,192790000,15685000,44.25,49.04,39.45,0.3024,0.1601,6.4,6.92,22.24,5.79,0,0.0502,0.5267,0.1424,1.12,0.19,1.6158
2007-03-30,127469414,127469414,1,1541322000,1114354000,726532000,644907000,814790000,0,0,153955000,55916000,442682000,60951000,60951000,0.48,0.46,0,41651000,53556000,-69626000,24512000,288778000,13178000,47.11,50.21,44.01,0.327,0.1735,6.39,7.57,24.28,5.79,0,0.0686,0.5286,0.1539,1.13,0.22,1.7279
2006-12-29,128446602,128446602,1,1492656000,1115257000,693490000,621470000,799166000,0,0,121389000,49303000,387858000,49501000,49501000,0.38,0.37,0,82788000,-27895000,-59116000,-8242000,264266000,11553000,51.39,56,46.77,0.3279,0.1747,6.22,8.32,27.48,5.79,0,0.0617,0.5354,0.1535,1.14,0.55,1.7945
2006-09-29,129081663,129081663,1,1511751000,1156049000,714498000,643956000,797253000,0,0,121389000,49356000,454060000,82405000,82405000,0.65,0.67,0,60974000,-60907000,-49884000,-52203000,272508000,14135000,47.95,54.79,41.1,0.3259,0.1736,6.18,8.28,29.06,5.79,0,0.0619,0.5274,0.1534,1.13,0.36,1.7952
2006-06-30,129931138,129931138,1,1416848000,1096793000,664712000,558483000,752136000,0,0,121389000,49409000,395671000,65728000,65728000,0.5,0.49,0,70239000,61548000,-69946000,58446000,324711000,10246000,50.15,57.97,42.33,0.3117,0.1641,5.79,8.86,32.78,5.79,0,0.0657,0.5309,0.1462,1.12,0.46,1.9639
2006-03-31,131387751,131387751,1,1379974000,1071022000,636911000,523864000,743063000,0,0,121389000,57210000,413858000,55798000,55798000,0.42,0.41,0,56666000,-10275000,-39506000,6655000,266265000,8717000,55.05,61.7,48.4,0.3042,0.1583,5.66,10.18,36.46,5.79,0,0.077,0.5385,0.1412,1.12,0.36,2.0445
2005-12-30,132119612,132119612,1,1337929000,1029798000,622574000,510386000,715355000,0,0,121389000,57261000,334231000,41160000,41160000,0.31,0.3,0,13879000,-1853000,3587000,16524000,259610000,8314000,44.73,52.92,36.55,0.3138,0.161,5.41,8.93,29.82,5.79,0,0.08,0.5347,0.1463,1.1,0.04,2.0177
2005-09-30,131539349,131539349,1,1317402000,1016895000,658375000,543933000,659027000,0,0,121389000,57318000,386181000,60936000,60936000,0.46,0.45,0,92867000,2105000,-34516000,62032000,243086000,17419000,39.2,42.5,35.9,0.3237,0.165,5.01,8.12,27.61,5.79,0,0.087,0.5002,0.1494,1.1,0.57,1.8695
2005-07-01,130858725,130858725,1,1246559000,932104000,614893000,520548000,631666000,0,0,122240000,53180000,346541000,51179000,51179000,0.39,0.37,0,48794000,-31849000,-65139000,-46588000,181054000,12136000,35.05,38.46,31.65,0.315,0.1625,4.83,7.26,25.96,5.79,0,0.0842,0.5067,0.1472,1.1,0.28,1.7906
2005-04-01,132133493,132133493,1,1251248000,944188000,613555000,516108000,637693000,0,0,122015000,55707000,350879000,54152000,54152000,0.41,0.39,0,69232000,82987000,-45032000,108153000,227642000,5713000,38.36,43.99,32.73,0.3017,0.1581,4.83,8.2,30.32,5.79,0,0.0874,0.5096,0.1455,1.09,0.48,1.8294
2004-12-31,133558551,133558551,1,1193262000,895828000,568723000,470635000,624539000,0,0,112653000,55733000,298956000,40309000,40309000,0.3,0.29,0,40904000,-1483000,-49649000,-13381000,226089000,8555000,39.69,43.75,35.63,0.2866,0.1526,4.68,8.67,33.64,5.79,0,0.0892,0.5234,0.1407,1.08,0.24,1.9034
2004-10-01,134020370,134020370,1,1170192000,885136000,556478000,461339000,613714000,0,0,112653000,53250000,344804000,51829000,51829000,0.39,0.37,0,63487000,-18729000,-75278000,-30868000,239470000,7989000,35.01,40.38,29.63,0.2736,0.1467,4.58,7.58,31.4,5.79,0,0.0868,0.5245,0.1354,1.08,0.41,1.9186
2004-07-02,135840898,135840898,1,1161639000,861505000,534009000,444996000,627630000,0,0,111531000,53250000,303089000,42550000,42550000,0.31,0.3,0,68880000,19019000,-43969000,44259000,270338000,6569000,42.41,46.49,38.33,0.2655,0.1431,4.62,9.3,40.78,5.79,0,0.0848,0.5403,0.1331,1.07,0.46,1.936
2004-04-02,68391606,136783212,2,1149844000,853415000,526014000,431117000,623830000,0,0,111496000,58500000,320665000,43696000,43696000,0.64,0.61,0,44060000,-28140000,-950000,15488000,226079000,5350000,39.27,44.56,33.98,0.2575,0.1386,4.56,9.28,40.28,5.79,0,0.0938,0.5425,0.1285,1.08,0.28,1.9795
2004-01-02,68540972,137081944,2,1078608000,815124000,498965000,415767000,579643000,0,0,88760000,58500000,266965000,29168000,29168000,0.43,0.41,0,57483000,-32100000,-22054000,143000,210591000,3999000,31.7,35.65,27.75,0.2524,0.1352,4.23,7.66,34.46,5.79,0,0.1009,0.5374,0.1262,1.07,0.39,1.9605
2003-09-26,68021119,136042238,2,1053487000,805524000,489811000,409416000,563676000,0,0,59979000,58500000,303234000,43541000,43541000,0.64,0.61,0,68263000,-40674000,-27934000,-348000,210448000,5777000,29.17,31.47,26.88,0.2481,0.1326,4.14,7.37,34.12,5.79,0,0.1038,0.5351,0.1257,1.06,0.46,1.9675
2003-06-27,68275573,136551146,2,1004922000,774672000,464277000,386544000,540645000,0,0,59979000,58500000,265464000,32170000,32170000,0.47,0.45,0,46864000,6822000,-17659000,32613000,210796000,5632000,26.71,29.73,23.7,0.24,0.1274,3.96,7.03,33.81,5.79,0,0.1082,0.538,0.1212,1.05,0.3,2.0041
2003-03-28,68274983,136549966,2,975101000,699979000,455834000,377630000,519267000,0,0,59979000,58500000,266156000,34156000,34156000,0.5,0.48,0,53336000,-28898000,-10361000,11981000,178183000,5161000,25.78,27.39,24.17,0.2314,0.1228,3.8,7.22,35.81,5.79,0,0.1127,0.5325,0.1177,1.04,0.35,1.8536
2002-12-27,68136643,136273286,2,913813000,643931000,427257000,348751000,486556000,0,0,59997000,58500000,206703000,21021000,21021000,0.31,0.3,0,41336000,-21371000,-12549000,5917000,166202000,2129000,23.29,25.66,20.92,0.2204,0.1167,3.57,6.69,35.02,5.79,0,0.1202,0.5324,0.1121,1.04,0.29,1.8464
2002-09-27,67953820,135907640,2,910277000,651359000,437474000,358083000,472803000,0,0,59996000,58500000,261360000,33817000,33817000,0.49,0.48,0,60472000,-45460000,-15908000,-1742000,160285000,6855000,19.11,22.41,15.8,0.2132,0.1124,3.48,5.72,38.61,5.79,0,0.1237,0.5194,0.1072,1.05,0.39,1.819
2002-06-28,68063295,136126590,2,841971000,612703000,387541000,310593000,454430000,0,0,52462000,58500000,216082000,22834000,22834000,0.34,0.32,0,33245000,-62842000,-5138000,-39136000,162027000,8379000,21.4,23.7,19.1,0.1658,0.0874,3.34,6.82,45.05,5.79,0,0.1287,0.5397,0.0828,1.06,0.18,1.9727
2002-03-29,67982979,135965958,2,810922000,618549000,383468000,306275000,427454000,0,0,52431000,58500000,220523000,23771000,23771000,0.35,0.34,0,29390000,-67390000,-1825000,-38363000,201163000,7032000,18.99,21.15,16.83,0.1653,0.087,3.14,6.37,45.49,5.79,0,0.1369,0.5271,0.0812,1.07,0.16,2.0196
2001-12-28,67378008,134756016,2,769519000,628553000,368189000,290169000,401330000,0,0,0,58500000,175127000,13187000,13187000,0.2,0.19,0,32930000,-6158000,-8377000,20565000,239526000,3204000,16.88,18.76,15,0.1535,0.0799,2.98,5.74,43.01,5.79,0,0.1458,0.5215,0.0736,1.08,0.22,2.1662
2001-09-28,33482194,133928776,4,759199000,619503000,364803000,285354000,394396000,0,0,0,58500000,228046000,9732000,9732000,0.29,0.28,0,43737000,-3847000,-596000,36473000,218961000,4279000,16.48,18.45,14.5,0.1539,0.0786,2.94,5.86,32.96,5.79,0,0.1483,0.5195,0.0701,1.12,0.29,2.171
2001-06-29,33659408,134637632,4,704322000,556631000,325403000,244956000,378919000,0,0,0,58500000,191416000,19522000,19522000,0.59,0.56,0,20983000,-3466000,12654000,30831000,182488000,2440000,16.91,19.2,14.63,0.2114,0.1043,2.81,6.68,36.17,5.79,0,0.1544,0.538,0.0902,1.16,0.14,2.2724
2001-03-30,33212312,132849248,4,670684000,520024000,334211000,253770000,336473000,0,0,0,58500000,192775000,15548000,15548000,0.48,0.45,0,38311000,-4213000,12688000,48092000,151657000,5160000,15.69,17.55,13.83,0.2181,0.1019,2.53,6.85,36.07,5.79,0,0.1739,0.5017,0.0852,1.19,0.25,2.0492
2000-12-29,32784356,131137424,4,628348000,475270000,328351000,247496000,299997000,0,0,0,58500000,161406000,9448000,9448000,0.29,0.28,0,15405000,-7281000,12998000,20244000,103565000,4606000,13.97,17.3,10.64,0.224,0.0984,2.29,6.68,34.28,5.79,0,0.195,0.4774,0.0807,1.22,0.08,1.9203
2000-09-29,32326211,129304844,4,602550000,450588000,332191000,249896000,270359000,0,0,0,58500000,207984000,23430000,23430000,0.75,0.71,0,52735000,-6309000,5480000,54151000,83321000,3303000,11.06,12.2,9.92,0.2318,0.0958,2.09,5.85,33.26,5.79,0,0.2164,0.4487,0.0769,1.25,0.38,1.8031
2000-06-30,31589478,126357912,4,551714000,396356000,312933000,229766000,238781000,0,0,0,58500000,170671000,14042000,14042000,0.45,0.43,0,6300000,-3322000,3023000,6683000,29170000,3285000,10.82,12,9.63,0.2034,0.0784,1.89,6.33,38.99,5.79,0,0.245,0.4328,0.0851,0.92,0.02,1.725
2000-03-31,31226500,124906000,4,544511000,386809000,331009000,247953000,213502000,0,0,0,58500000,169795000,10349000,10349000,0.33,0.32,0,15001000,-7017000,-6723000,3193000,22487000,5647000,9.47,11.81,7.14,0.1833,0.0654,1.71,6.07,None,5.79,0,0.274,0.3921,0.0739,0.89,0.07,1.56
1999-12-31,30882983,123531932,4,516955000,361098000,324288000,240759000,192667000,0,0,0,58500000,141250000,5228000,5228000,0.17,0.17,0,9803000,-4924000,-13021000,-5832000,19294000,5213000,6.25,7.45,5.05,-0.0932,-0.0319,1.56,4.14,None,5.79,None,0.3036,0.3727,None,0.87,0.04,1.4998
1999-10-01,30680918,122723672,4,539183000,382246000,354192000,269802000,184991000,0,0,0,58500000,14315000,12574000,12574000,0.41,0.41,0,13542000,10123000,-21949000,-1077000,25126000,-6965000,5.46,6.05,4.86,-0.0903,-0.0355,1.51,4.01,None,5.79,None,0.3162,0.3431,None,0.86,0.17,1.4168
1999-07-02,30534217,122136868,4,521260000,371922000,355012000,268576000,166248000,0,0,0,58500000,144511000,6551000,6551000,0.22,0.21,0,13002000,-10178000,15995000,21201000,26203000,6546000,5.23,6.31,4.16,-0.0668,-0.0283,1.36,3.82,None,5.79,None,0.3519,0.3189,None,1.1,0.05,1.3848
1999-04-02,30422792,121691168,4,498417000,355884000,331345000,244909000,167072000,0,0,0,58500000,149302000,-40926000,-40926000,-1.36,-1.36,21.439,-57534000,20245000,-94022000,-126529000,5002000,-21778000,9.35,10.75,7.94,-0.0268,-0.0121,1.37,2.02,21.87,5.79,None,0.3501,0.3352,None,1.12,-0.29,1.4531
1999-01-01,29985000,119940000,4,1173908000,802567000,617992000,468047000,555916000,0,0,0,106164000,282312000,-2437000,-2437000,-0.08,-0.08,0.1,-2567000,-7330000,-4714000,-18136000,131531000,7339000,9.19,10.27,8.11,0.0944,0.0443,4.63,1.97,15.13,0.43,0.2311,0.191,0.4736,0.038,1.17,-0.08,1.7147
1998-10-02,29909061,119636244,4,1218295000,839781000,660750000,504889000,557545000,0,0,0,111090000,364461000,12651000,12651000,0.42,0.43,0.1,62228000,-69405000,5002000,-1480000,149667000,12812000,9.35,10.75,7.95,0.1369,0.0648,4.66,2.04,12.3,0.4,0.1578,0.1992,0.4576,0.0519,1.25,0.41,1.6633
1998-07-03,29729000,118916000,4,1162227000,832136000,617411000,461301000,544816000,0,0,0,111090000,340002000,18478000,18478000,0.62,0.61,0.1,44577000,-12177000,33489000,65797000,151147000,11207000,11.52,13.48,9.55,0.1772,0.0847,4.58,2.59,11.24,0.38,0.1208,0.2039,0.4688,0.0643,1.32,0.28,1.8039
1998-04-03,29865000,119460000,4,1110710000,781146000,578808000,464979000,531902000,0,0,0,67090000,372819000,23004000,23004000,0.77,0.75,0.1,12374000,-19038000,4490000,-295000,85350000,11336000,13.23,14.59,11.88,0.2464,0.1172,4.45,3.03,13.57,0.35,0.0868,0.1261,0.4789,0.0864,1.36,0.01,1.68
1998-01-02,30024000,120096000,4,1066260000,740456000,542774000,426984000,523486000,0,0,0,67090000,344843000,19707000,19707000,0.66,0.64,0.09,8574000,-42448000,-23653000,-56653000,85645000,9278000,14.32,16.69,11.94,0.2433,0.1138,4.36,3.28,15.61,0.33,0.0888,0.1282,0.491,0.0845,1.35,-0.01,1.7342
1997-09-26,30093000,120372000,4,1104333000,813470000,579756000,464310000,524577000,0,0,0,73186000,405775000,32958000,32958000,1.04,None,0.09,-2683000,-13236000,-17266000,-32414000,142298000,13124000,14.34,15.53,13.16,0.2363,0.109,4.36,3.47,16.16,0.31,0.0919,0.1395,0.475,0.081,1.35,-0.13,1.752
1997-06-27,30235000,120940000,4,1092530000,803125000,592806000,472406000,499724000,0,0,0,73186000,359903000,52432000,52432000,1.67,None,0.09,25356000,113205000,-48453000,88818000,174712000,14103000,12.92,14.06,11.78,0.2353,0.1076,4.13,3.38,17.52,0.28,0.0928,0.1465,0.4574,0.0779,1.38,0.09,1.7001
1997-03-28,30462000,121848000,4,1040777000,734016000,575538000,449446000,465239000,0,0,0,79186000,338187000,17349000,17349000,0.55,None,0.09,14961000,-11527000,1869000,8995000,85894000,10126000,13.57,14.88,12.25,0.2023,0.0911,3.82,3.56,15.83,0.26,0.1082,0.1702,0.447,0.0628,1.45,0.04,1.6332
1996-12-27,30597000,122388000,4,1001904000,703498000,535231000,416000000,466673000,0,0,0,79258000,321959000,12821000,12821000,0.41,None,0.08,7305000,-38766000,23893000,-5776000,76899000,15514000,12,12.97,11.03,0.241,0.1064,3.81,3.15,12.6,0.24,0.0903,0.1698,0.4658,0.0696,1.53,-0.07,1.6911
1996-09-27,30703000,122812000,4,1018921000,743897000,551012000,449994000,467909000,0,0,0,60258000,413413000,29121000,29121000,0.92,0.92,0.08,41661000,-17933000,-58812000,-34390000,82675000,13762000,11.61,13.09,10.13,0.2784,0.1202,3.81,3.19,9.82,0.22,0.0786,0.1288,0.4592,0.0763,1.57,0.23,1.6531
1996-06-28,31069000,124276000,4,1051517000,783863000,599015000,492075000,452502000,0,0,0,60258000,417098000,34379000,34379000,1.07,1.07,0.08,62443000,-17197000,-16571000,29301000,117065000,14463000,14.02,15.72,12.31,0.3571,0.1483,3.64,4.06,12.3,0.2,0.0748,0.1332,0.4303,0.1063,1.39,0.39,1.593
1996-03-29,31036000,124144000,4,1039080000,778134000,611044000,503336000,428036000,0,0,0,60258000,417603000,33027000,33027000,1.03,1.03,0.08,21909000,-22606000,15627000,16138000,87764000,20083000,11.98,13.16,10.81,0.342,0.145,3.45,3.67,10.94,0.18,0.0754,0.1408,0.4119,0.1014,1.43,0.01,1.546
1995-12-29,31075000,124300000,4,953740000,703017000,548344000,441907000,405396000,0,0,0,60264000,351247000,25536000,25536000,0.79,0.79,0.07,-48660000,-15614000,13209000,-51102000,71626000,14647000,12.05,13.47,10.63,0.3246,0.1408,3.26,3.84,11.53,0.16,0.0764,0.1487,0.4251,0.0944,1.49,-0.51,1.5909
1995-09-29,31420000,125680000,4,1003782000,757718000,608853000,500701000,394929000,0,0,0,60329000,225339000,57101000,57101000,None,1.84,0.13,48731000,172579000,-189118000,32608000,122728000,20459000,13.5,14.34,12.66,0.3054,0.1346,3.14,3.69,17.48,0.14,0.0779,0.1528,0.3934,0.0884,1.52,0.22,1.5133
1995-06-30,33859000,135436000,4,1069084000,769713000,573351000,492249000,495733000,0,0,0,60329000,458907000,31743000,31743000,None,0.9,0.07,42104000,-9195000,-21050000,12964000,90120000,12964000,12.28,14,10.56,0.2323,0.1065,3.66,3.48,17.42,0.11,0.0807,0.1217,0.4637,0.0609,1.75,0.22,1.5637
1995-03-31,33917000,135668000,4,1064997000,764489000,585480000,504392000,479517000,0,0,0,60329000,490369000,29692000,29692000,None,0.85,0.07,32331000,-16326000,-12120000,-242000,77156000,15452000,9.82,11,8.63,0.2196,None,3.53,2.91,15.84,0.09,0.0851,0.1258,0.4503,0.0578,1.74,0.12,1.5157
1994-12-30,33714000,134856000,4,1000075000,703379000,546057000,464964000,454018000,0,0,0,60334000,401127000,20750000,20750000,None,0.59,0.06,-5776000,-21422000,25347000,-1474000,77398000,12135000,8.52,9.31,7.72,0.2015,None,3.37,2.57,15.39,0.07,0.0924,0.1329,0.454,0.0543,1.7,-0.13,1.5128
1994-09-30,33933000,135732000,4,962423000,668739000,512970000,431783000,449453000,0,0,0,60399000,441139000,26928000,26928000,None,0.75,0.06,63450000,-15696000,-44437000,2066000,78872000,3263000,9.05,9.72,8.38,None,None,3.31,2.85,None,0.06,0.0993,0.1344,0.467,None,None,0.44,1.5488
1994-07-01,34247000,136988000,4,937821000,657527000,503374000,421583000,434447000,0,0,0,60399000,393054000,22428000,22428000,None,0.63,0.06,42755000,-13247000,-16571000,11770000,76806000,15438000,8.75,9.81,7.69,None,None,3.17,2.88,None,0.04,None,0.139,0.4633,None,None,0.2,1.5597
1994-04-01,34380000,137520000,4,929208000,649192000,511040000,429286000,418168000,0,0,0,60399000,394534000,18338000,18338000,None,0.51,0.06,27221000,-13766000,-13030000,340000,65036000,16775000,8.4,9.75,7.06,None,None,3.04,2.79,None,0.03,None,0.1444,0.45,None,None,0.08,1.5123
1993-12-31,17272000,138176000,8,882684000,603324000,466687000,384921000,415997000,0,0,0,60405000,323750000,11664000,11664000,None,0.65,0.1,-13175000,-8674000,12650000,-8611000,64696000,8788000,6.67,7.5,5.84,None,None,3.01,None,None,0.0125,None,0.1452,0.4713,None,None,-0.16,1.5674
