"Quarter end","Shares","Shares split adjusted","Split factor","Assets","Current Assets","Liabilities","Current Liabilities","Shareholders equity","Non-controlling interest","Preferred equity","Goodwill & intangibles","Long-term debt","Revenue","Earnings","Earnings available for common stockholders","EPS basic","EPS diluted","Dividend per share","Cash from operating activities","Cash from investing activities","Cash from financing activities","Cash change during period","Cash at end of period","Capital expenditures","Price","Price high","Price low","ROE","ROA","Book value of equity per share","P/B ratio","P/E ratio","Cumulative dividends per share","Dividend payout ratio","Long-term debt to equity ratio","Equity to assets ratio","Net margin","Asset turnover","Free cash flow per share","Current ratio"
2019-04-27,4280733008,4280733008,1,97287000000,47311000000,60483000000,27913000000,36804000000,0,0,35942000000,15921000000,12958000000,3044000000,3044000000,0.7,0.69,0.35,4329000000,5606000000,-9541000000,394000000,10273000000,223000000,51.38,57.52,45.23,0.3211,0.1277,8.6,5.54,18.68,6.83,0.4496,0.4326,0.3783,0.2576,0.5,0.96,1.6949
2019-01-26,4402027716,4402027716,1,102462000000,53117000000,61673000000,29479000000,40789000000,0,0,35563000000,15893000000,12446000000,2822000000,2822000000,0.63,0.63,0.33,3797000000,3867000000,-6271000000,1393000000,9879000000,253000000,44.7,49.14,40.25,0.2949,0.1195,9.27,4.58,131.47,6.48,0.4661,0.3896,0.3981,0.2531,0.47,0.81,1.8019
2018-10-27,4495961730,4495961730,1,105429000000,55686000000,61581000000,26414000000,43848000000,0,0,36102000000,18323000000,13072000000,3549000000,3549000000,0.78,0.77,0.33,3763000000,2675000000,-6945000000,-507000000,8486000000,210000000,45.34,49.47,41.2,0.0272,0.011,9.75,4.8,906.8,6.15,4.6966,0.4179,0.4159,0.0252,0.44,0.79,2.1082
2018-07-28,4571334136,4571334136,1,108784000000,61837000000,65580000000,27035000000,43204000000,0,0,34258000000,20331000000,12844000000,3803000000,3803000000,0.81,0.79,0.33,4100000000,8069000000,-9954000000,2215000000,8934000000,209000000,43.66,46.37,40.94,0.0021,0.0009,9.45,4.4,None,5.82,53.5566,0.4706,0.3972,0.0022,0.41,0.85,2.2873
2018-04-28,4702882494,4702882494,1,114008000000,67141000000,67347000000,28642000000,46661000000,0,0,34335000000,20336000000,12463000000,2691000000,2691000000,0.56,0.56,0.33,2416000000,5760000000,-19081000000,-10905000000,6719000000,238000000,41.75,46.16,37.35,-0.022,-0.01,9.92,3.87,None,5.49,None,0.4358,0.4093,None,0.38,0.46,2.3441
2018-01-27,4817517410,4817517410,1,131510000000,86050000000,79528000000,35364000000,51982000000,0,0,32865000000,25625000000,11887000000,-8778000000,-8778000000,-1.78,-1.78,0.29,4070000000,3990000000,-1479000000,6581000000,17624000000,161000000,38.18,42.69,33.67,-0.0232,-0.0112,10.79,2.88,19.89,5.16,None,0.493,0.3953,None,0.37,0.81,2.4333
2017-10-28,4943622124,4943622124,1,130522000000,84080000000,64972000000,29284000000,65550000000,0,0,32910000000,25684000000,12136000000,2394000000,2394000000,0.48,0.48,0.29,3080000000,-2495000000,-1250000000,-665000000,11043000000,167000000,32.55,34.73,30.36,0.1484,0.0756,13.26,2.44,17.13,4.87,0.5807,0.3918,0.5022,0.2026,0.37,0.59,2.8712
2017-07-29,4951955851,4951955851,1,129818000000,83703000000,63681000000,27583000000,66137000000,0,0,32305000000,25725000000,12133000000,2424000000,2424000000,0.49,0.47,0.29,4001000000,695000000,-1104000000,3592000000,11708000000,207000000,32.48,34.6,30.37,0.1486,0.0756,13.36,2.48,16.32,4.58,0.5717,0.389,0.5095,0.2002,0.38,0.77,3.0346
2017-04-29,5000054399,5000054399,1,125950000000,79962000000,60568000000,22718000000,65382000000,0,0,32220000000,28222000000,11940000000,2515000000,2515000000,0.5,0.5,0.29,3373000000,-1710000000,-4445000000,-2782000000,8116000000,229000000,32.48,34.53,30.42,0.1561,0.08,13.08,2.55,16.66,4.29,0.5362,0.4316,0.5191,0.2061,0.39,0.63,3.5198
2017-01-28,5007856247,5007856247,1,126248000000,83392000000,62430000000,22708000000,63811000000,7000000,0,28939000000,30471000000,11580000000,2348000000,2348000000,0.47,0.47,0.26,3772000000,418000000,-1875000000,2315000000,10898000000,248000000,30.51,31.89,29.12,0.1553,0.0798,12.74,2.42,14.6,4,0.5308,0.4775,0.5054,0.2024,0.39,0.7,3.6724
2016-10-29,5019758934,5019758934,1,126287000000,83141000000,62874000000,23217000000,63406000000,7000000,0,29120000000,30634000000,12352000000,2322000000,2322000000,0.46,0.46,0.26,2730000000,-5396000000,3618000000,952000000,8583000000,273000000,30.91,31.95,29.86,0.1699,0.0887,12.63,2.44,14.65,3.74,0.4678,0.4831,0.5021,0.2173,0.41,0.49,3.581
2016-07-30,5014353833,5014353833,1,121652000000,78719000000,58067000000,24911000000,63586000000,-1000000,0,29126000000,24483000000,12638000000,2813000000,2813000000,0.56,0.56,0.26,3818000000,-3366000000,-1716000000,-1264000000,7631000000,236000000,28.48,31.15,25.81,0.1741,0.0924,12.68,2.3,14.17,3.48,0.4408,0.385,0.5227,0.2181,0.42,0.71,3.16
2016-04-30,5029711978,5029711978,1,118654000000,78571000000,56296000000,24003000000,62358000000,0,0,29506000000,24431000000,12000000000,2349000000,2349000000,0.47,0.46,0.26,3064000000,-2364000000,1881000000,2581000000,8895000000,304000000,25.58,28.7,22.46,0.1687,0.0898,12.4,2.11,12.66,3.22,0.4386,0.3918,0.5255,0.2072,0.43,0.55,3.2734
2016-01-23,5032121234,5032121234,1,112642000000,75005000000,51764000000,22799000000,60871000000,7000000,0,27280000000,21591000000,11927000000,3147000000,3147000000,0.62,0.61,0.21,3922000000,-1437000000,-1929000000,556000000,6314000000,309000000,25.98,29.49,22.47,0.1727,0.0931,12.1,2.2,13.82,2.96,0.4117,0.3547,0.5404,0.2084,0.45,0.72,3.2898
2015-10-24,5076079317,5076079317,1,111773000000,73946000000,51788000000,22100000000,59977000000,8000000,0,27174000000,21594000000,12682000000,2430000000,2430000000,0.48,0.48,0.21,2766000000,-950000000,-2935000000,-1119000000,5758000000,256000000,26.2,29.38,23.03,0.1623,0.0878,11.82,2.22,14.97,2.75,0.4348,0.36,0.5366,0.1932,0.45,0.49,3.346
2015-07-25,5061293291,5061293291,1,113481000000,76283000000,53774000000,23623000000,59698000000,9000000,0,26845000000,21457000000,12843000000,2319000000,2319000000,0.46,0.46,0.21,4138000000,-3860000000,2729000000,3007000000,6877000000,306000000,28.37,29.9,26.84,0.1542,0.0838,11.8,2.45,16.49,2.54,0.4534,0.3594,0.5261,0.1827,0.46,0.76,3.2292
2015-04-25,5085888730,5085888730,1,106212000000,69331000000,47379000000,23245000000,58823000000,10000000,0,27024000000,16586000000,12137000000,2437000000,2437000000,0.47,0.47,0.21,3040000000,-2592000000,-1375000000,-927000000,3870000000,354000000,28.12,30.31,25.92,0.155,0.0848,11.57,2.49,16.84,2.33,0.4466,0.282,0.5538,0.183,0.46,0.53,2.9826
2015-01-24,5104738671,5104738671,1,104922000000,67882000000,47189000000,20034000000,57718000000,15000000,0,27137000000,19667000000,11936000000,2397000000,2397000000,0.47,0.47,0.19,2883000000,-759000000,-1714000000,410000000,4797000000,263000000,26.15,28.7,23.6,0.1526,0.0832,11.31,2.36,17.79,2.12,0.4488,0.3407,0.5501,0.18,0.46,0.51,3.3883
2014-10-25,5113588147,5113588147,1,103978000000,66396000000,47263000000,20056000000,56708000000,7000000,0,27430000000,19615000000,12245000000,1828000000,1828000000,0.36,0.35,0.19,2491000000,-2877000000,-1953000000,-2339000000,4387000000,282000000,24.25,26.01,22.49,0.1365,0.0751,11.09,2.18,16.28,1.93,0.4931,0.3459,0.5454,0.1625,0.46,0.43,3.3105
2014-07-26,5099203169,5099203169,1,105134000000,67114000000,48473000000,19809000000,56654000000,7000000,0,27519000000,20401000000,12357000000,2247000000,2247000000,0.44,0.43,0.19,3612000000,-1505000000,-1622000000,485000000,6726000000,261000000,24.25,26.08,22.43,0.1381,0.0773,11.11,2.23,16.39,1.74,0.4746,0.3601,0.5389,0.1666,0.46,0.66,3.3881
2014-04-26,5122689670,5122689670,1,101856000000,64288000000,46060000000,18515000000,55787000000,9000000,0,27537000000,20384000000,11545000000,2181000000,2181000000,0.42,0.42,0.19,3198000000,-2948000000,652000000,902000000,6241000000,369000000,22.45,23.64,21.27,0.137,0.0783,10.89,2.06,14.77,1.55,0.4659,0.3654,0.5477,0.1669,0.47,0.55,3.4722
2014-01-25,5151281052,5151281052,1,98427000000,60689000000,42343000000,22944000000,56069000000,15000000,0,27779000000,12385000000,11155000000,1429000000,1429000000,0.27,0.27,0.17,2873000000,565000000,-3353000000,85000000,5339000000,254000000,22.11,24,20.22,0.1416,0.0823,10.88,2.01,12.02,1.36,0.441,0.2209,0.5697,0.1707,0.48,0.51,2.6451
2013-10-26,5346617505,5346617505,1,100741000000,62796000000,41832000000,21728000000,58897000000,12000000,0,27639000000,12947000000,12085000000,1996000000,1996000000,0.37,0.37,0.17,2649000000,-2755000000,-2565000000,-2671000000,5254000000,159000000,24.3,26.49,22.1,0.1717,0.1,11.02,2.2,13.06,1.19,0.3515,0.2198,0.5846,0.2025,0.49,0.47,2.8901
2013-07-27,5361549877,5361549877,1,101191000000,65521000000,42063000000,22192000000,59120000000,8000000,0,25322000000,12928000000,12417000000,2270000000,2270000000,0.42,0.42,0.17,3986000000,-1115000000,-68000000,2803000000,7925000000,317000000,23.22,26.15,20.29,0.1782,0.1031,11.03,2.18,12.9,1.02,0.3315,0.2187,0.5842,0.2054,0.5,0.68,2.9525
2013-04-27,5344336014,5344336014,1,97084000000,61417000000,40286000000,21063000000,56788000000,10000000,0,25048000000,12956000000,12216000000,2478000000,2478000000,0.46,0.46,0.17,3094000000,-3457000000,-1362000000,-1725000000,5122000000,291000000,20.98,21.98,19.98,0.1781,0.1019,10.63,2.02,12.06,0.85,0.293,0.2281,0.5849,0.2011,0.51,0.52,2.9159
2013-01-26,5331973900,5331973900,1,96378000000,60725000000,40853000000,17950000000,55515000000,10000000,0,24903000000,16254000000,12098000000,3143000000,3143000000,0.6,0.59,0.14,3349000000,-666000000,-609000000,2074000000,6847000000,287000000,18.96,21.25,16.68,0.1768,0.1002,10.41,1.91,12.23,0.68,0.2513,0.2928,0.576,0.1972,0.51,0.57,3.383
2012-10-27,5309248366,5309248366,1,92643000000,57907000000,39942000000,17114000000,52686000000,15000000,0,23892000000,16272000000,11876000000,2092000000,2092000000,0.39,0.39,0.14,2465000000,-6530000000,-961000000,-5026000000,4773000000,265000000,17.7,19.75,15.65,0.1634,0.0916,9.92,1.83,11.88,0.54,0.2296,0.3088,0.5687,0.179,0.51,0.41,3.3836
2012-07-28,5290061557,5290061557,1,91759000000,61933000000,40458000000,17731000000,51286000000,15000000,0,18957000000,16297000000,11690000000,1917000000,1917000000,0.36,0.36,0.08,3088000000,2429000000,-2179000000,3338000000,9799000000,296000000,17.57,20.17,14.96,0.1616,0.0896,9.69,1.83,12.92,0.4,0.1862,0.3178,0.5589,0.1746,0.51,0.53,3.4929
2012-04-28,5356878940,5356878940,1,91154000000,61212000000,39776000000,17124000000,51357000000,21000000,0,19140000000,16286000000,11588000000,2165000000,2165000000,0.4,0.4,0.08,2969000000,-4159000000,-910000000,-2100000000,6461000000,281000000,20.29,21.3,19.27,0.1509,0.083,9.59,2.22,15.73,0.32,0.1899,0.3171,0.5634,0.1614,0.51,0.5,3.5746
2012-01-28,5385938187,5385938187,1,89259000000,59298000000,39994000000,17598000000,49246000000,19000000,0,19077000000,16299000000,11527000000,2182000000,2182000000,0.41,0.4,0.06,3101000000,1106000000,-393000000,3814000000,8561000000,284000000,18.64,20.07,17.22,0.1467,0.0803,9.14,2.12,16.07,0.24,0.1856,0.331,0.5517,0.1561,0.51,0.52,3.3696
2011-10-29,5375863983,5375863983,1,86964000000,57267000000,39750000000,17461000000,47188000000,26000000,0,19192000000,16264000000,11256000000,1777000000,1777000000,0.33,0.33,0.06,2333000000,-3191000000,-2057000000,-2915000000,4747000000,265000000,15.95,18.6,13.3,0.1354,0.0742,8.78,1.82,13.63,0.18,0.1539,0.3447,0.5426,0.1449,0.51,0.38,3.2797
2011-07-30,5382854827,5382854827,1,87095000000,57231000000,39836000000,17506000000,47226000000,33000000,0,19359000000,16234000000,11195000000,1232000000,1232000000,0.23,0.23,0.06,2824000000,-473000000,-1324000000,1027000000,7662000000,80000000,16.38,17.99,14.78,0.1405,0.0776,8.77,1.91,12.8,0.12,0.1006,0.3438,0.5422,0.1502,0.52,0.51,3.2692
2011-04-30,5500184916,5500184916,1,85350000000,55204000000,38144000000,16110000000,47163000000,43000000,0,19582000000,16168000000,10866000000,1807000000,1807000000,0.33,0.33,0.06,2979000000,-1812000000,544000000,1711000000,6635000000,278000000,19.43,22.34,16.52,0.1583,0.0876,8.57,2.35,14.72,0.06,0.0459,0.3428,0.5526,0.1678,0.52,0.49,3.4267
2011-01-29,5527994846,5527994846,1,81981000000,52066000000,36295000000,18505000000,45641000000,45000000,0,19545000000,12152000000,10407000000,1521000000,1521000000,0.27,0.27,0,2609000000,-482000000,-999000000,1128000000,4924000000,326000000,21.8,24.6,19,0.1699,0.094,8.26,2.7,15.91,0,0,0.2663,0.5567,0.1789,0.53,0.41,2.8136
2010-10-30,5542761641,5542761641,1,80015000000,50406000000,35320000000,18120000000,44675000000,20000000,0,19918000000,12214000000,10750000000,1930000000,1930000000,0.34,0.34,0,1667000000,-167000000,-2285000000,-785000000,3796000000,326000000,22.34,24.87,19.82,0.1815,0.0999,8.06,2.82,16.8,0,0,0.2734,0.5583,0.1894,0.53,0.24,2.7818
2010-07-31,5585268740,5585268740,1,81130000000,51421000000,36845000000,19233000000,44267000000,18000000,0,19948000000,12188000000,10836000000,1935000000,1935000000,0.35,0.34,0,3232000000,-698000000,-1914000000,620000000,4581000000,309000000,24.31,27.69,20.93,0.1832,0.1017,7.93,3.17,20.6,0,0,0.2753,0.5456,0.194,0.52,0.52,2.6736
2010-05-01,5711151107,5711151107,1,79292000000,49758000000,35440000000,18439000000,43830000000,22000000,0,20116000000,12119000000,10368000000,2192000000,2192000000,0.38,0.37,0,2967000000,-3048000000,-668000000,-749000000,3961000000,291000000,25.05,27.74,22.35,0.1686,0.0945,7.67,3.46,24.09,0,0,0.2765,0.5528,0.1832,0.52,0.47,2.6985
2010-01-23,5725636151,5725636151,1,76403000000,50139000000,34871000000,14405000000,41512000000,20000000,0,17084000000,15194000000,9815000000,1853000000,1853000000,0.32,0.32,0,2486000000,-6932000000,4382000000,-64000000,4710000000,248000000,23.83,25.1,22.55,0.1542,0.0874,7.25,3.43,24.32,0,0,0.366,0.5433,0.1708,0.51,0.39,3.4807
2009-10-24,5752585247,5752585247,1,68680000000,44697000000,28654000000,13162000000,40002000000,24000000,0,14494000000,10273000000,9021000000,1787000000,1787000000,0.31,0.3,0,1488000000,-1253000000,-1179000000,-944000000,4774000000,160000000,22.75,24.83,20.68,0.1498,0.0871,6.95,3.41,21.67,0,0,0.2568,0.5824,0.1643,0.53,0.23,3.3959
2009-07-25,5789367923,5789367923,1,68128000000,44177000000,29451000000,13655000000,38647000000,30000000,0,14627000000,10295000000,8535000000,1081000000,1081000000,0.19,0.19,0,1985000000,-3209000000,-417000000,-1641000000,5718000000,211000000,19.84,22.07,17.61,0.1661,0.097,6.68,3.07,16.53,0,0,0.2664,0.5673,0.1698,0.57,0.31,3.2352
2009-04-25,5767880540,5767880540,1,64666000000,41336000000,27383000000,12861000000,37256000000,27000000,0,14225000000,10317000000,8162000000,1348000000,1348000000,0.23,0.23,0,1996000000,-1086000000,2274000000,3184000000,7359000000,209000000,16.11,18.61,13.61,0.1971,0.116,6.46,2.56,12.79,0,0,0.2769,0.5761,0.1862,0.62,0.31,3.2141
2009-01-24,5837016965,5837016965,1,61357000000,37995000000,24556000000,13604000000,36783000000,18000000,0,14364000000,6348000000,9089000000,1504000000,1504000000,0.26,0.26,0,3198000000,-2825000000,-395000000,-22000000,4175000000,224000000,16.45,18.7,14.2,0.2151,0.1269,6.3,2.75,12.37,0,0,0.1726,0.5995,0.1893,0.67,0.51,2.7929
2008-10-25,5855086794,5855086794,1,58887000000,35662000000,23828000000,13548000000,35035000000,24000000,0,14530000000,6371000000,10331000000,2201000000,2201000000,0.37,0.37,0,2718000000,-2839000000,-873000000,-994000000,4197000000,361000000,20.57,25.25,15.9,0.2379,0.1399,5.98,3.52,15.7,0,0,0.1818,0.595,0.1996,0.7,0.4,2.6323
2008-07-26,5883028141,5883028141,1,58734000000,35699000000,24332000000,13858000000,34353000000,49000000,0,14481000000,6393000000,10364000000,2014000000,2014000000,0.35,0.34,0,3529000000,-3511000000,-981000000,-963000000,5191000000,360000000,24.14,27.72,20.56,0.24,0.142,5.84,4.3,19.01,0,0,0.1861,0.5849,0.2036,0.7,0.54,2.5761
2008-04-26,5907135642,5907135642,1,57123000000,34145000000,23922000000,13359000000,33138000000,63000000,0,14600000000,6415000000,9791000000,1773000000,1773000000,0.3,0.29,0,3028000000,-1147000000,-929000000,952000000,6154000000,317000000,24.03,26.29,21.77,0.2427,0.1439,5.61,4.37,18.77,0,0,0.1936,0.5801,0.2064,0.7,0.46,2.556
2008-01-26,5960997252,5960997252,1,55300000000,32442000000,22407000000,12193000000,32812000000,81000000,0,14728000000,6851000000,9831000000,2060000000,2060000000,0.34,0.33,0,2443000000,1725000000,-3379000000,789000000,5202000000,295000000,28.27,34.24,22.3,0.2548,0.1514,5.5,5.07,22.44,0,0,0.2088,0.5933,0.2141,0.71,0.36,2.6607
2007-10-27,6066967118,6066967118,1,55702000000,33455000000,21699000000,12220000000,33872000000,131000000,0,14537000000,6582000000,9554000000,2205000000,2205000000,0.36,0.35,0,3089000000,-1260000000,-1144000000,685000000,4413000000,296000000,31.09,33.6,28.58,0.2633,0.1554,5.58,6.01,26.57,0,0,0.1943,0.6081,0.2185,0.71,0.46,2.7377
2007-07-28,6090881108,6090881108,1,53340000000,31574000000,21850000000,13358000000,31480000000,10000000,0,14661000000,6408000000,9433000000,1930000000,1930000000,0.31,0.3,0,2738000000,-4971000000,504000000,-1729000000,3728000000,339000000,27.86,30.39,25.33,0.2616,0.1517,5.17,5.93,24.87,0,0,0.2036,0.5902,0.21,0.72,0.39,2.3637
2007-04-28,6071255443,6071255443,1,48835000000,30540000000,20308000000,11972000000,28518000000,9000000,0,11402000000,6478000000,8866000000,1874000000,1874000000,0.31,0.3,0,2437000000,868000000,-282000000,3023000000,5457000000,364000000,26.84,28.85,24.82,0.2658,0.1516,4.7,6.1,25.81,0,0,0.2272,0.584,0.2075,0.73,0.34,2.551
2007-01-27,6040034409,6040034409,1,46254000000,28516000000,19664000000,11491000000,26582000000,8000000,0,11278000000,6416000000,8439000000,1921000000,1921000000,0.32,0.31,0,2658000000,-3312000000,-1225000000,-1879000000,2434000000,334000000,26.13,28.99,23.27,0.2573,0.1458,4.4,6.22,27.51,0,0,0.2414,0.5747,0.2027,0.72,0.38,2.4816
2006-10-28,6072718791,6072718791,1,44908000000,27251000000,19365000000,11281000000,25529000000,14000000,0,11363000000,6455000000,8184000000,1608000000,1608000000,0.27,0.26,0,2271000000,-927000000,-328000000,1016000000,4313000000,214000000,20.94,24.78,17.1,0.2444,0.1437,4.2,5.31,23.53,0,0,0.2528,0.5685,0.1968,0.73,0.34,2.4157
2006-07-29,6070131024,6070131024,1,43315000000,25676000000,19397000000,11313000000,23912000000,6000000,0,11388000000,6332000000,7984000000,1544000000,1544000000,0.26,0.25,0,2317000000,-873000000,-2384000000,-940000000,3297000000,177000000,19.73,22,17.45,0.2402,0.147,3.94,4.9,22.42,0,0,0.2648,0.552,0.1959,0.75,0.35,2.2696
2006-04-29,6104624386,6104624386,1,43082000000,25487000000,18459000000,10430000000,24615000000,8000000,0,11542000000,6346000000,7322000000,1400000000,1400000000,0.23,0.22,0,2315000000,-9447000000,6218000000,-914000000,4237000000,201000000,19.91,22,17.82,0.2419,0.1567,4.03,5.34,22.89,0,0,0.2578,0.5714,0.2059,0.76,0.35,2.4436
2006-01-28,6150560178,6150560178,1,33652000000,21611000000,10684000000,9521000000,22964000000,4000000,0,5932000000,0,6628000000,1375000000,1375000000,0.22,0.22,0,1865000000,1799000000,-217000000,3447000000,5151000000,179000000,18.15,19.43,16.87,0.2444,0.1675,3.73,5.2,21.1,0,0,0,0.6824,0.2151,0.78,0.27,2.2698
2005-10-29,6142546592,6142546592,1,31755000000,19753000000,10314000000,9236000000,21437000000,4000000,0,5960000000,0,6550000000,1261000000,1261000000,0.2,0.2,0,1402000000,-1123000000,-3317000000,-3038000000,1704000000,215000000,18.28,19.74,16.83,0.2434,0.1681,3.49,4.95,21.01,0,0,0,0.6751,0.2209,0.76,0.19,2.1387
2005-07-30,6274702446,6274702446,1,33883000000,13031000000,10699000000,9511000000,23174000000,10000000,0,5844000000,0,6581000000,1540000000,1540000000,0.24,0.24,0,2436000000,1713000000,-2048000000,2101000000,4742000000,222000000,18.7,20.25,17.16,0.241,0.1689,3.69,5.03,22.53,0,0,0,0.6839,0.2315,0.73,0.35,1.3701
2005-04-30,6390676291,6390676291,1,33970000000,10963000000,10203000000,9187000000,23756000000,11000000,0,5522000000,0,6187000000,1405000000,1405000000,0.22,0.21,0,1884000000,170000000,-1886000000,168000000,2641000000,180000000,17.91,18.8,17.01,0.228,0.1621,3.72,4.88,22.67,0,0,0,0.6993,0.2311,0.7,0.27,1.1933
2005-01-29,6463952333,6463952333,1,33825000000,11970000000,10062000000,9072000000,23751000000,12000000,0,5070000000,0,6062000000,1400000000,1400000000,0.21,0.21,0,1737000000,-216000000,-2357000000,-836000000,2473000000,131000000,18.88,20.35,17.41,0.2152,0.1551,3.67,5.06,27.76,0,0,0,0.7022,0.2285,0.68,0.25,1.3194
2004-10-30,6584738778,6584738778,1,34313000000,12476000000,9596000000,8626000000,24589000000,128000000,0,4934000000,0,5971000000,1396000000,1396000000,0.21,0.21,0,1511000000,947000000,-2871000000,-413000000,3309000000,159000000,19.38,21.24,17.53,0.1811,0.133,3.73,4.99,31.26,0,0,0,0.7166,0.2056,0.65,0.21,1.4463
2004-07-31,6650438687,6650438687,1,35594000000,14343000000,9678000000,8703000000,25826000000,90000000,0,4523000000,0,5926000000,1380000000,1380000000,0.19,0.2,0,2082000000,-636000000,-1673000000,-227000000,3722000000,126000000,22.13,24.2,20.07,0.1647,0.1229,3.88,5.76,39.52,0,0,0,0.7256,0.1996,0.62,0.29,1.6481
2004-05-01,6761489462,6761489462,1,35197000000,14073000000,9211000000,8274000000,25981000000,5000000,0,4585000000,0,5620000000,1211000000,1211000000,0.18,0.17,0,2405000000,218000000,-2899000000,-276000000,3949000000,94000000,24.66,28.5,20.82,0.1468,0.1106,3.84,6.13,46.53,0,0,0,0.7382,0.1923,0.58,0.34,1.7009
2004-01-24,6872760497,6872760497,1,36590000000,14961000000,8943000000,8080000000,27636000000,11000000,0,4544000000,0,5398000000,724000000,724000000,0.11,0.1,0,1661000000,-170000000,-1424000000,67000000,4225000000,220000000,24.6,29.39,19.81,0.1365,0.1037,4.02,6.2,43.16,0,0,0,0.7553,0.1907,0.54,0.21,1.8516
2003-10-25,6903337890,6903337890,1,35850000000,14027000000,8421000000,7715000000,27419000000,10000000,0,4533000000,0,5101000000,1086000000,1086000000,0.16,0.15,0,973000000,1054000000,-1794000000,233000000,4158000000,173000000,19.49,21.56,17.42,0.1451,0.1104,3.97,4.84,38.98,0,0,0,0.7648,0.2115,0.52,0.12,1.8181
2003-07-26,6953996891,6953996891,1,37107000000,13415000000,9068000000,8294000000,28029000000,10000000,0,4599000000,0,4702000000,982000000,982000000,0.13,0.14,0,1549000000,-448000000,-1116000000,-15000000,3925000000,213000000,16.98,19.55,14.4,0.127,0.0968,4.03,4.31,36.91,0,0,0,0.7554,0.1895,0.51,0.19,1.6174
2003-04-26,7018744853,7018744853,1,36256000000,12621000000,8600000000,7795000000,27645000000,11000000,0,4364000000,0,4618000000,987000000,987000000,0.14,0.14,0,1265000000,-399000000,-1939000000,-1073000000,3940000000,163000000,13.55,14.78,12.33,0.1189,0.0907,3.94,3.39,32.26,0,0,0,0.7625,0.1772,0.51,0.16,1.6191
2003-01-25,7111864780,7111864780,1,37346000000,14289000000,8881000000,8064000000,28455000000,10000000,0,4323000000,0,4713000000,991000000,991000000,0.14,0.14,0,1359000000,-2072000000,-1260000000,-1973000000,5013000000,219000000,12.89,15.63,10.14,0.1091,0.0832,4,3.26,34.84,0,0,0,0.7619,0.1619,0.51,0.16,1.7719
2002-10-26,7225133163,7225133163,1,37198000000,15096000000,8642000000,7871000000,28546000000,10000000,0,4391000000,0,4845000000,618000000,618000000,0.09,0.08,0,1067000000,-2517000000,-1048000000,-2498000000,6986000000,122000000,11.7,15.29,8.12,0.0977,0.0747,3.95,2.98,46.8,0,0,0,0.7674,0.1439,0.52,0.13,1.9179
2002-07-27,7285904553,7285904553,1,37795000000,17433000000,9124000000,8375000000,28656000000,15000000,0,4362000000,0,4829000000,772000000,772000000,0.11,0.1,0,1609000000,2029000000,-647000000,2991000000,9484000000,398000000,14.43,17.25,11.61,0.0672,0.0515,3.93,3.72,96.2,0,0,0,0.7582,0.1001,0.51,0.17,2.0816
2002-04-27,7316574545,7316574545,1,37126000000,13610000000,8691000000,7980000000,28419000000,16000000,0,4440000000,0,4822000000,729000000,729000000,0.1,0.1,0,1587000000,-132000000,-299000000,1156000000,6493000000,1761000000,16.86,19.8,13.91,0.0406,0.0312,3.88,4.39,None,0,0,0,0.7655,0.0614,0.51,-0.02,1.7055
2002-01-26,7321504303,7321504303,1,36704000000,12765000000,8543000000,7753000000,28143000000,18000000,0,4550000000,0,4816000000,660000000,660000000,0.09,0.09,0,2007000000,-1113000000,-44000000,850000000,5337000000,190000000,19.11,21.79,16.42,-0.0843,-0.065,3.84,5.11,None,0,None,0,0.7668,None,0.52,0.25,1.6465
2001-10-27,7334911767,7334911767,1,35540000000,13021000000,8070000000,7319000000,27450000000,20000000,0,4666000000,0,4448000000,-268000000,-268000000,-0.04,-0.04,0,1384000000,-1591000000,-179000000,-386000000,4487000000,292000000,15.77,20.3,11.24,-0.0755,-0.0592,3.74,4.26,None,0,None,0,0.7724,None,0.58,0.15,1.7791
2001-07-28,7334019051,7334019051,1,35238000000,12835000000,8096000000,8096000000,27120000000,22000000,0,4659000000,0,4298000000,7000000,7000000,0,0,0,1685000000,-2073000000,159000000,-229000000,4873000000,457000000,19.84,23.48,16.2,-0.0368,-0.0292,3.7,5.56,None,0,None,0,0.7696,None,0.64,0.17,1.5854
2001-04-28,7318969402,7318969402,1,33790000000,12076000000,7675000000,7675000000,26093000000,22000000,0,4955000000,0,4728000000,-2693000000,-2693000000,-0.37,-0.37,0,1881000000,-1168000000,395000000,1108000000,5102000000,606000000,25.93,38.25,13.62,-0.0101,-0.0081,3.57,6.4,63.24,0,None,0,0.7722,None,0.7,0.17,1.5734
2001-01-27,7276393789,7276393789,1,35881000000,12912000000,6335000000,6335000000,29498000000,48000000,0,4696000000,0,6748000000,874000000,874000000,0.12,0.12,0,1463000000,-3384000000,377000000,-1544000000,3994000000,684000000,45.03,56.75,33.31,0.1187,0.0954,4.05,11.73,111.19,0,0,0,0.8221,0.1284,0.74,0.11,2.0382
2000-10-28,7197149590,7197149590,1,34152000000,13059000000,6466000000,5802000000,27641000000,45000000,0,4427000000,0,6519000000,798000000,798000000,0.11,0.11,0,1363000000,-378000000,319000000,1304000000,5538000000,524000000,59.22,68.62,49.81,0.1336,0.1058,3.84,15.75,164.5,0,0,0,0.8094,0.1404,0.75,0.12,2.2508
2000-07-29,7041991896,7041991896,1,32870000000,11110000000,6328000000,5196000000,26497000000,45000000,0,4087000000,0,5782000000,743000000,743000000,0.1,0.09,0,1621000000,-1510000000,554000000,665000000,4234000000,420000000,60.99,71.44,50.55,0.1387,0.1092,3.76,21.4,167.1,0,0,0,0.8061,0.141,0.77,0.17,2.1382
2000-04-29,7023852451,7023852451,1,26085000000,9080000000,6014000000,5099000000,20026000000,45000000,0,0,0,4919000000,662000000,662000000,0.1,0.09,0,1805000000,-2337000000,355000000,-177000000,3542000000,255000000,67.41,80.06,54.75,0.1655,0.1291,2.85,28.32,182.19,0,0,0,0.7677,0.1535,0.84,0.22,1.7807
2000-01-29,3468815049,6937630098,2,21391000000,7722000000,4823000000,3778000000,16523000000,45000000,0,0,0,4350000000,825000000,825000000,0.24,0.23,0,1539000000,508000000,373000000,2420000000,3719000000,218000000,46.31,57.63,35,0.1951,0.1542,2.38,22.81,155.66,0,0,0,0.7724,0.1706,0.9,0.19,2.0439
1999-10-30,3421222492,6842444984,2,17407000000,4892000000,3481000000,3029000000,13882000000,44000000,0,0,0,3877000000,438000000,438000000,0.13,0.13,0,1176000000,-1038000000,275000000,413000000,1251000000,193000000,33.19,37,29.38,0.1793,0.1433,2.03,18.75,107.06,0,0,0,0.7975,0.15,0.96,0.14,1.6151
1999-07-31,3297512440,6595024880,2,14725000000,4615000000,3003000000,3003000000,11678000000,44000000,0,0,0,3592000000,644000000,644000000,0.19,0.19,0,1482000000,-1612000000,222000000,92000000,827000000,207000000,29.81,33.53,26.09,0.2148,0.172,1.77,18.75,100.2,0,0,0,0.7931,0.1725,1,0.19,1.5368
1999-05-01,1611543199,6446172796,4,12708000000,4326000000,2412000000,2412000000,10252000000,44000000,0,0,0,3147000000,646000000,646000000,0.4,0.38,0,1241000000,-2170000000,198000000,-731000000,690000000,100000000,26.73,29.69,23.78,0.2256,0.1811,1.59,18.69,125.79,0,0,0,0.8067,0.1775,1.02,0.18,1.7935
1999-01-23,1597195347,6388781388,4,11434000000,4808000000,2234000000,2234000000,9156000000,44000000,0,0,0,2827000000,288000000,288000000,0.18,0.17,0,865000000,-592000000,187000000,460000000,1421000000,152000000,20.93,26.67,15.19,0.1785,0.143,1.43,16.61,86.61,0,0,0,0.8008,0.1364,1.05,0.11,2.1522
1998-10-24,1579044305,6316177220,4,9865000000,3998000000,1869000000,1869000000,7953000000,43000000,0,0,0,2588000000,518000000,518000000,0.33,0.31,0,850000000,-563000000,139000000,426000000,961000000,125000000,14.14,17.32,10.97,0.2286,0.1829,1.26,12.51,65.01,0,0,0,0.8062,0.1669,1.1,0.11,2.1391
1998-07-25,1569284000,6277136000,4,8916705000,3761924000,1766980000,1766980000,7106618000,43107000,0,0,0,2389989000,491677000,491677000,0.33,None,0,896169000,-1671912000,139810000,-635933000,534652000,132687000,14.47,17.2,11.74,0.2284,0.1811,1.13,14.33,90.75,0,0,0,0.797,0.1596,1.13,0.12,2.129
1998-04-25,1036548848,6219293088,6,7898137000,4142645000,1546708000,1546708000,6308469000,42960000,0,0,0,2183756000,64578000,64578000,0.06,0.06,0,817029000,-267208000,143837000,693658000,1170585000,141726000,10.88,12.31,9.44,0.1938,0.1532,1.01,12.36,51.67,0,0,0,0.7987,0.1288,1.19,0.11,2.6784
1998-01-24,1022987214,6137923284,6,6822629000,3556292000,1349927000,1349927000,5430401000,42301000,0,0,0,2016315000,457282000,457282000,0.45,0.43,0,460926000,-462328000,100133000,98731000,476927000,77105000,9.07,10.05,8.1,0.2859,0.2251,0.88,11.48,46.91,0,0,0,0.7959,0.1813,1.24,0.06,2.6344
1997-10-25,676453778,6088084002,9,6175230000,3602932000,1329537000,1329537000,4803431000,42262000,0,0,0,1868717000,336535000,336535000,0.48,None,0,706391000,-692657000,94854000,108588000,378196000,63325000,8.56,9.37,7.75,0.2891,0.2266,0.79,12.06,50.68,0,0,0,0.7779,0.1752,1.29,0.11,2.7099
1997-07-26,672119249,6049073241,9,5451984000,3101266000,1120109000,1120109000,4289622000,42253000,0,0,0,1765097000,150957000,150957000,0.22,None,0,484274000,-366640000,-193518000,-75884000,269608000,60057000,7.05,8.93,5.17,0.2807,0.2163,0.71,10.68,38.22,0,0,0,0.7868,0.1628,1.33,0.07,2.7687
1997-04-26,669090955,6021818595,9,5064336000,2937467000,1035381000,1035381000,3987725000,41230000,0,0,0,1647871000,378321000,378321000,0.55,None,0,400578000,-434864000,46971000,12685000,345492000,100868000,6.45,7.75,5.15,0.3611,0.2769,0.66,10.75,38.7,0,0,0,0.7874,0.1946,1.42,0.05,2.8371
1997-01-25,663646520,5972818680,9,4570044000,2619019000,947759000,947759000,3581093000,41192000,0,0,0,1592377000,338459000,338459000,0.49,None,0,28602000,-306701000,57081000,-221018000,332807000,81314000,7.36,8.32,6.4,0.3656,0.2774,0.6,14.15,49.07,0,0,0,0.7836,0.1911,1.45,-0.01,2.7634
1996-10-26,657415953,5916743577,9,4302432000,2514753000,1176039000,1176039000,3085217000,41176000,0,0,0,1434826000,180942000,180942000,0.26,None,0,528669000,-295803000,41264000,274130000,553825000,88058000,6.5,7.45,5.55,0.3735,0.2806,0.52,13.54,42.24,0,0,0,0.7171,0.192,1.46,0.07,2.1383
1996-07-28,653383481,5880451329,9,3630232000,2159640000,769353000,769353000,2819622000,41257000,0,0,0,1574187000,318547000,318547000,0.36,None,0,439472000,-476629000,48727000,11570000,279695000,131251000,5.88,6.53,5.24,0.432,0.331,0.48,13.67,None,0,0,0,0.7767,0.223,1.48,0.05,2.8071
1996-04-28,571274426,5141469834,9,2893677000,1638199000,657071000,657071000,2195353000,41253000,0,0,0,985147000,229680000,229680000,0.39,None,0,289731000,-244129000,19158000,64760000,188583000,69540000,5.17,5.82,4.51,None,None,0.43,14.36,None,0,None,0,0.7587,None,None,0.04,2.4932
1996-01-28,565495276,5089457484,9,2365832000,1335698000,513571000,513571000,1811328000,40933000,0,0,0,826482000,196350000,196350000,0.34,None,0,98852000,-63818000,-98732000,-63698000,123823000,43638000,4.25,4.88,3.63,None,None,0.36,12.88,None,0,None,0,0.7656,None,None,0.01,2.6008
1995-10-29,276252134,4972538412,18,2147886000,1290310000,476761000,476761000,1630306000,40819000,0,0,0,710191000,168747000,168747000,0.59,None,0,234671000,-273265000,21269000,-17325000,187521000,38411000,3.59,4.29,2.9,None,None,0.33,12.82,None,0,None,0,0.759,None,None,0.04,2.7064
1995-07-30,273931124,4930760232,18,1757279000,995969000,337756000,337756000,1378731000,40792000,0,0,0,None,None,None,None,None,0,136711000,-52350000,13475000,97836000,204846000,31424000,2.72,3.26,2.19,None,None,0.28,11.33,None,0,None,0,0.7846,None,None,0.02,2.9488
1995-04-30,271326925,4883884650,18,1539224000,851686000,317174000,317174000,1181435000,40615000,0,0,0,509910000,125030000,125030000,0.45,None,0,127381000,-102184000,-12428000,12769000,107010000,25014000,2.04,2.26,1.81,None,None,0.24,9.71,None,0,None,0,0.7676,None,None,0.02,2.6852
1995-01-29,268659060,4835863080,18,1358239000,677858000,281323000,281323000,1036319000,40597000,0,0,0,454897000,53485000,53485000,0.19,None,0,None,None,None,None,94241000,0,1.85,2.03,1.67,None,None,0.21,None,None,0,None,0,0.763,None,None,None,2.4095
