"Quarter end","Shares","Shares split adjusted","Split factor","Assets","Current Assets","Liabilities","Current Liabilities","Shareholders equity","Non-controlling interest","Preferred equity","Goodwill & intangibles","Long-term debt","Revenue","Earnings","Earnings available for common stockholders","EPS basic","EPS diluted","Dividend per share","Cash from operating activities","Cash from investing activities","Cash from financing activities","Cash change during period","Cash at end of period","Capital expenditures","Price","Price high","Price low","ROE","ROA","Book value of equity per share","P/B ratio","P/E ratio","Cumulative dividends per share","Dividend payout ratio","Long-term debt to equity ratio","Equity to assets ratio","Net margin","Asset turnover","Free cash flow per share","Current ratio"
2019-06-30,235841886,235841886,1,29807000000,16745000000,25894000000,15481000000,3836000000,77000000,0,9171000000,7702000000,2606000000,277000000,277000000,1.15,1.14,0.44,287000000,-195000000,-92000000,-19000000,581000000,49000000,182.9,194.51,171.29,0.3355,0.052,16.27,9.21,37.33,19.91,0.2747,2.0078,0.1287,0.1314,0.39,1.01,1.0816
2019-03-31,240521662,240521662,1,29135000000,15919000000,24273000000,14537000000,4775000000,87000000,0,9296000000,6968000000,3143000000,659000000,659000000,2.72,2.7,0.4,74000000,-27000000,-140000000,-56000000,600000000,57000000,157.58,173.53,141.63,0.2705,0.0451,19.85,9.11,34.48,19.47,0.3216,1.4593,0.1639,0.1108,0.4,0.07,1.0951
2018-12-31,239999442,239999442,1,26422000000,14372000000,22203000000,13296000000,4151000000,68000000,0,9320000000,6244000000,2770000000,353000000,345000000,1.42,1.41,0.4,711000000,-53000000,-444000000,172000000,656000000,61000000,150.93,166.55,135.3,0.2484,0.0439,17.3,8.53,49,19.07,0.3328,1.5042,0.1571,0.1053,0.4,2.71,1.0809
2018-09-30,240844114,240844114,1,25602000000,13348000000,21274000000,12643000000,4262000000,66000000,0,9542000000,5822000000,2349000000,153000000,147000000,0.6,0.6,0.4,562000000,-95000000,-457000000,-3000000,484000000,68000000,147.67,158.77,136.56,0.1648,0.0303,17.7,7.88,46.15,18.67,0.4806,1.366,0.1665,0.0706,0.41,2.05,1.0558
2018-06-30,242655343,242655343,1,27217000000,14860000000,22599000000,13843000000,4545000000,73000000,0,9654000000,5811000000,2561000000,58000000,48000000,0.2,0.19,0.4,273000000,-167000000,-135000000,-110000000,487000000,66000000,140.27,145.72,134.82,0.1649,0.0317,18.73,6.47,23.61,18.27,0.4501,1.2785,0.167,0.0741,0.41,0.85,1.0735
2018-03-31,244512517,244512517,1,27847000000,15115000000,22462000000,13658000000,5301000000,84000000,0,10212000000,5853000000,3090000000,610000000,594000000,2.39,2.37,0.36,140000000,346000000,-663000000,-159000000,597000000,45000000,139.66,148.44,130.87,0.2977,0.0586,21.68,7.5,29.97,17.87,0.2343,1.1041,0.1904,0.1428,0.4,0.39,1.1067
2017-12-31,246180510,246180510,1,26088000000,13677000000,21440000000,12755000000,4583000000,65000000,0,10091000000,5966000000,2909000000,-12000000,-19000000,-0.08,-0.08,0.36,381000000,265000000,-617000000,7000000,756000000,58000000,142.94,152.78,133.11,0.2335,0.0476,18.62,6.9,21.62,17.51,0.2909,1.3018,0.1757,0.1226,0.38,1.31,1.0723
2017-09-30,249897712,249897712,1,25924000000,14267000000,20677000000,12474000000,5175000000,72000000,0,9229000000,5807000000,2340000000,192000000,185000000,0.72,0.72,0.36,-147000000,1033000000,-878000000,65000000,749000000,43000000,140.02,147.66,132.38,0.3192,0.0669,20.71,6.49,19.92,17.15,0.203,1.1221,0.1996,0.1678,0.39,-0.76,1.1437
2017-06-30,254337319,254337319,1,27189000000,15602000000,21636000000,13375000000,5487000000,66000000,0,9147000000,5631000000,2368000000,778000000,769000000,2.93,2.93,0.36,260000000,1476000000,-1512000000,233000000,684000000,48000000,127.34,137.28,117.41,0.3375,0.0719,21.57,5.8,24.92,16.79,0.1881,1.0262,0.2018,0.1728,0.41,0.83,1.1665
2017-03-31,262070015,262070015,1,26982000000,15393000000,21156000000,12970000000,5754000000,72000000,0,9430000000,5610000000,2381000000,305000000,291000000,1.1,1.09,0.33,240000000,13000000,-258000000,20000000,451000000,34000000,114.85,119.88,109.82,0.2476,0.0534,21.96,5.51,22.21,16.43,0.253,0.975,0.2133,0.1223,0.43,0.79,1.1868
2016-12-31,262600762,262600762,1,26615000000,13146000000,21083000000,12495000000,5475000000,57000000,0,10970000000,5869000000,3323000000,509000000,502000000,1.9,1.87,0.33,851000000,-583000000,-271000000,-52000000,431000000,69000000,111.89,116.59,107.19,0.2575,0.0543,20.85,5.42,20.68,16.1,0.2436,1.072,0.2057,0.1201,0.44,2.98,1.0521
2016-09-30,263094046,263094046,1,25252000000,12471000000,19758000000,11366000000,5434000000,60000000,0,10490000000,5910000000,2746000000,314000000,307000000,1.15,1.14,0.33,711000000,-287000000,-371000000,45000000,483000000,49000000,109.56,113.78,105.35,0.2649,0.0571,20.65,5.29,20.63,15.77,0.2263,1.0876,0.2152,0.1275,0.44,2.52,1.0972
2016-06-30,265587217,265587217,1,26693000000,13801000000,21132000000,12697000000,5499000000,62000000,0,10580000000,5907000000,2766000000,280000000,272000000,1.01,1.01,0.328,491000000,115000000,-640000000,-27000000,438000000,52000000,105.3,110.04,100.55,0.2575,0.0556,20.71,5.28,21.4,15.44,0.225,1.0742,0.206,0.1265,0.43,1.65,1.0869
2016-03-31,264918514,264918514,1,26813000000,14041000000,21466000000,12793000000,5281000000,66000000,0,10519000000,5902000000,2792000000,327000000,315000000,1.16,1.15,0.3,273000000,-199000000,-4000000,81000000,465000000,52000000,94.3,104.76,83.83,0.2319,0.051,19.93,4.17,19.21,15.12,0.2381,1.1176,0.197,0.118,0.42,0.83,1.0976
2015-12-31,270081701,270081701,1,27164000000,13972000000,21001000000,13086000000,6106000000,57000000,0,10628000000,5175000000,3288000000,590000000,584000000,2.13,2.11,0.3,934000000,48000000,-979000000,-14000000,384000000,65000000,92.09,97.79,86.38,0.2238,0.0508,22.61,4.29,21.12,14.82,0.2293,0.8475,0.2248,0.1186,0.42,3.22,1.0677
2015-09-30,273916827,273916827,1,27206000000,13920000000,21264000000,13541000000,5883000000,59000000,0,10828000000,4799000000,2742000000,303000000,295000000,1.05,1.04,0.3,710000000,15000000,-582000000,31000000,398000000,83000000,95.48,103.38,87.58,0.1999,0.0454,21.48,4.18,21.9,14.52,0.2412,0.8157,0.2162,0.1078,0.41,2.29,1.028
2015-06-30,280042927,280042927,1,29203000000,15655000000,22747000000,14839000000,6398000000,58000000,0,11011000000,4824000000,2805000000,188000000,178000000,0.63,0.62,0.3,229000000,-203000000,-33000000,-11000000,367000000,80000000,100.01,104.7,95.32,0.1919,0.0451,22.85,4.43,21.05,14.22,0.23,0.754,0.2191,0.1077,0.41,0.53,1.055
2015-03-31,281733504,281733504,1,28389000000,14999000000,21958000000,14116000000,6365000000,66000000,0,10958000000,4710000000,2847000000,341000000,328000000,1.15,1.14,0.25,136000000,2000000,-95000000,4000000,378000000,62000000,98.22,107.08,89.35,0.2011,0.0484,22.59,4.19,21.03,13.92,0.2013,0.74,0.2242,0.1172,0.4,0.26,1.0626
2014-12-31,280250522,280250522,1,29772000000,15823000000,23141000000,15014000000,6571000000,60000000,0,11380000000,4799000000,3299000000,467000000,459000000,1.59,1.56,0.24,759000000,-283000000,-430000000,-8000000,374000000,77000000,88.18,98.1,78.26,0.1899,0.0475,23.45,3.49,20.8,13.67,0.1896,0.7303,0.2207,0.116,0.4,2.43,1.0539
2014-09-30,285136690,285136690,1,28827000000,14755000000,21555000000,13856000000,7215000000,57000000,0,11638000000,4840000000,2880000000,315000000,309000000,1.06,1.04,0.25,550000000,-316000000,-254000000,-36000000,382000000,64000000,87.17,91.28,83.06,0.1668,0.0438,25.3,3.29,21.68,13.43,0.19,0.6708,0.2503,0.1082,0.4,1.7,1.0649
2014-06-30,290452659,290452659,1,31776000000,17711000000,24017000000,16040000000,7700000000,59000000,0,11567000000,5155000000,2919000000,313000000,304000000,1.02,1.01,0.251,344000000,-102000000,-189000000,80000000,418000000,60000000,84.83,91.07,78.6,0.1583,0.0419,26.51,3.17,22.5,13.18,0.1844,0.6695,0.2423,0.1045,0.39,0.98,1.1042
2014-03-31,296483350,296483350,1,30077000000,16173000000,22071000000,15581000000,7946000000,60000000,0,11530000000,3669000000,2947000000,336000000,325000000,1.07,1.06,0.18,-11000000,156000000,-260000000,-139000000,338000000,55000000,81.97,87.45,76.49,0.151,0.0405,26.8,3.03,23.22,12.93,0.1793,0.4617,0.2642,0.0994,0.4,-0.22,1.038
2013-12-31,301100416,301100416,1,30251000000,16330000000,22056000000,15411000000,8145000000,50000000,0,11575000000,3686000000,3209000000,360000000,355000000,1.16,1.13,0.16,649000000,-200000000,-297000000,108000000,477000000,55000000,77.53,84.33,70.72,0.1445,0.0384,27.05,3.1,23.28,12.75,0.1861,0.4525,0.2692,0.0942,0.39,1.97,1.0596
2013-09-30,301048034,301048034,1,29305000000,15574000000,21715000000,15191000000,7534000000,56000000,0,11615000000,3352000000,2794000000,264000000,256000000,0.83,0.82,0.18,597000000,-41000000,-447000000,103000000,369000000,52000000,70.25,76.3,64.2,0.1397,0.0365,25.03,2.86,22.44,12.59,0.1935,0.4449,0.2571,0.0907,0.39,1.81,1.0252
2013-06-30,307461251,307461251,1,30062000000,16393000000,22444000000,15195000000,7559000000,59000000,0,11531000000,4012000000,2897000000,252000000,241000000,0.77,0.76,0.18,333000000,-36000000,-392000000,-142000000,266000000,62000000,62.87,67.26,58.48,0.1296,0.0347,24.59,2.56,20.28,12.41,0.2003,0.5308,0.2514,0.0867,0.39,0.88,1.0788
2013-03-31,309126345,309126345,1,30029000000,16257000000,22396000000,15261000000,7579000000,54000000,0,11630000000,3770000000,2915000000,272000000,261000000,0.82,0.82,0.16,54000000,-62000000,120000000,117000000,408000000,60000000,58.26,61.87,54.65,0.1278,0.0345,24.52,2.34,19.48,12.23,0.1956,0.4974,0.2524,0.0877,0.38,-0.02,1.0653
2012-12-31,311573644,311573644,1,30486000000,16382000000,22681000000,15350000000,7762000000,43000000,0,11918000000,3713000000,3115000000,307000000,305000000,0.95,0.93,0.15,552000000,245000000,-790000000,1000000,291000000,68000000,54.85,57.92,51.78,0.1219,0.0337,24.91,2.1,19.05,12.07,0.1997,0.4784,0.2546,0.0862,0.38,1.55,1.0672
2012-09-30,318667385,318667385,1,29509000000,15702000000,21148000000,13954000000,8305000000,56000000,0,11896000000,4111000000,2737000000,210000000,204000000,0.62,0.62,0.16,598000000,-161000000,-430000000,4000000,290000000,72000000,49.61,53.35,45.87,0.1211,0.034,26.06,1.96,17.41,11.92,0.2011,0.495,0.2814,0.0874,0.38,1.65,1.1253
2012-06-30,322406542,322406542,1,30807000000,17056000000,22597000000,15200000000,8152000000,58000000,0,11819000000,4098000000,2821000000,254000000,246000000,0.74,0.73,0.16,284000000,-129000000,-200000000,-37000000,286000000,58000000,48.83,52.61,45.04,0.1207,0.0338,25.28,1.91,17.01,11.76,0.1998,0.5027,0.2646,0.087,0.38,0.7,1.1221
2012-03-31,326415020,326415020,1,30271000000,16207000000,21855000000,14252000000,8358000000,58000000,0,12099000000,4168000000,2841000000,249000000,238000000,0.72,0.71,0.15,-15000000,222000000,-166000000,51000000,323000000,71000000,47.55,49.51,45.58,0.1212,0.034,25.61,1.91,16.57,11.6,0.1948,0.4987,0.2761,0.0881,0.38,-0.26,1.1372
2011-12-31,325179163,325179163,1,29552000000,15505000000,21432000000,13760000000,8078000000,42000000,0,12046000000,4155000000,2994000000,308000000,308000000,0.85,0.82,0.15,-395000000,433000000,-87000000,-23000000,272000000,90000000,45.5,51.11,39.9,0.1219,0.0341,24.84,1.79,16.73,11.45,0.1939,0.5144,0.2733,0.0895,0.38,-1.49,1.1268
2011-09-30,323289389,323289389,1,28745000000,14500000000,20466000000,12765000000,8233000000,46000000,0,12196000000,4415000000,2723000000,198000000,198000000,0.59,0.59,0.15,252000000,-57000000,-177000000,-5000000,295000000,52000000,45.92,52.17,39.68,0.1121,0.0316,25.47,1.79,17.39,11.3,0.2112,0.5363,0.2864,0.0833,0.38,0.62,1.1359
2011-06-30,326691984,326691984,1,30496000000,15931000000,22031000000,13987000000,8398000000,67000000,0,12459000000,4479000000,2811000000,258000000,258000000,0.76,0.75,0.15,579000000,-305000000,-666000000,-382000000,300000000,43000000,51.62,54.58,48.66,0.1139,0.0312,25.71,2.03,21.24,11.15,0.2152,0.5333,0.2754,0.0855,0.37,1.64,1.139
2011-03-31,330540849,330540849,1,29802000000,15211000000,21315000000,13259000000,8423000000,64000000,0,12442000000,4409000000,2759000000,246000000,246000000,0.72,0.71,0.15,582000000,-257000000,34000000,336000000,682000000,56000000,48.24,53.17,43.31,0.111,0.0292,25.48,1.95,20.53,11,0.2334,0.5234,0.2826,0.0826,0.35,1.59,1.1472
2010-12-31,333088304,333088304,1,28982000000,14519000000,20676000000,12949000000,8251000000,55000000,0,12258000000,4014000000,2909000000,231000000,231000000,0.67,0.67,0.15,14000000,-270000000,239000000,11000000,346000000,65000000,42.48,46.24,38.72,0.1135,0.0285,24.77,1.99,18.08,10.85,0.2429,0.4865,0.2847,0.0829,0.34,-0.15,1.1212
2010-09-30,270867656,270867656,1,23358000000,14612000000,17514000000,11819000000,5792000000,52000000,0,6730000000,3146000000,1801000000,144000000,144000000,0.52,0.51,0.15,-99000000,-1512000000,1702000000,75000000,335000000,44000000,37.59,40.08,35.1,0.1224,0.0289,21.38,1.87,16.71,10.7,0.24,0.5432,0.248,0.088,0.33,-0.53,1.2363
2010-06-30,269705249,269705249,1,23956000000,15497000000,18478000000,14138000000,5428000000,50000000,0,6463000000,1601000000,1898000000,153000000,153000000,0.55,0.54,0.15,408000000,-453000000,-120000000,-162000000,260000000,38000000,40.7,44.34,37.06,0.1169,0.0284,20.13,2.03,18.25,10.55,0.2496,0.295,0.2266,0.0847,0.33,1.37,1.0961
2010-03-31,269418951,269418951,1,22959000000,14268000000,17502000000,12776000000,5402000000,55000000,0,6657000000,2013000000,1904000000,178000000,178000000,0.65,0.63,0.15,464000000,-323000000,17000000,205000000,422000000,33000000,40.24,43.16,37.33,0.114,0.028,20.05,2,15.66,10.4,0.2522,0.3726,0.2353,0.0844,0.33,1.6,1.1168
2009-12-31,266851500,266851500,1,22958000000,13989000000,17527000000,12640000000,5379000000,52000000,0,6869000000,1998000000,2048000000,198000000,198000000,0.7,0.67,0.15,194000000,-202000000,-359000000,-363000000,217000000,54000000,39.56,42.32,36.81,0.1311,0.0324,20.16,1.81,20.93,10.25,0.2193,0.3714,0.2343,0.0984,0.33,0.52,1.1067
2009-09-30,273922587,273922587,1,21641000000,12926000000,15511000000,11217000000,5990000000,140000000,0,6720000000,1998000000,1808000000,120000000,120000000,0.42,0.41,0.15,84000000,16000000,-108000000,43000000,580000000,33000000,39.64,42.92,36.36,0.0956,0.0236,21.87,1.85,21.09,10.1,0.3035,0.3336,0.2768,0.0732,0.32,0.19,1.1524
2009-06-30,274481537,274481537,1,24438000000,15881000000,18430000000,14859000000,5866000000,142000000,0,6659000000,1249000000,1885000000,149000000,149000000,0.53,0.52,0.15,-456000000,683000000,-163000000,36000000,537000000,32000000,38.66,42.5,34.81,0.0953,0.0237,21.37,1.93,7.63,9.95,0.3041,0.2129,0.24,0.0724,0.33,-1.78,1.0688
2009-03-31,276803297,276803297,1,23108000000,14909000000,17446000000,13111000000,5553000000,109000000,0,6284000000,1446000000,1854000000,280000000,280000000,0.99,0.97,0.15,553000000,-636000000,13000000,-81000000,501000000,21000000,40.98,46.19,35.78,0.262,0.0671,20.06,2.11,8.57,9.8,0.1081,0.2604,0.2403,0.2018,0.33,1.92,1.1371
2008-12-31,273538245,273538245,1,22940000000,14526000000,17630000000,12803000000,5310000000,0,0,6416000000,1872000000,1872000000,-6000000,-6000000,-0.01,-0.01,0.15,546000000,-86000000,-209000000,104000000,582000000,23000000,41.38,49.92,32.83,0.242,0.0621,19.41,1.88,7.62,9.65,0.1149,0.3525,0.2315,0.1916,0.32,1.91,1.1346
2008-09-30,269782261,269782261,1,20718000000,13686000000,14771000000,10638000000,5947000000,0,0,5104000000,1964000000,1847000000,117000000,117000000,0.43,0.4,0.15,145000000,403000000,-526000000,12000000,478000000,22000000,46.66,50,43.32,0.2672,0.0696,22.04,2.01,8.23,9.5,0.1031,0.3303,0.287,0.2813,0.25,0.46,1.2865
2008-06-30,277670176,277670176,1,24075000000,16631000000,17620000000,13259000000,6455000000,0,0,5382000000,2022000000,1980000000,1133000000,1133000000,3.91,3.71,0.15,-248000000,1254000000,-1000000000,14000000,466000000,29000000,44.64,48.57,40.72,0.2848,0.0709,23.25,2.07,16.47,9.35,0.0999,0.3132,0.2681,0.2705,0.26,-1,1.2543
2008-03-31,298726078,298726078,1,26507000000,19019000000,20055000000,15743000000,6452000000,0,0,5414000000,1995000000,1932000000,218000000,218000000,0.72,0.68,0.15,516000000,-167000000,-500000000,-132000000,452000000,29000000,43.06,47.77,38.35,0.1471,0.0347,21.6,2.11,16.01,9.2,0.2052,0.3092,0.2434,0.1238,0.28,1.63,1.2081
2007-12-31,305525469,305525469,1,24948000000,17973000000,18727000000,14553000000,6221000000,0,0,5139000000,1893000000,195000000,207000000,207000000,0.72,0.64,0.15,363000000,-498000000,377000000,263000000,584000000,67000000,46.77,51.32,42.23,0.154,0.0352,20.36,2.43,17.19,9.05,0.2055,0.3043,0.2494,0.1156,0.3,0.97,1.235
2007-09-30,291758243,291758243,1,23823000000,None,18208000000,None,5615000000,0,0,5086000000,1994000000,2407000000,204000000,204000000,0.69,0.64,0.15,75000000,146000000,-321000000,-85000000,321000000,21000000,42.42,45.14,39.71,0.1642,0.0361,19.25,2.32,17.68,8.9,0.2005,0.3551,0.2357,0.0949,0.38,0.19,None
2007-06-30,292776483,292776483,1,24791000000,None,19447000000,None,5344000000,0,0,4941000000,2182000000,2488000000,240000000,240000000,0.81,0.75,0.15,35000000,110000000,-105000000,55000000,406000000,47000000,40.99,44.26,37.73,0.1476,0.0306,18.25,2.29,18.46,8.75,0.2291,0.4083,0.2156,0.0866,0.35,-0.04,None
2007-03-31,293610657,293610657,1,24591000000,None,19331000000,None,5260000000,0,0,4895000000,2072000000,2381000000,213000000,213000000,0.71,0.66,0.15,816000000,-221000000,-530000000,70000000,351000000,35000000,36.78,39.27,34.3,0.1384,0.0273,17.91,2.1,17.27,8.6,0.2482,0.3939,0.2139,0.0834,0.33,2.66,None
2006-12-31,298375565,298375565,1,24318000000,None,19100000000,None,5218000000,0,0,4679000000,2243000000,1998000000,223000000,223000000,0.75,0.67,0.15,144000000,156000000,-479000000,-180000000,281000000,56000000,35.09,37.11,33.07,0.1353,0.0258,17.49,2.02,16.63,8.45,0.2586,0.4299,0.2146,0.0804,0.32,0.29,None
2006-09-30,309675903,309675903,1,28683000000,None,23311000000,None,5372000000,0,0,4546000000,2075000000,2168000000,106000000,106000000,0.34,0.32,0.15,-68000000,86000000,24000000,36000000,461000000,25000000,33.16,35.3,31.01,0.1349,0.025,17.35,1.93,15.42,8.3,0.2631,0.3863,0.1873,0.0769,0.33,-0.3,None
2006-06-30,314470643,314470643,1,30103000000,None,24711000000,None,5392000000,0,0,4526000000,2082000000,2265000000,193000000,193000000,0.6,0.57,0.15,195000000,-16000000,-205000000,-26000000,425000000,39000000,37.85,42.76,32.94,0.138,0.0259,17.15,2.27,17.6,8.15,0.2599,0.3861,0.1791,0.0767,0.34,0.5,None
2006-03-31,318656082,318656082,1,28618000000,None,23310000000,None,5308000000,0,0,4533000000,2012000000,2523000000,198000000,198000000,0.61,0.57,0.15,697000000,-416000000,-304000000,-25000000,451000000,32000000,37.8,42.16,33.45,0.1385,0.0264,16.66,2.3,17.42,8,0.2614,0.3791,0.1855,0.0745,0.35,2.09,None
2005-12-31,321956147,321956147,1,27818000000,None,22515000000,None,5303000000,0,0,4506000000,2105000000,2418000000,224000000,224000000,0.7,0.65,0.15,25000000,-167000000,189000000,43000000,476000000,39000000,33.88,37.14,30.62,0.1398,0.0264,16.47,2.03,19.36,7.85,0.2609,0.3969,0.1906,0.0747,0.35,-0.04,None
2005-09-30,320014191,320014191,1,27215000000,None,21886000000,None,5329000000,0,0,4546000000,1846000000,2390000000,122000000,121000000,0.37,0.36,0.15,311000000,-260000000,-52000000,14000000,433000000,36000000,28.88,32.87,24.9,0.1135,0.0212,16.65,1.75,16.5,7.7,0.3233,0.3464,0.1958,0.0587,0.36,0.86,None
2005-06-30,318521576,318521576,1,27890000000,None,22589000000,None,5251000000,50000000,0,4572000000,1830000000,2518000000,191000000,191000000,0.59,0.57,0.15,-242000000,415000000,-271000000,-107000000,419000000,24000000,23.38,26.1,20.65,0.1161,0.0213,16.49,1.44,13.75,7.55,0.3224,0.3485,0.1883,0.0586,0.36,-0.84,None
2005-03-31,317816108,317816108,1,28565000000,None,23371000000,None,5144000000,50000000,0,4778000000,2085000000,2511000000,200000000,199000000,0.62,0.59,0.15,792000000,-757000000,-70000000,-44000000,526000000,27000000,23.4,25.44,21.35,0.1156,0.0207,16.19,1.46,14.27,7.4,0.3318,0.4053,0.1801,0.0567,0.36,2.41,None
2004-12-31,317464955,317464955,1,28329000000,None,23176000000,None,5103000000,50000000,0,4863000000,2115000000,2652000000,81000000,80000000,0.25,0.23,0.15,293000000,-197000000,42000000,174000000,570000000,37000000,23.61,29.05,18.17,0.1123,0.0197,16.07,1.54,11.35,7.25,0.3494,0.4145,0.1801,0.0534,0.37,0.81,None
2004-09-30,316455363,316455363,1,26571000000,None,21653000000,None,4868000000,50000000,0,4655000000,1899000000,2402000000,122000000,121000000,0.38,0.36,0.15,205000000,-179000000,-137000000,-114000000,396000000,2000000,26.93,29.4,24.46,0.1445,0.0249,15.38,1.8,12.95,7.09,0.2796,0.3901,0.1832,0.0669,0.37,0.64,None
2004-06-30,315843936,315843936,1,27770000000,None,23003000000,None,4717000000,50000000,0,4677000000,2000000000,2545000000,173000000,173000000,0.54,0.52,0.15,-116000000,125000000,8000000,19000000,510000000,18000000,27.09,29.04,25.15,0.1467,0.0247,14.93,1.83,13.41,6.94,0.2819,0.424,0.1699,0.0663,0.37,-0.42,None
2004-03-31,315110099,315110099,1,27913000000,None,23209000000,None,4654000000,50000000,0,4651000000,2004000000,2573000000,170000000,169000000,0.53,0.53,0.15,802000000,-672000000,-179000000,-49000000,491000000,23000000,26.29,29.1,23.47,0.1439,0.0237,14.77,1.84,13.35,6.79,0.2931,0.4306,0.1667,0.0643,0.37,2.47,None
2003-12-31,314719764,314719764,1,27027000000,None,22479000000,None,4498000000,50000000,0,4685000000,2095000000,2593000000,215000000,214000000,0.67,0.67,0.15,232000000,-75000000,-175000000,-8000000,540000000,40000000,22.23,24.1,20.35,0.1446,0.0233,14.29,1.58,12.42,6.64,0.3008,0.4658,0.1664,0.0637,0.36,0.61,None
2003-09-30,313607965,313607965,1,26210000000,None,21059000000,None,4399000000,752000000,0,4502000000,1368000000,2391000000,115000000,114000000,0.36,0.36,0.15,353000000,40000000,-297000000,100000000,570000000,40000000,22.43,24.45,20.41,0.134,0.0212,14.03,1.63,11.87,6.49,0.3355,0.311,0.1678,0.0583,0.36,1,None
2003-06-30,312848932,312848932,1,27910000000,None,22840000000,None,4318000000,752000000,0,4507000000,1490000000,2438000000,146000000,146000000,0.46,0.46,0.15,-53000000,45000000,41000000,38000000,470000000,53000000,23.67,26.79,20.55,0.143,0.0221,13.8,1.82,15.37,6.34,0.353,0.3451,0.1547,0.0606,0.36,-0.34,None
2003-03-31,312176977,312176977,1,26547000000,None,21725000000,None,4070000000,752000000,0,4364000000,1523000000,2388000000,152000000,151000000,0.48,0.48,0.15,780000000,-617000000,-239000000,-74000000,432000000,52000000,19.38,21.34,17.41,0.1184,0.0182,13.04,1.55,11.89,6.19,0.4755,0.3742,0.1533,0.0499,0.36,2.33,None
2002-12-31,311518091,311518091,1,25334000000,None,20687000000,None,3895000000,752000000,0,4324000000,1671000000,2366000000,149000000,148000000,0.52,0.49,0.15,193000000,-527000000,-93000000,-421000000,506000000,82000000,18.77,21.95,15.59,0.1249,0.0191,12.5,1.38,15.26,6.04,0.4983,0.429,0.1537,0.0525,0.36,0.36,None
2002-09-30,272965071,272965071,1,24323000000,None,19760000000,None,3713000000,850000000,0,4202000000,1862000000,2246000000,128000000,127000000,0.46,0.46,0.225,444000000,58000000,-335000000,166000000,927000000,90000000,21.66,29.83,13.5,0.0947,0.0146,13.6,1.6,21.03,5.89,0.7147,0.5015,0.1527,0.0402,0.36,1.3,None
2002-06-30,272757891,272757891,1,24591000000,None,20050000000,None,3691000000,850000000,0,4221000000,1816000000,2122000000,29000000,29000000,0.11,0.11,0.225,414000000,-123000000,-113000000,192000000,761000000,50000000,33.81,39.63,28,0.0797,0.0124,13.53,2.61,32.83,5.67,0.8521,0.492,0.1501,0.0349,0.35,1.33,None
2002-03-31,272009453,272009453,1,23110000000,None,18731000000,None,3529000000,850000000,0,4085000000,1790000000,2088000000,160000000,159000000,0.58,0.57,0.225,191000000,-5000000,-55000000,130000000,569000000,56000000,33.99,36.23,31.76,0.0809,0.0127,12.97,2.66,64.13,5.44,0.8472,0.5072,0.1527,0.0358,0.35,0.5,None
2001-12-31,271430890,271430890,1,22330000000,None,18015000000,None,3465000000,850000000,0,4084000000,1694000000,2036000000,27000000,26000000,0.1,0.09,0.22,-119000000,34000000,26000000,-59000000,439000000,115000000,38.65,44.8,32.5,0.0414,0.0066,12.77,2.87,52.23,5.22,1.6518,0.4889,0.1552,0.0188,0.34,-0.86,None
2001-09-30,269217702,269217702,1,22845000000,None,18369000000,None,3626000000,850000000,0,4095000000,1660000000,1912000000,72000000,71000000,0.26,0.26,0.225,382000000,-372000000,-280000000,-267000000,498000000,54000000,37.63,42,33.26,0.0578,0.0091,13.47,2.89,37.26,5,1.1782,0.4578,0.1587,0.0263,0.34,1.22,None
2001-06-30,266485865,266485865,1,22466000000,None,18146000000,None,3470000000,850000000,0,3930000000,1746000000,1917000000,29000000,29000000,0.11,0.11,0.225,-36000000,-92000000,10000000,-121000000,765000000,55000000,33.13,36.5,29.75,0.0797,0.0122,13.02,2.58,23.83,4.77,0.8667,0.5032,0.1545,0.0357,0.34,-0.34,None
2001-03-31,261860632,261860632,1,22037000000,None,17824000000,None,3363000000,850000000,0,3865000000,1804000000,1811000000,19000000,18000000,0.07,0.07,0.22,332000000,-186000000,-376000000,-232000000,886000000,57000000,34.49,38.18,30.81,0.1127,0.0168,12.84,2.66,19.27,4.55,0.62,0.5364,0.1526,0.0498,0.33,1.05,None
2000-12-31,261338989,261338989,1,22251000000,None,18013000000,None,3388000000,850000000,0,3916000000,1798000000,1961000000,83000000,82000000,0.32,0.3,0.22,205000000,208000000,-276000000,138000000,1118000000,75000000,35.22,42.31,28.13,0.1478,0.0217,12.96,2.83,22.87,4.33,0.4749,0.5307,0.1523,0.0639,0.34,0.5,None
2000-09-30,256094695,256094695,1,21831000000,None,17799000000,None,3182000000,850000000,0,3737000000,1801000000,1785000000,139000000,138000000,0.53,0.53,0.22,272000000,-241000000,21000000,50000000,980000000,31000000,35.5,42,29,0.1296,0.0187,12.43,2.93,23.2,4.11,0.5473,0.566,0.1458,0.0551,0.34,0.94,None
2000-06-30,255010419,255010419,1,22095000000,None,18158000000,None,3087000000,850000000,0,3789000000,1818000000,1819000000,129000000,129000000,0.5,0.49,0.22,116000000,-36000000,83000000,156000000,930000000,14000000,30.69,36.94,24.44,0.1295,0.0188,12.11,2.54,19.06,3.89,0.5426,0.5889,0.1397,0.0551,0.34,0.4,None
2000-03-31,255861956,255861956,1,21300000000,None,17360000000,None,3090000000,850000000,0,3833000000,1593000000,1810000000,123000000,122000000,0.47,0.47,0.21,146000000,-68000000,-141000000,-63000000,774000000,59000000,31.72,42.75,20.69,0.136,0.0201,12.08,2.67,23.85,3.67,0.5101,0.5155,0.1451,0.0588,0.34,0.34,None
1999-12-31,256453450,256453450,1,21132000000,None,17231000000,None,3051000000,850000000,0,3862000000,1011000000,1878000000,13000000,13000000,0.05,0.05,0.21,-16000000,200000000,-215000000,-34000000,837000000,76000000,33.88,41.69,26.06,0.1143,0.0168,11.9,2.75,18.75,3.46,0.6023,0.3314,0.1444,0.0494,0.34,-0.36,None
1999-09-30,256634418,256634418,1,21113000000,None,17107000000,None,3156000000,850000000,0,3842000000,817000000,1770000000,138000000,137000000,0.53,0.52,0.21,121000000,-330000000,41000000,-167000000,871000000,61000000,36.09,43.13,29.06,0.1557,0.0232,12.3,2.97,20.51,3.25,0.4308,0.2589,0.1495,0.0688,0.34,0.23,None
1999-06-30,256165977,256165977,1,21004000000,None,17036000000,None,3118000000,850000000,0,3642000000,814000000,1723000000,151000000,150000000,0.58,0.57,0.21,94000000,-212000000,233000000,111000000,1038000000,93000000,43.24,46.67,39.81,0.1533,0.0229,12.17,3.84,24.99,3.04,0.4298,0.2611,0.1484,0.0684,0.33,0,None
1999-03-31,256153605,256153605,1,20484000000,None,16747000000,None,2887000000,850000000,0,3594000000,576000000,1699000000,50000000,49000000,0.19,0.19,0.19,263000000,-151000000,93000000,204000000,927000000,41000000,39.01,45.33,32.69,0.1507,0.0226,11.27,3.31,18.82,2.83,0.426,0.1995,0.1409,0.0678,0.33,0.87,None
1998-12-31,170793734,256190601,1.5,19688000000,None,15821000000,None,3017000000,850000000,0,3500000000,580000000,1701800000,139100000,138000000,0.79,0.79,0.28,156600000,-279600000,-314400000,-448200000,723000000,129600000,37.47,42.75,32.19,0.1805,0.0276,11.78,3.19,18.86,2.64,0.3468,0.1922,0.1532,0.0829,0.33,0.11,None
1998-09-30,170077937,255116905,1.5,19937500000,None,16090500000,None,2997000000,850000000,0,3341300000,594700000,1606700000,124100000,123500000,0.72,0.71,0.28,-76800000,14500000,196000000,136500000,1170900000,65400000,44.81,50.38,39.25,0.1744,0.0266,11.75,3.75,23.67,2.45,0.3567,0.1984,0.1503,0.081,0.33,-0.56,None
1998-06-30,168856896,253285344,1.5,19845200000,None,15970100000,None,3025100000,850000000,0,3273600000,624500000,1623000000,139500000,138800000,0.82,0.81,0.28,528000000,-725000000,221400000,24400000,1034400000,62300000,44.59,48.17,41,0.1668,0.0261,11.94,3.91,26.65,2.27,0.3675,0.2064,0.1524,0.0789,0.33,1.84,None
1998-03-31,168651179,252976768,1.5,18874800000,None,15141100000,None,2883700000,850000000,0,3141900000,618300000,1561500000,138300000,137700000,0.82,0.8,0.26,256200000,-364900000,29000000,-74700000,1010000000,42700000,40.38,44.67,36.08,0.1496,0.024,11.4,3.61,35.84,2.08,0.4083,0.2144,0.1528,0.0718,0.33,0.84,None
1997-12-31,167971048,251956572,1.5,18691200000,None,15019100000,None,2822100000,850000000,0,3094500000,637100000,1520800000,112900000,111400000,0.66,None,0.26,312100000,-808900000,164500000,-319700000,1084700000,105500000,36.38,39.25,33.5,0.1022,0.0168,11.2,3.14,42.52,1.91,0.5947,0.2258,0.151,0.0499,0.32,0.82,None
1997-09-30,167708594,251562891,1.5,17832100000,None,14061600000,None,2920500000,850000000,5500000,2802700000,646000000,1451000000,101000000,97600000,0.57,None,0.26,177700000,-150400000,68700000,72800000,1404400000,11700000,35.39,37.42,33.37,0.0777,0.014,11.59,3.16,44.48,1.73,0.765,0.2216,0.1635,0.0412,0.32,0.66,None
1997-06-30,167213341,250820011,1.5,17406900000,None,13739400000,None,2817500000,850000000,5500000,2727800000,621600000,1424500000,84200000,80900000,0.48,None,0.26,-13500000,-108300000,188100000,62000000,1331600000,100000,31.19,35.59,26.79,0.0723,0.0142,11.21,2.9,38.77,1.56,0.8139,0.2211,0.1615,0.0416,0.32,-0.05,None
1997-03-31,166900547,250350820,1.5,17316700000,None,13770700000,None,2696000000,850000000,5500000,2788100000,572600000,1354300000,700000,-2700000,-0.02,None,0.24,307800000,-308700000,878400000,859500000,1269600000,28600000,28.51,29.92,27.09,0.0733,0.0157,10.75,2.52,22.27,1.39,0.7895,0.2128,0.1554,0.0465,0.31,1.12,None
1996-12-31,110945346,249627028,2.25,13722700000,None,10839800000,None,2832900000,50000000,7600000,1597700000,475100000,1069400000,46200000,42600000,0.38,None,0.36,-21000000,-35700000,236500000,183700000,410100000,17900000,26.38,28.75,24,0.1163,0.0231,11.32,2.37,17.99,1.23,0.4888,0.1682,0.2059,0.0814,0.27,-0.16,None
1996-09-30,108270863,243609441,2.25,12227000000,None,9458900000,None,2718100000,50000000,7600000,1393400000,476800000,944300000,83800000,78800000,0.72,None,0.36,78200000,109800000,-65300000,122900000,226400000,21800000,22.67,24.25,21.09,0.1348,0.0238,11.13,2.05,14.78,1.07,0.4194,0.1759,0.2217,0.1263,0.18,0.23,None
1996-06-30,107905932,242788347,2.25,11999000000,None,9254800000,None,2694200000,50000000,7600000,1383800000,477800000,932400000,86300000,81200000,0.74,None,0.36,54700000,290600000,-267900000,78000000,103500000,19200000,23.5,24.83,22.17,0.1426,0.0223,11.07,2.16,14.85,0.91,0.3963,0.1778,0.2239,0.1232,0.17,0.15,None
1996-03-31,108498855,244122423,2.25,20123000000,None,17407900000,None,2665100000,50000000,7600000,1575400000,479300000,942100000,118900000,113800000,1.04,None,0.34,242700000,-127200000,-204700000,-89800000,25500000,15900000,23.13,24.59,21.67,0.148,None,10.89,2.12,14.95,0.75,0.3791,0.1804,0.1321,0.1186,0.17,0.93,None
1995-12-31,108413284,243929889,2.25,19735800000,None,17012100000,None,2673700000,50000000,8100000,1597700000,497500000,42800000,92900000,87600000,0.8,None,0.34,170200000,-102800000,-70800000,-8900000,115300000,16000000,20.3,22.61,18,0.1479,None,10.93,1.93,None,0.6,0.3823,0.1866,0.1351,0.1091,0.18,0.63,None
1995-09-30,108028708,243064593,2.25,19640100000,None,17018100000,None,2572000000,50000000,11100000,1555100000,496400000,1142300000,100000000,94200000,0.87,None,0.34,66500000,-175400000,-33200000,-144200000,124200000,26500000,17.34,18.56,16.11,None,None,10.54,1.61,None,0.44,None,0.1938,0.1304,None,None,0.16,None
1995-06-30,107080080,240930180,2.25,19020600000,None,16367800000,None,2602800000,50000000,11100000,1579100000,496200000,1141200000,98700000,91900000,0.85,None,0.34,82300000,-14300000,-312500000,-249300000,268400000,31100000,16.37,16.89,15.84,None,None,10.76,1.65,None,0.29,None,0.1915,0.1363,None,None,0.21,None
1995-03-31,107976401,242946902,2.25,18848700000,None,16379500000,None,2419200000,50000000,11100000,1610500000,487000000,1139400000,111200000,104400000,0.96,None,0.32,290600000,-331700000,39700000,8900000,517700000,24300000,15.31,16.67,13.95,None,None,9.91,1.66,None,0.14,None,0.2022,0.1278,None,None,1.1,None
1994-12-31,108305662,243687739,2.25,17921900000,None,15614500000,None,2257400000,50000000,11100000,1548000000,495500000,None,None,None,None,None,0,None,None,None,None,508800000,0,14.05,15.11,13,None,None,9.22,None,None,0,None,0.2206,0.1253,None,None,None,None
