"Quarter end","Shares","Shares split adjusted","Split factor","Assets","Current Assets","Liabilities","Current Liabilities","Shareholders equity","Non-controlling interest","Preferred equity","Goodwill & intangibles","Long-term debt","Revenue","Earnings","Earnings available for common stockholders","EPS basic","EPS diluted","Dividend per share","Cash from operating activities","Cash from investing activities","Cash from financing activities","Cash change during period","Cash at end of period","Capital expenditures","Price","Price high","Price low","ROE","ROA","Book value of equity per share","P/B ratio","P/E ratio","Cumulative dividends per share","Dividend payout ratio","Long-term debt to equity ratio","Equity to assets ratio","Net margin","Asset turnover","Free cash flow per share","Current ratio"
2019-06-30,3989843301,3989843301,1,262184000000,118351000000,226048000000,98334000000,36097000000,39000000,0,265000000,51791000000,38853000000,148000000,148000000,0.04,0.04,0.15,6463000000,-2490000000,-2681000000,1287000000,22306000000,1920000000,9.68,10.5,8.86,0.0598,0.0085,9.05,1.06,12.41,35.16,1.1025,1.4348,0.1377,0.0137,0.61,1.14,1.2036
2019-03-31,3989545901,3989545901,1,263281000000,121195000000,226712000000,99237000000,36398000000,171000000,0,264000000,52248000000,40342000000,1183000000,1146000000,0.29,0.29,0.15,3544000000,-1334000000,1873000000,4112000000,21019000000,1633000000,8.27,9.06,7.48,0.0849,0.0121,9.12,0.92,8.99,35.01,0.7745,1.4355,0.1382,0.0194,0.61,0.48,1.2213
2018-12-31,3985542086,3985542086,1,256540000000,114649000000,220474000000,95569000000,35932000000,134000000,0,442000000,53269000000,41793000000,-112000000,-116000000,-0.03,-0.03,0.15,1357000000,-3666000000,526000000,-1848000000,16907000000,2116000000,8.63,9.85,7.41,0.1012,0.0142,9.02,0.94,5.57,34.86,0.7909,1.4825,0.1401,0.0229,0.62,-0.19,1.1996
2018-09-30,3977903385,3977903385,1,258966000000,114843000000,222248000000,94750000000,36590000000,128000000,0,273000000,50564000000,37666000000,993000000,991000000,0.25,0.25,0.15,5179000000,-3573000000,144000000,1734000000,18755000000,1981000000,10.18,11.26,9.09,0.1719,0.0239,9.2,1.11,6.02,34.71,0.4686,1.3819,0.1413,0.0388,0.61,0.8,1.2121
2018-06-30,3985726538,3985726538,1,258079000000,115025000000,221511000000,94861000000,36441000000,127000000,0,273000000,50012000000,38920000000,1069000000,1066000000,0.27,0.27,0.15,4972000000,-2478000000,-3206000000,-1116000000,17021000000,1909000000,11.43,12.15,10.7,0.1922,0.0263,9.14,1.25,5.92,34.56,0.4288,1.3724,0.1412,0.0427,0.61,0.77,1.2126
2018-03-31,3984953664,3984953664,1,267230000000,123264000000,230696000000,99878000000,36400000000,134000000,0,274000000,50366000000,41959000000,1745000000,1736000000,0.44,0.43,0.28,3514000000,-6544000000,2414000000,-501000000,18137000000,1779000000,11.81,13.48,10.14,0.2267,0.0304,9.13,1.35,6.22,34.41,0.3746,1.3837,0.1362,0.0486,0.62,0.44,1.2341
2017-12-31,3971647586,3971647586,1,257808000000,115902000000,222792000000,94600000000,34890000000,126000000,0,288000000,102666000000,41326000000,2413000000,2409000000,0.61,0.6,0.15,3147000000,-6850000000,4559000000,903000000,18492000000,2113000000,12.34,12.81,11.87,0.2321,0.0305,8.78,1.47,11.22,34.13,0.3399,2.9426,0.1353,0.0485,0.63,0.26,1.2252
2017-09-30,3972302192,3972302192,1,251273000000,112732000000,217913000000,94352000000,33238000000,122000000,0,0,97938000000,36451000000,1571000000,1564000000,0.39,0.39,0.15,4998000000,-3680000000,-127000000,1366000000,17589000000,1672000000,11.27,12.06,10.47,0.1412,0.0181,8.37,1.39,11.86,33.98,0.5845,2.9466,0.1323,0.0287,0.63,0.84,1.1948
2017-06-30,3971755141,3971755141,1,247469000000,113539000000,215110000000,94299000000,32244000000,115000000,0,0,95236000000,39853000000,2050000000,2042000000,0.51,0.51,0.15,5615000000,-5223000000,-2158000000,-1600000000,16223000000,1558000000,11.18,11.7,10.67,0.1235,0.0159,8.12,1.45,12.02,33.83,0.6776,2.9536,0.1303,0.0248,0.64,1.02,1.204
2017-03-31,3981986307,3981986307,1,244094000000,113228000000,213356000000,91304000000,30619000000,119000000,0,0,96720000000,39146000000,1594000000,1587000000,0.4,0.4,0.2,4336000000,-3639000000,1120000000,1918000000,17823000000,1706000000,12.34,13.27,11.41,0.1223,0.0157,7.69,1.68,10.82,33.68,0.6907,3.1588,0.1254,0.0244,0.64,0.66,1.2401
2016-12-31,3973227193,3973227193,1,237951000000,108461000000,208668000000,90281000000,29170000000,113000000,0,0,93301000000,38654000000,-772000000,-772000000,-0.2,-0.2,0.15,2798000000,-7294000000,7290000000,2565000000,15905000000,2080000000,12.13,13.2,11.07,0.1518,0.0194,7.34,1.53,6.07,33.48,0.7331,3.1985,0.1226,0.0303,0.64,0.18,1.2014
2016-09-30,3973714623,3973714623,1,234963000000,103515000000,203368000000,89188000000,31484000000,111000000,0,0,89951000000,35943000000,957000000,957000000,0.24,0.24,0.15,5160000000,-5949000000,-2877000000,-3723000000,13340000000,1706000000,12.97,14.04,11.9,0.2659,0.0343,7.92,1.65,5.79,33.33,0.4203,2.857,0.134,0.0524,0.65,0.87,1.1606
2016-06-30,3973240869,3973240869,1,239678000000,110767000000,208429000000,89408000000,31141000000,108000000,0,0,95053000000,39485000000,1970000000,1970000000,0.5,0.49,0.15,7742000000,-5134000000,-1291000000,1146000000,17063000000,1695000000,13.11,14.22,12,0.3076,0.039,7.84,1.76,5.91,33.18,0.3757,3.0523,0.1299,0.0578,0.68,1.52,1.2389
2016-03-31,3972835158,3972835158,1,237288000000,43678000000,207572000000,43139000000,29605000000,111000000,0,0,140995000000,37718000000,2452000000,2452000000,0.62,0.61,0.4,4092000000,-6975000000,4336000000,1645000000,15917000000,1511000000,12.51,14,11.02,0.3178,0.0397,7.45,1.74,6.8,33.03,0.3792,4.7625,0.1248,0.058,0.68,0.65,1.0125
2015-12-31,3970255620,3970255620,1,224925000000,42574000000,196268000000,39646000000,28642000000,15000000,0,0,132854000000,40251000000,2655000000,2655000000,0.68,0.66,0.15,2092000000,-9498000000,7185000000,-414000000,14272000000,1838000000,14.62,15.84,13.4,0.2746,0.0338,7.21,2.11,12.08,32.63,0.3231,4.6384,0.1273,0.0493,0.69,0.06,1.0739
2015-09-30,3968630174,3968630174,1,219431000000,44370000000,191947000000,41012000000,27465000000,19000000,0,0,126425000000,38144000000,1909000000,1909000000,0.48,0.48,0.15,6455000000,-7714000000,3396000000,1789000000,14686000000,1825000000,12.87,15.3,10.44,0.1843,0.0223,6.92,1.94,13.69,32.48,0.4811,4.6031,0.1252,0.0329,0.68,1.17,1.0819
2015-06-30,3967837986,3967837986,1,216045000000,42876000000,189690000000,41785000000,26334000000,21000000,0,0,123526000000,37263000000,1885000000,1885000000,0.47,0.47,0.15,5210000000,-3990000000,-843000000,529000000,12897000000,1733000000,15.47,16.16,14.78,0.1446,0.0175,6.64,2.46,19.58,32.33,0.59,4.6907,0.1219,0.026,0.67,0.88,1.0261
2015-03-31,3975356238,3975356238,1,212374000000,40732000000,187400000000,40506000000,24947000000,27000000,0,0,122776000000,33900000000,924000000,924000000,0.23,0.23,0.15,2413000000,-4960000000,4584000000,1611000000,12368000000,1800000000,15.52,16.74,14.3,0.1216,0.0149,6.28,2.44,19.4,32.18,0.6631,4.9215,0.1175,0.022,0.68,0.15,1.0056
2014-12-31,3908490149,3908490149,1,208527000000,40442000000,183695000000,40108000000,24805000000,27000000,0,0,119171000000,35870000000,52000000,52000000,0.01,0.03,0.13,2168000000,-5530000000,1010000000,-2563000000,10757000000,2154000000,14.7,16.13,13.26,0.122,0.0153,6.35,2.16,9.67,32.03,0.6176,4.8043,0.119,0.0221,0.69,0,1.0083
2014-09-30,3848687417,3848687417,1,208835000000,42679000000,182670000000,41639000000,26136000000,29000000,0,0,119193000000,34920000000,835000000,835000000,0.22,0.21,0.125,5369000000,-3909000000,611000000,1747000000,13320000000,1881000000,16.3,18.12,14.49,0.2328,0.0298,6.79,2.36,10.06,31.9,0.3003,4.5605,0.1252,0.0425,0.7,0.91,1.025
2014-06-30,3878458189,3878458189,1,210945000000,45997000000,184138000000,42724000000,26776000000,31000000,0,0,118707000000,37411000000,1311000000,1311000000,0.33,0.32,0.125,4750000000,-6023000000,-186000000,-1410000000,11573000000,1912000000,16.39,17.35,15.43,0.2634,0.0322,6.9,2.42,10.24,31.77,0.2673,4.4333,0.1269,0.0452,0.71,0.73,1.0766
2014-03-31,3954258349,3954258349,1,207082000000,43900000000,180275000000,39779000000,26773000000,34000000,0,0,117004000000,35876000000,989000000,989000000,0.25,0.24,0.125,2220000000,-5662000000,1988000000,-1485000000,12983000000,1516000000,15.59,16.78,14.4,0.2816,0.0324,6.77,2.33,8.86,31.65,0.2566,4.3702,0.1293,0.0444,0.73,0.18,1.1036
2013-12-31,3936038597,3936038597,1,202026000000,42457000000,175610000000,37003000000,26383000000,33000000,0,85000000,114688000000,37036000000,3039000000,3039000000,0.78,0.75,0.1,315000000,-4411000000,3791000000,-284000000,14468000000,1938000000,16.56,18.02,15.1,0.3422,0.0361,6.7,3.19,11.74,31.52,0.2201,4.347,0.1306,0.0487,0.74,-0.41,1.1474
2013-09-30,3944436670,3944436670,1,201071000000,46962000000,180561000000,38107000000,20467000000,43000000,0,86000000,110622000000,35976000000,1272000000,1272000000,0.32,0.31,0.1,3840000000,-4257000000,1667000000,1390000000,14752000000,1582000000,16.66,17.77,15.56,0.3123,0.0293,5.19,3.42,11.03,31.42,0.2402,5.4049,0.1018,0.0391,0.75,0.57,1.2324
2013-06-30,3939667864,3939667864,1,196210000000,46356000000,176988000000,37000000000,19179000000,43000000,0,82000000,107857000000,38095000000,1233000000,1233000000,0.31,0.3,0.1,6078000000,-7212000000,708000000,-458000000,13362000000,1594000000,14.12,16.09,12.15,0.3395,0.0318,4.87,3.15,9.61,31.32,0.1924,5.6237,0.0977,0.0426,0.75,1.14,1.2529
2013-03-31,3931206062,3931206062,1,193010000000,44905000000,175372000000,35237000000,17595000000,43000000,0,84000000,107356000000,35810000000,1611000000,1611000000,0.41,0.4,0.1,211000000,-3851000000,1967000000,-1839000000,13820000000,1483000000,13.2,14.3,12.1,0.3388,0.0314,4.48,3.16,9.3,31.22,0.1641,6.1015,0.0912,0.0427,0.73,-0.32,1.2744
2012-12-31,3813778344,3813778344,1,190554000000,43175000000,174565000000,35228000000,15947000000,42000000,0,87000000,105058000000,36424000000,1598000000,1598000000,0.41,0.4,0.05,-361000000,-1667000000,4087000000,2120000000,15659000000,1885000000,11.39,13.08,9.71,0.3311,0.0307,4.18,2.31,2.59,31.12,0.1347,6.5879,0.0837,0.0422,0.73,-0.59,1.2256
2012-09-30,3812661996,3812661996,1,184680000000,43118000000,165794000000,36058000000,18841000000,45000000,0,89000000,100604000000,32172000000,1631000000,1631000000,0.43,0.41,0.05,3427000000,-5074000000,-35000000,-1562000000,13539000000,1319000000,9.74,10.66,8.82,None,0.0974,4.94,2.18,2.22,31.07,0.0431,5.3396,0.102,0.1335,0.73,0.55,1.1958
2012-06-30,3813986552,3813986552,1,181236000000,41506000000,164157000000,35102000000,17036000000,43000000,0,95000000,99897000000,33211000000,1040000000,1040000000,0.27,0.26,0.05,3904000000,-3038000000,-717000000,-143000000,15101000000,1191000000,11.21,12.95,9.46,None,0.1005,4.47,2.58,2.38,31.02,0.0323,5.8639,0.094,0.1328,0.76,0.71,1.1824
2012-03-31,3816367498,3816367498,1,182075000000,40582000000,165425000000,34885000000,16606000000,44000000,0,97000000,100490000000,32445000000,1396000000,1396000000,0.37,0.35,0.05,2075000000,-4511000000,370000000,-1904000000,15244000000,1093000000,12.02,13.05,10.99,None,0.1103,4.35,3.04,2.41,30.97,0.02,6.0514,0.0912,0.1406,0.78,0.26,1.1633
2011-12-31,3799646534,3799646534,1,178348000000,38147000000,163277000000,32825000000,15028000000,43000000,0,100000000,99488000000,34576000000,13615000000,13615000000,3.58,3.37,0.05,-235000000,-4032000000,4973000000,619000000,17148000000,1158000000,10.85,12.65,9.05,None,0.1195,3.96,6.91,6.7,30.92,0.0094,6.6202,0.0843,0.1483,0.81,-0.37,1.1621
2011-09-30,3800100206,3800100206,1,162740000000,36236000000,156714000000,34382000000,5982000000,44000000,0,100000000,95131000000,33047000000,1649000000,1649000000,0.43,0.41,0,3793000000,-1832000000,-2209000000,-952000000,16529000000,1113000000,11.77,14.22,9.32,None,0.041,1.57,8.41,7.18,30.87,0,15.9029,0.0368,0.0506,0.81,0.71,1.0539
2011-06-30,3799828733,3799828733,1,168086000000,38076000000,162736000000,36621000000,5309000000,41000000,0,103000000,98550000000,35527000000,2398000000,2398000000,0.63,0.59,0,3729000000,-4071000000,-3723000000,-3837000000,17481000000,1093000000,14.41,16.18,12.65,None,0.0403,1.4,22.52,8.68,30.87,0,18.5628,0.0316,0.0521,0.77,0.69,1.0397
2011-03-31,3798185028,3798185028,1,167391000000,37010000000,164926000000,36739000000,2426000000,39000000,0,98000000,101638000000,33114000000,2551000000,2551000000,0.68,0.61,0,2497000000,6894000000,-3282000000,6513000000,21318000000,929000000,16.36,18.97,13.75,None,0.0408,0.64,None,10.55,30.87,0,41.8953,0.0145,0.0538,0.76,0.41,1.0074
2010-12-31,3782710935,3782710935,1,164687000000,34368000000,165329000000,34516000000,-673000000,31000000,0,102000000,103988000000,32428000000,190000000,190000000,0.05,0.01,0,1239000000,6288000000,-10851000000,-3187000000,14805000000,1146000000,14.77,17.42,12.12,None,0.0368,-0.18,None,8.07,30.87,0,None,None,0.0509,0.72,0.02,0.9957
2010-09-30,3472655102,3472655102,1,177078000000,39600000000,178818000000,37626000000,-1773000000,33000000,0,123000000,116691000000,29893000000,1687000000,1687000000,0.49,0.43,0,3781000000,-2224000000,-2397000000,-330000000,17992000000,919000000,11.63,13.24,10.02,None,0.039,-0.51,None,6.88,30.87,0,None,None,0.055,0.71,0.82,1.0525
2010-06-30,3439319228,3439319228,1,179750000000,36611000000,183291000000,36547000000,-3574000000,33000000,0,183000000,117385000000,35067000000,2599000000,2599000000,0.76,0.61,0,3774000000,1677000000,-11061000000,-6034000000,18322000000,959000000,12.16,14.57,9.75,None,0.0341,-1.04,None,6.87,30.87,0,None,None,0.0494,0.69,0.82,1.0018
2010-03-31,3406580715,3406580715,1,191968000000,41040000000,197405000000,39978000000,-5475000000,38000000,0,192000000,130105000000,31566000000,2085000000,2085000000,0.62,0.5,0,2683000000,1167000000,-112000000,3462000000,24356000000,1068000000,12.29,14.54,10.05,None,0.0315,-1.61,None,18.34,30.87,0,None,None,0.0498,0.63,0.47,1.0266
2009-12-31,3220519079,3220519079,1,194850000000,40560000000,201365000000,37037000000,-7820000000,1305000000,0,209000000,132441000000,35449000000,886000000,886000000,0.26,0.29,0,412000000,3673000000,-8388000000,-4357000000,21441000000,1170000000,8.49,10.37,6.61,None,0.0136,-2.43,None,None,30.87,0,None,None,0.023,0.59,-0.24,1.0951
2009-09-30,3307100876,3307100876,1,203106000000,None,210376000000,None,-8675000000,1405000000,0,225000000,132017000000,30892000000,997000000,997000000,0.31,0.29,0,5851000000,-2906000000,-1380000000,1787000000,25798000000,1003000000,7.05,8.86,5.24,None,-0.0201,-2.62,None,None,30.87,None,None,None,None,0.54,1.47,None
2009-06-30,3221289753,3221289753,1,200190000000,None,209608000000,None,-10743000000,1325000000,0,235000000,133066000000,27189000000,2261000000,2261000000,0.75,0.69,0,5618000000,4997000000,-8341000000,2918000000,24011000000,1022000000,4.47,6.54,2.4,None,-0.0244,-3.33,None,None,30.87,None,None,None,None,0.52,1.43,None
2009-03-31,2873249729,2873249729,1,203134000000,None,219611000000,None,-17577000000,1100000000,0,227000000,145586000000,24778000000,-1427000000,-1427000000,-0.6,-0.6,0,4161000000,705000000,-4850000000,-956000000,21093000000,1366000000,2.25,2.99,1.5,None,-0.0698,-6.12,None,None,30.87,None,None,None,None,0.55,0.97,None
2008-12-31,2396320837,2396320837,1,218328000000,34124000000,234444000000,49178000000,-17311000000,1195000000,0,1593000000,154196000000,29207000000,-5976000000,-5976000000,-2.47,-2.47,0,-3448000000,886000000,389000000,-2845000000,22049000000,1821000000,3.24,5.47,1.01,None,-0.0582,-7.22,None,None,30.87,None,None,None,None,0.58,-2.2,0.6939
2008-09-30,2388855535,2388855535,1,242065000000,45021000000,242596000000,47352000000,-1989000000,1458000000,0,1805000000,156793000000,32045000000,-129000000,-129000000,-0.06,-0.06,0,1093000000,-9000000,-5651000000,-5172000000,24894000000,1747000000,5.25,6.33,4.17,None,-0.043,-0.83,None,None,30.87,None,None,None,None,0.6,-0.27,0.9508
2008-06-30,2261350250,2261350250,1,265297000000,55969000000,265521000000,54801000000,-1683000000,1459000000,0,2044000000,166025000000,41512000000,-8667000000,-8667000000,-3.88,-3.88,0,1120000000,-2147000000,-2811000000,-3685000000,30066000000,1638000000,6.63,8.79,4.46,None,-0.0426,-0.74,2.09,None,30.87,None,None,None,None,0.62,-0.23,1.0213
2008-03-31,2242000062,2242000062,1,282913000000,54889000000,274336000000,52485000000,7111000000,1466000000,0,2064000000,169205000000,43513000000,100000000,100000000,0.05,0.05,0,1056000000,-1873000000,-1031000000,-1532000000,33751000000,1490000000,5.95,6.94,4.95,None,-0.0084,3.17,2.33,None,30.87,None,23.7948,0.0251,None,0.62,-0.19,1.0458
2007-12-31,2207002130,2207002130,1,279264000000,54243000000,272215000000,50218000000,5628000000,1421000000,0,2069000000,168530000000,44116000000,-2811000000,-2811000000,-1.3,-1.3,0,3842000000,-2411000000,5465000000,7846000000,35283000000,1807000000,7.95,9.24,6.65,None,-0.0098,2.55,14.45,None,30.87,None,29.9449,0.0202,None,0.62,0.92,1.0802
2007-09-30,2110205561,2110205561,1,276163000000,62340000000,273606000000,57882000000,1163000000,1394000000,0,6487000000,163213000000,41078000000,-380000000,-380000000,-0.19,-0.19,0,8015000000,-5902000000,-6677000000,-4571000000,27437000000,1578000000,8.57,9.64,7.49,None,-0.02,0.55,None,None,30.87,None,140.3379,0.0042,None,0.61,3.05,1.077
2007-06-30,2099594478,2099594478,1,279218000000,62586000000,279913000000,58039000000,-1946000000,1251000000,0,6344000000,170036000000,44242000000,750000000,750000000,0.4,0.31,0,4259000000,-648000000,1357000000,5130000000,32008000000,1341000000,8.68,9.7,7.67,None,-0.0379,-0.93,None,None,30.87,None,None,None,None,0.6,1.39,1.0783
2007-03-31,1880147651,1880147651,1,272210000000,58615000000,274787000000,55688000000,-3710000000,1133000000,0,6308000000,167179000000,43019000000,-282000000,-282000000,-0.15,-0.15,0,984000000,2478000000,-5387000000,-2016000000,26878000000,1296000000,8.2,8.97,7.43,None,-0.0419,-1.97,None,None,30.87,None,None,None,None,0.59,-0.17,1.0526
2006-12-31,1880623911,1880623911,1,278554000000,57325000000,280860000000,56235000000,-3465000000,1159000000,0,6954000000,172049000000,40318000000,-5625000000,-5625000000,-2.99,-2.99,0,-7366000000,-5549000000,16072000000,3383000000,28894000000,1606000000,8.02,9.19,6.85,None,-0.0462,-1.84,1.65,None,30.87,None,None,None,None,0.59,-4.77,1.0194
2006-09-30,1888893855,1888893855,1,267465000000,45959000000,257287000000,53329000000,9163000000,1015000000,0,6396000000,154410000000,37110000000,-5248000000,-5248000000,-2.79,-2.79,0.05,7264000000,-11337000000,1602000000,-2474000000,25511000000,1839000000,7.77,9.48,6.06,-0.5978,-0.0274,4.85,0.99,None,30.87,None,16.8515,0.0343,None,0.61,2.87,0.8618
2006-06-30,1881010485,1881010485,1,277025000000,49538000000,261189000000,55827000000,14782000000,1054000000,0,6392000000,153002000000,41894000000,-317000000,-317000000,-0.17,-0.17,0.1,9743000000,-4170000000,1041000000,6806000000,27985000000,1565000000,7.11,8.05,6.17,-0.1804,-0.0091,7.86,1.09,None,30.82,None,10.3506,0.0534,None,0.63,4.35,0.8873
2006-03-31,1875951457,1875951457,1,269075000000,48086000000,255675000000,54783000000,12278000000,1122000000,0,6072000000,150396000000,40801000000,-1423000000,-1423000000,-0.76,-0.76,0.1,-30000000,-3808000000,-3442000000,-7231000000,21179000000,1838000000,8.18,8.96,7.39,-0.0887,-0.0044,6.54,1.13,12.03,30.72,None,12.2492,0.0456,None,0.64,-1,0.8778
2005-12-31,1848442322,1848442322,1,269459000000,46485000000,254895000000,51553000000,13442000000,1122000000,0,5945000000,153278000000,46356000000,-434000000,-434000000,-0.24,-0.24,0.1,338000000,2790000000,-3477000000,-469000000,28410000000,832000000,8.79,10,7.57,0.1005,0.0053,7.27,1.12,9.55,30.62,0.5089,11.4029,0.0499,0.0081,0.65,-0.27,0.9017
2005-09-30,1786759632,1786759632,1,268295000000,43555000000,253250000000,53390000000,13987000000,1058000000,0,6072000000,141738000000,40856000000,-284000000,-284000000,-0.15,-0.15,0.1,5767000000,-220000000,-6951000000,-1254000000,28200000000,1668000000,10.37,11.19,9.55,0.1321,0.0071,7.83,1.35,8.5,30.52,0.3696,10.1336,0.0521,0.0113,0.63,2.29,0.8158
2005-06-30,1853049994,1853049994,1,276834000000,44971000000,261825000000,56978000000,14203000000,806000000,0,6679000000,158441000000,44548000000,946000000,946000000,0.51,0.47,0.1,9025000000,-1319000000,-529000000,6788000000,30133000000,5133000000,10.38,11.69,9.07,0.1686,0.0089,7.66,1.22,7.86,30.42,0.2909,11.1555,0.0513,0.0145,0.61,2.1,0.7893
2005-03-31,1840352873,1840352873,1,280588000000,46060000000,264072000000,56919000000,15670000000,846000000,0,7011000000,161262000000,45136000000,1212000000,1212000000,0.66,0.6,0.1,5311000000,4504000000,-9843000000,-165000000,23345000000,1436000000,12.84,14.75,10.94,0.1852,0.0095,8.51,1.47,7.73,30.32,0.2643,10.2911,0.0558,0.016,0.6,2.11,0.8092
2004-12-31,1830902876,1830902876,1,292654000000,None,275732000000,None,16045000000,877000000,0,7271000000,172973000000,45163000000,104000000,104000000,0.05,0,0.1,6551000000,-6477000000,4068000000,4653000000,23511000000,1596000000,13.8,15,12.61,0.2466,0.0119,8.76,1.79,11.31,30.22,0.2059,10.7805,0.0548,0.0203,0.58,2.71,None
2004-09-30,1829667879,1829667879,1,288678000000,45634000000,273796000000,55888000000,14069000000,813000000,0,7014000000,164707000000,38996000000,266000000,266000000,0.15,0.15,0.1,4944000000,1990000000,-5301000000,1772000000,17416000000,1949000000,14.69,15.77,13.61,0.1986,0.0087,7.69,1.91,13.86,30.12,0.2773,11.7071,0.0487,0.015,0.58,1.64,0.8165
2004-06-30,1758935347,1758935347,1,293613000000,47670000000,279267000000,56267000000,13561000000,785000000,0,7186000000,168101000000,42802000000,1165000000,1165000000,0.64,0.57,0.1,5981000000,-7712000000,-739000000,-2542000000,15648000000,3371000000,14.74,16.48,13,0.1987,0.0076,7.71,2.01,20.76,30.02,0.3094,12.3959,0.0462,0.0135,0.56,1.48,0.8472
2004-03-31,1759991029,1759991029,1,300079000000,49701000000,286457000000,57961000000,12882000000,740000000,0,7173000000,171446000000,44691000000,1952000000,1952000000,1.07,0.94,0.1,7038000000,-2652000000,-7893000000,-3580000000,18190000000,2321000000,15.04,17.34,12.75,0.152,0.0051,7.32,2.36,68.36,29.92,0.4587,13.309,0.0429,0.0092,0.55,2.68,0.8575
2003-12-31,1833014555,1833014555,1,304594000000,None,292284000000,None,11651000000,659000000,0,7262000000,179804000000,45605000000,-793000000,-793000000,-0.44,-0.44,0.1,652000000,-5949000000,-1128000000,-6088000000,21770000000,1928000000,13.87,17.33,10.41,0.0571,0.0016,6.36,2.98,32.26,29.82,1.4371,15.4325,0.0383,0.003,0.54,-0.7,None
2003-09-30,1760190834,1760190834,1,310328000000,48334000000,301549000000,50831000000,8190000000,589000000,0,7053000000,180236000000,36888000000,-25000000,-25000000,-0.01,-0.01,0.1,5721000000,2663000000,1760000000,10203000000,27887000000,2248000000,11.48,12.53,10.43,0.1209,0.0029,4.65,2.5,44.15,29.72,0.8214,22.0068,0.0264,0.0054,0.53,1.97,0.9509
2003-06-30,1761117906,1761117906,1,311791000000,48844000000,298038000000,51199000000,8084000000,5669000000,0,6930000000,169438000000,40670000000,417000000,417000000,0.23,0.22,0.1,6017000000,-5431000000,-2421000000,-1553000000,17684000000,3197000000,9.51,11.71,7.3,0.0741,0.0019,4.59,2.48,28.82,29.62,1.2739,20.9597,0.0259,0.0035,0.55,1.6,0.954
2003-03-31,1759483931,1759483931,1,295193000000,44569000000,282791000000,48080000000,6732000000,5670000000,0,6726000000,159010000000,41033000000,896000000,896000000,0.49,0.45,0.1,7805000000,2392000000,-3343000000,6987000000,19237000000,1881000000,8.69,10.8,6.58,0.0887,0.0025,3.83,2.82,None,29.52,1.0103,23.62,0.0228,0.0044,0.56,3.37,0.927
2002-12-31,1816161358,1816161358,1,295222000000,40764000000,283962000000,45292000000,5590000000,5670000000,0,6617000000,162222000000,41651000000,-424000000,-424000000,-0.23,-0.23,0.1,343000000,-2931000000,-1394000000,-3802000000,12250000000,2379000000,9.41,11.91,6.9,-0.1189,-0.0034,3.08,1.73,None,29.42,None,29.02,0.0189,None,0.57,-1.12,0.9
2002-09-30,1835107292,1835107292,1,285696000000,42822000000,275726000000,45362000000,9970000000,0,0,5441000000,161997000000,39580000000,-326000000,-326000000,-0.18,-0.18,0.1,5415000000,57000000,-2371000000,2970000000,16073000000,1611000000,12.74,16.24,9.24,-0.6397,-0.0199,5.43,2.32,None,29.32,None,16.2484,0.0349,None,0.58,2.07,0.944
2002-06-30,1822877533,1822877533,1,290291000000,43534000000,280297000000,46584000000,9994000000,0,0,5822000000,164573000000,42332000000,570000000,570000000,0.31,0.29,0.1,7168000000,-7289000000,-3169000000,-2917000000,13103000000,2622000000,16.55,18.23,14.88,-0.6213,-0.0214,5.48,4.05,None,29.22,None,16.4672,0.0344,None,0.57,2.49,0.9345
2002-03-31,1812729316,1812729316,1,275648000000,38858000000,268229000000,44381000000,7419000000,0,0,5517000000,158982000000,39857000000,-800000000,-800000000,-0.45,-0.45,0.1,5707000000,6543000000,-3399000000,8802000000,16020000000,2512000000,15.59,17.29,13.9,-0.691,-0.0261,4.09,3.62,None,29.12,None,21.429,0.0269,None,0.57,1.76,0.8756
2001-12-31,1806608611,1806608611,1,276543000000,33121000000,268757000000,44546000000,7786000000,0,0,0,165035000000,41235000000,-5068000000,-5068000000,-2.82,-2.82,0.15,30000000,-5502000000,2196000000,-3420000000,7218000000,2134000000,16.95,19.08,14.83,-0.4279,-0.0193,4.31,2.3,8.92,29.02,None,21.1964,0.0282,None,0.58,-1.16,0.7435
2001-09-30,1810876415,1810876415,1,277527000000,32793000000,264162000000,41960000000,13365000000,0,0,0,166089000000,36502000000,-692000000,-692000000,-0.39,-0.38,0.3,7494000000,8341000000,-11888000000,4052000000,10638000000,1108000000,20.31,25.93,14.7,0.0448,0.0024,7.38,2.57,7.23,28.87,7.0797,12.4272,0.0482,0.0042,0.58,3.53,0.7815
2001-06-30,1740944222,1740944222,1,289546000000,36488000000,275788000000,44543000000,13758000000,0,0,0,173937000000,42314000000,-752000000,-752000000,-0.42,-0.41,0.3,8596000000,-12801000000,5448000000,1204000000,6586000000,2572000000,27.46,31.42,23.5,0.1362,0.008,7.9,3.13,9.4,28.57,5.7181,12.6426,0.0475,0.0136,0.59,3.46,0.8192
2001-03-31,1829577948,1829577948,1,284587000000,38395000000,268518000000,43706000000,16069000000,0,0,0,167116000000,42361000000,1059000000,1059000000,0.58,0.56,0.3,6644000000,-7207000000,1268000000,531000000,5382000000,2606000000,27.56,31.37,23.75,0.1261,0.0086,8.78,2.72,8,28.27,6.1888,10.3999,0.0565,0.0144,0.6,2.21,0.8785
2000-12-31,1835050878,1835050878,1,284421000000,37833000000,265811000000,43327000000,18610000000,0,0,0,165279000000,42587000000,1077000000,1077000000,2.17,2.13,1.79,7184000000,-10287000000,2889000000,-811000000,4851000000,2524000000,24.34,27,21.69,0.1542,0.0123,10.14,2.43,10.82,27.97,4.3835,8.8812,0.0654,0.0204,0.6,2.54,0.8732
2000-09-30,1825383706,1825383706,1,282285000000,41014000000,264012000000,42600000000,18273000000,0,0,0,161035000000,40064000000,888000000,888000000,0.54,0.53,4.7308,7454000000,-2973000000,-7312000000,-3002000000,5662000000,2046000000,26.75,29.88,23.63,0.1698,0.015,10.01,2.05,11.67,26.18,2.9829,8.8127,0.0647,0.0244,0.61,2.96,0.9628
2000-06-30,1204863694,1893001090,1.571133,284580000000,45482000000,259937000000,43247000000,24643000000,0,0,0,159005000000,44519000000,-577000000,-577000000,-0.48,-0.47,2.22,10246000000,-13573000000,6347000000,2906000000,8664000000,3044000000,27.27,31.46,23.08,0.1645,0.016,13.02,1.82,7.19,21.45,1.0032,6.4523,0.0866,0.026,0.62,3.8,1.0517
2000-03-31,1205286510,1893665391,1.571133,275024000000,42935000000,246605000000,39926000000,28419000000,0,0,0,153597000000,42894000000,2079000000,2079000000,1.73,1.7,0.5,8880000000,-9318000000,1847000000,1377000000,5758000000,2841000000,26.23,30.33,22.12,0.269,0.0272,15.01,1.81,7.03,20.04,0.3159,5.4047,0.1033,0.0438,0.62,3.19,1.0754
1999-12-31,1206420387,1895446862,1.571133,276229000000,44091000000,248692000000,41391000000,27537000000,0,0,0,150461000000,44418000000,1806000000,1806000000,1.5,1.47,0.5,11390000000,-14904000000,4564000000,952000000,6230000000,2790000000,28.41,30.16,26.65,0.2745,0.0275,14.53,2,8.55,19.72,0.314,5.464,0.0997,0.0445,0.62,4.54,1.0652
1999-09-30,1207884992,1897747951,1.571133,267390000000,44481000000,240469000000,41374000000,26921000000,0,0,0,143363000000,37973000000,1114000000,1114000000,0.92,0.9,0.46,3873000000,-4487000000,283000000,-341000000,5278000000,2206000000,28.82,32.22,25.42,0.2556,0.0256,14.19,2.09,8.84,19.4,0.3439,5.3253,0.1007,0.0415,0.62,0.88,1.0751
1999-06-30,1209769113,1900708156,1.571133,261305000000,41894000000,235063000000,40814000000,26242000000,0,0,0,142284000000,42282000000,2338000000,2338000000,1.93,1.89,0.46,8740000000,-12465000000,3471000000,-311000000,5619000000,3028000000,33.11,37.3,28.92,0.2593,0.0261,13.81,2.54,10.12,19.11,0.3426,5.422,0.1004,0.0422,0.62,3.01,1.0265
1999-03-31,1210772869,1902285190,1.571133,246511000000,38293000000,221764000000,37809000000,24747000000,0,0,0,134863000000,37885000000,1979000000,1979000000,1.64,1.6,0.46,5808000000,-8426000000,3895000000,1094000000,5930000000,2250000000,33.45,36.54,30.36,0.2698,0.0272,13.01,2.72,2.96,18.81,4.5179,5.4497,0.1004,0.0439,0.62,1.87,1.0128
1998-12-31,1211649845,1903663036,1.571133,237545000000,38709000000,214136000000,35643000000,23409000000,0,0,0,131037000000,37903000000,1043000000,1043000000,0.92,0.83,0.46,4057000000,-13487000000,7813000000,-1546000000,4836000000,2487000000,31.41,38.11,24.7,0.9628,0.0962,12.3,2.52,2.68,18.52,1.3087,5.5977,0.0985,0.1528,0.63,0.82,1.086
1998-09-30,1210010863,1901087977,1.571133,228514000000,39519000000,204796000000,35694000000,23718000000,0,0,0,122287000000,32640000000,1001000000,1001000000,0.82,0.8,0.42,3885000000,-2455000000,-1718000000,-305000000,6382000000,2054000000,32.48,39.11,25.86,0.922,0.0952,12.48,2.68,2.76,18.23,1.2634,5.1559,0.1038,0.1547,0.62,0.96,1.1072
1998-06-30,1211631298,1903633896,1.571133,228271000000,37764000000,205201000000,35677000000,23070000000,0,0,0,123115000000,37289000000,2381000000,2381000000,1.96,1.91,22.54,7562000000,-7191000000,-1890000000,-1541000000,6687000000,3056000000,31.92,37.64,26.2,0.8744,0.0914,12.12,2.83,2.69,17.96,1.2564,5.3366,0.1011,0.1519,0.6,2.37,1.0585
1998-03-31,1212988814,1905766734,1.571133,223238000000,37487000000,201741000000,36987000000,21497000000,0,0,0,120752000000,36584000000,17646000000,17646000000,14.48,14.23,0.42,7596000000,-9163000000,1801000000,294000000,8228000000,2810000000,22.89,27.77,18.02,0.8322,0.0882,11.28,1.42,6.4,3.62,0.0876,5.6172,0.0963,0.15,0.59,2.51,1.0135
1997-12-31,1211979814,1904181461,1.571133,279097000000,36847000000,248363000000,33291000000,30734000000,0,0,0,167118000000,41064000000,1796000000,1796000000,1.49,1.46,0.42,8289000000,-10629000000,3085000000,790000000,7934000000,2278000000,19.39,21.25,17.54,0.237,0.0255,16.14,1.23,5.92,3.35,0.2851,5.4376,0.1101,0.045,0.57,3.16,1.1068
1997-09-30,1199993958,1885350088,1.571133,274223000000,36650000000,244546000000,35994000000,29677000000,0,0,0,162027000000,36096000000,1125000000,1125000000,0.93,0.9,0.42,9562000000,-7207000000,-252000000,2079000000,7144000000,2317000000,17.82,19.5,16.14,0.2244,0.0236,15.74,1.15,5.82,3.08,0.3047,5.4597,0.1082,0.0418,0.57,3.84,1.0182
1997-06-30,1194372013,1876517264,1.571133,271416000000,34666000000,242303000000,34180000000,29113000000,0,0,0,162226000000,40265000000,2530000000,2530000000,2.11,2.06,0.42,5075000000,-11823000000,6000000000,-733000000,5065000000,2813000000,14.69,16.69,12.68,0.2156,0.0223,15.51,1.01,5.35,2.81,0.3193,5.5723,0.1073,0.0395,0.57,1.21,1.0142
1997-03-31,1190832066,1870955537,1.571133,261957000000,33224000000,234705000000,32502000000,27252000000,0,0,0,156115000000,36202000000,1469000000,1469000000,1.22,1.2,0.385,4708000000,-6417000000,367000000,-1469000000,5798000000,2267000000,13.9,14.8,13,0.1986,0.0202,14.57,0.97,6,2.55,0.3407,5.7286,0.104,0.0358,0.56,1.3,1.0222
1996-12-31,1189709290,1869191506,1.571133,262867000000,32194000000,236105000000,33170000000,26762000000,0,0,0,156700000000,38833000000,1204000000,1204000000,1.01,0.99,0.39,4030000000,-6805000000,1208000000,-1489000000,7267000000,2140000000,20.45,21.56,19.34,0.1722,0.0173,14.32,1.46,11.12,2.3,0.3926,5.8553,0.1018,0.0302,0.57,1.01,0.9706
1996-09-30,1185470971,1862532544,1.571133,258501000000,31078000000,232349000000,33388000000,26152000000,0,0,0,153491000000,33960000000,686000000,686000000,0.57,0.56,0.385,2821000000,-3775000000,604000000,-397000000,8756000000,2556000000,20.41,21.8,19.02,0.1503,0.0154,14.04,1.47,12.33,2.05,0.4451,5.8692,0.1012,0.0266,0.56,0.14,0.9308
1996-06-30,1182682366,1858151274,1.571133,260566000000,31962000000,234726000000,33316000000,25840000000,0,0,0,156781000000,37937000000,1903000000,1903000000,1.6,1.56,0.35,6392000000,-12779000000,7556000000,1013000000,9153000000,2823000000,21.88,23.71,20.05,0.1367,0.0144,13.91,1.65,14.69,1.81,0.4605,6.0674,0.0992,0.0244,0.57,1.92,0.9594
1996-03-31,1174574482,1845412710,1.571133,248004000000,28874000000,223464000000,28950000000,24540000000,0,0,0,151127000000,36261000000,653000000,653000000,0.54,0.53,0.35,6014000000,-8448000000,2210000000,-300000000,8140000000,2891000000,19.77,22.2,17.34,0.1214,0.0134,13.3,1.48,10.05,1.58,0.4947,6.1584,0.099,0.0217,0.57,1.69,0.9974
1995-12-31,1168808265,1836353217,1.571133,243283000000,27281000000,218736000000,28776000000,24547000000,0,0,0,146792000000,34547000000,660000000,556000000,0.47,0.24,0.35,2966000000,-8127000000,5073000000,-124000000,8440000000,2357000000,19.13,20.61,17.66,0.1562,0.0174,13.37,1.31,7.35,1.36,0.3509,5.98,0.1009,0.028,0.58,0.33,0.948
1995-09-30,1090365225,1713108769,1.571133,238576000000,27152000000,213621000000,27025000000,24955000000,0,0,0,141948000000,31418000000,357000000,302000000,0.28,0.27,0.31,3509000000,-4550000000,-761000000,-2062000000,8564000000,2108000000,19.38,20.93,17.82,0.2004,0.0217,14.57,1.3,6.41,1.14,0.2519,5.6882,0.1046,0.0351,0.59,0.82,1.0047
1995-06-30,1074088598,1687536024,1.571133,239808000000,29209000000,214568000000,27872000000,25240000000,0,0,0,142566000000,36389000000,1572000000,1503000000,1.45,1.3,0.31,3149000000,-10469000000,6184000000,-1102000000,10626000000,2967000000,18.1,19.81,16.39,0.2446,0.0257,14.96,1.24,5.82,0.94,0.2009,5.6484,0.1053,0.0408,0.6,0.11,1.048
1995-03-31,1026889320,1613379681,1.571133,232025000000,28991000000,208473000000,28043000000,23552000000,0,0,0,137474000000,34783000000,1550000000,1478000000,1.44,1.28,0.26,11547000000,-12361000000,5981000000,5508000000,11728000000,3024000000,17.14,18.54,15.75,0.2711,None,14.6,1.27,6.17,0.74,0.1774,5.837,0.1015,0.0427,0.61,5.28,1.0338
1994-12-31,1024338225,1609371572,1.571133,219354000000,26863000000,197695000000,25471000000,21659000000,0,0,0,130816000000,33643000000,1569000000,1498000000,1.46,1.24,0.26,1843000000,-10071000000,5260000000,-3015000000,6220000000,2379000000,17.7,19.09,16.31,0.2619,None,13.46,1.51,None,0.58,0.1869,6.0398,0.0987,0.0391,0.61,-0.33,1.0547
1994-09-30,1087902144,1709238941,1.571133,214819000000,28291000000,194834000000,26571000000,19985000000,0,0,0,126193000000,30622000000,1124000000,1052000000,1.04,0.93,0.225,3219000000,-7150000000,2195000000,-1621000000,9235000000,2356000000,18.73,20.84,16.63,None,None,11.69,1.61,None,0.41,None,6.3144,0.093,None,None,0.5,1.0647
1994-06-30,1008993286,1585262632,1.571133,210079000000,27473000000,191657000000,25481000000,18422000000,0,0,0,123419000000,33772000000,1711000000,1639000000,1.63,1.44,0.225,7410000000,-10260000000,5940000000,3593000000,10856000000,3035000000,18.42,19.81,17.03,None,None,11.62,1.74,None,0.27,None,6.6995,0.0877,None,None,2.76,1.0782
1994-03-31,500792400,1573622915,3.142266,198433000000,25132000000,181800000000,24192000000,16633000000,0,0,0,116380000000,30402000000,904000000,832000000,1.66,1.51,0.4,4157000000,-9285000000,4177000000,-959000000,7263000000,1700000000,20.23,22.32,18.14,None,None,10.57,2.04,None,0.13,None,6.9969,0.0838,None,None,1.56,1.0389
1993-12-31,499722098,1570259741,3.142266,198938000000,22482000000,183364000000,22652000000,15574000000,0,0,0,111044000000,None,None,None,None,None,0,None,None,None,None,8222000000,0,19.23,21.04,17.43,None,None,9.92,None,None,0,None,7.1301,0.0783,None,None,None,0.9925
