"Quarter end","Shares","Shares split adjusted","Split factor","Assets","Current Assets","Liabilities","Current Liabilities","Shareholders equity","Non-controlling interest","Preferred equity","Goodwill & intangibles","Long-term debt","Revenue","Earnings","Earnings available for common stockholders","EPS basic","EPS diluted","Dividend per share","Cash from operating activities","Cash from investing activities","Cash from financing activities","Cash change during period","Cash at end of period","Capital expenditures","Price","Price high","Price low","ROE","ROA","Book value of equity per share","P/B ratio","P/E ratio","Cumulative dividends per share","Dividend payout ratio","Long-term debt to equity ratio","Equity to assets ratio","Net margin","Asset turnover","Free cash flow per share","Current ratio"
2019-06-30,220355139,220355139,1,19531900000,4915200000,7805300000,2155200000,11386100000,340500000,0,1654000000,2951700000,2224000000,488000000,488000000,2.21,2.2,1.16,717600000,-553400000,-201000000,-39100000,2696800000,544100000,207.9,226.65,189.15,0.1544,0.0887,51.67,4.1,27.14,59.66,0.5814,0.2592,0.5829,0.1914,0.46,0.79,2.2806
2019-03-31,220132561,220132561,1,19244500000,4895200000,7741100000,2073000000,11165700000,337700000,0,1622400000,2933000000,2187700000,421300000,421300000,1.91,1.9,1.16,630600000,-655600000,-170000000,-187400000,2735900000,560100000,172.39,191.16,153.63,0.1563,0.0883,50.72,3.48,22.53,58.5,0.5778,0.2627,0.5802,0.189,0.47,0.32,2.3614
2018-12-31,219631171,219631171,1,19142000000,5089900000,7938600000,2303500000,10882900000,320500000,0,1581000000,2954400000,2224000000,347500000,347500000,1.58,1.57,1.1,655200000,-226500000,-289800000,132000000,2923300000,403400000,160,171.55,148.44,0.158,0.0889,49.55,3.23,23.6,57.34,0.571,0.2715,0.5685,0.1892,0.47,1.15,2.2096
2018-09-30,219533532,219533532,1,19178300000,5082200000,8002000000,2338300000,10857500000,318800000,0,1245900000,3812600000,2298900000,452900000,452900000,2.06,2.04,1.1,691400000,-610200000,-262000000,-195200000,2791300000,410300000,162.33,171.66,153.01,0.1422,0.0798,49.46,3.39,23.66,56.24,0.6221,0.3511,0.5661,0.1677,0.48,1.28,2.1735
2018-06-30,219272496,219272496,1,19206000000,5055500000,8396000000,2109800000,10486000000,324000000,0,1650800000,3377100000,2259000000,473900000,473900000,2.16,2.15,1.1,743500000,-494000000,-282200000,-80400000,2986500000,585600000,162.48,170.29,154.67,0.1464,0.0814,47.82,3.37,31.43,55.14,0.5933,0.3221,0.546,0.1713,0.48,0.72,2.3962
2018-03-31,219193653,219193653,1,18511100000,5396300000,7817900000,1752300000,10580800000,112400000,0,1701400000,3442400000,2155700000,416400000,416400000,1.9,1.89,1.1,546000000,-41400000,-174500000,344300000,3066900000,315900000,163.94,175.17,152.71,0.1133,0.0625,48.27,3.51,12.63,54.04,0.7567,0.3253,0.5716,0.1313,0.48,1.05,3.0796
2017-12-31,218939303,218939303,1,18208800000,5355500000,7887600000,1831600000,10215300000,105900000,0,1653500000,3414900000,2216600000,154600000,154600000,0.71,0.7,0.95,561000000,-484900000,-641100000,-551000000,2722600000,256600000,157.67,164.78,150.55,0.2926,0.1577,46.66,3.42,11.55,52.94,0.2905,0.3343,0.561,0.3351,0.47,1.39,2.9239
2017-09-30,218618346,218618346,1,18467200000,5876700000,8281700000,2489000000,10086200000,99300000,0,1089800000,3402400000,2203100000,468700000,468700000,2.13,2.12,0.95,722500000,393100000,-186500000,941000000,3273600000,232900000,147.07,152.26,141.88,0.3336,0.1711,46.14,3.41,11.04,51.99,1.2848,0.3373,0.5462,0.3665,0.47,2.24,2.3611
2017-06-30,217957369,217957369,1,17853800000,5347000000,8343900000,2433200000,9412400000,97500000,0,1068900000,3366600000,2121900000,101900000,101900000,0.47,0.46,0.95,505000000,141600000,-192600000,463300000,2332600000,274600000,140.88,147.66,134.09,0.3549,0.1678,43.18,3.29,9.75,51.04,1.3105,0.3577,0.5272,0.3463,0.48,1.06,2.1975
2017-03-31,217724491,217724491,1,17871500000,5294100000,8451300000,2602300000,9317400000,102800000,0,1204800000,3300400000,1980100000,2130000000,2130000000,9.78,9.7,0.95,-174300000,2055700000,-687300000,1202500000,1869300000,293000000,141.55,149.46,133.63,0.4144,0.1839,42.79,4.3,54.86,50.09,1.2027,0.3542,0.5214,0.3619,0.51,-2.15,2.0344
2016-12-31,217589952,217589952,1,15956200000,3548800000,8695100000,2929800000,7161500000,99600000,0,1187800000,3289000000,1882500000,299800000,299800000,1.38,1.37,14.86,514700000,-257500000,-905000000,-664000000,666800000,239200000,139.72,150.45,129,0.0805,0.0334,32.91,4.29,48.51,49.14,6.685,0.4593,0.4488,0.0627,0.53,1.27,1.2113
2016-09-30,217375097,217375097,1,18055300000,4317300000,10841900000,3283300000,7079600000,133800000,0,1638200000,6225200000,2463000000,394000000,394000000,1.82,1.79,0.86,852600000,-249600000,379700000,986500000,1501300000,258500000,147.57,157.84,137.31,0.0889,0.0365,32.57,4.54,55.27,34.28,1.1625,0.8793,0.3921,0.0663,0.55,2.73,1.3149
2016-06-30,216549704,216549704,1,17083500000,3378800000,9903300000,3658900000,7045400000,134800000,0,1626400000,3925600000,2434400000,346800000,346800000,1.6,1.59,0.86,712500000,-255700000,-251900000,201700000,514800000,262500000,143.16,152.16,134.15,0.0814,0.0339,32.53,4.47,56.14,33.42,1.2401,0.5572,0.4124,0.0612,0.55,2.08,0.9234
2016-03-31,216081188,216081188,1,16810800000,3031200000,9757700000,3839100000,6916600000,136500000,0,1650500000,3573200000,2271200000,-473300000,-473300000,-2.19,-2.17,0.86,488900000,-262300000,-200900000,34000000,313100000,184200000,130.9,147.16,114.64,0.076,0.032,32.01,3.83,21.64,32.56,1.281,0.5166,0.4114,0.058,0.55,1.41,0.7896
2015-12-31,215650358,215650358,1,17260300000,2779000000,9761300000,3572400000,7367100000,131900000,0,1606400000,3870500000,2355800000,363600000,363600000,1.68,1.67,0.81,573500000,-301400000,-198000000,72700000,279100000,350600000,135.24,143.83,126.65,0.1784,0.0754,34.16,4.02,23,31.7,0.5295,0.5254,0.4268,0.1359,0.55,1.03,0.7779
2015-09-30,215426569,215426569,1,17438100000,2910800000,10057000000,3648100000,7249000000,132100000,0,1639600000,3949100000,2449400000,344500000,344500000,1.6,1.58,0.81,779900000,-360700000,-416700000,-8900000,206400000,400100000,136.11,148.56,123.66,0.1732,0.0728,33.65,3.86,28.47,30.89,0.5381,0.5448,0.4157,0.1291,0.56,1.76,0.7979
2015-06-30,214982451,214982451,1,17671500000,3102300000,9662300000,2918900000,7586000000,423200000,0,1705300000,4690500000,2470200000,318800000,318800000,1.48,1.47,0.81,690700000,-399200000,-272100000,19600000,215300000,397100000,145.31,153.93,136.69,0.14,0.0588,35.29,4.26,30.46,30.08,0.6532,0.6183,0.4293,0.1025,0.57,1.37,1.0628
2015-03-31,214764754,214764754,1,17493800000,3114500000,9737500000,3081300000,7332500000,423800000,0,1708800000,4511500000,2414500000,290000000,290000000,1.35,1.33,0.81,480600000,-376600000,-144700000,-43100000,195700000,371100000,147.63,158.2,137.07,0.1389,0.058,34.14,4.3,31.01,29.27,0.6465,0.6153,0.4191,0.1004,0.58,0.51,1.0108
2014-12-31,214274045,214274045,1,17635400000,3137200000,9843400000,3001900000,7351500000,440500000,0,1785900000,4751300000,2560800000,324600000,324600000,1.52,1.5,0.77,486600000,-463200000,-111900000,-97800000,238800000,446500000,133.91,149.61,118.2,0.1378,0.0572,34.31,3.88,29.05,28.46,0.6403,0.6463,0.4169,0.0982,0.58,0.19,1.0451
2014-09-30,213710798,213710798,1,17779100000,3294800000,9970500000,2963000000,7365800000,442800000,0,1853100000,6118500000,2677000000,104000000,104000000,0.49,0.48,0.77,602400000,-407900000,-178700000,-1000000,336600000,419300000,132.13,137.45,126.82,0.1336,0.0551,34.47,3.66,27.76,27.69,0.6477,0.8307,0.4143,0.095,0.58,0.86,1.112
2014-06-30,213015723,213015723,1,18316200000,3339800000,10118600000,3156100000,7696700000,500900000,0,2278100000,4951000000,2634600000,314000000,314000000,1.47,1.46,0.77,559300000,-438700000,-145000000,-19300000,337600000,462700000,122.88,131.48,114.28,0.1396,0.0569,36.13,3.54,26.37,26.92,0.6126,0.6433,0.4202,0.099,0.57,0.45,1.0582
2014-03-31,212275495,212275495,1,17963000000,3299900000,10091600000,3110300000,7370900000,500500000,0,2288100000,4993200000,2581900000,283500000,283500000,1.33,1.32,0.77,478500000,-405800000,-99500000,-30700000,356900000,411100000,113.56,124.4,102.73,0.1416,0.0561,34.72,3.31,24.06,26.15,0.6131,0.6774,0.4103,0.0974,0.58,0.32,1.061
2013-12-31,211672884,211672884,1,17915200000,3330100000,10133800000,3145200000,7264000000,517400000,0,2343400000,5020800000,2545500000,290200000,290200000,1.37,1.35,0.71,546900000,-375800000,-238200000,-62800000,387600000,391100000,108.11,113.99,102.23,0.1479,0.0571,34.32,3.24,23.1,25.38,0.5934,0.6912,0.4055,0.099,0.58,0.74,1.0588
2013-09-30,211275654,211275654,1,17850100000,3439100000,10275400000,3227600000,7042100000,532600000,0,2371100000,6273600000,2586500000,137100000,137100000,0.64,0.63,0.71,502900000,-478800000,-9700000,31600000,450400000,408800000,102.44,114.75,90.12,0.1515,0.0568,33.33,3.28,21.84,24.67,0.583,0.8909,0.3945,0.0977,0.58,0.45,1.0655
2013-06-30,209645754,209645754,1,17491300000,3480700000,10428100000,3357700000,6540800000,522400000,0,2332000000,4648200000,2547300000,288400000,288400000,1.38,1.36,0.71,456500000,-516300000,82400000,17200000,418800000,408100000,90.58,97.12,84.04,0.1551,0.0577,31.2,2.96,16.2,23.96,0.5683,0.7106,0.3739,0.0986,0.58,0.23,1.0366
2013-03-31,208330698,208330698,1,17221200000,3379200000,10305100000,3221600000,6365500000,550600000,0,2330000000,4644700000,2484200000,290400000,290400000,1.39,1.38,0.71,324400000,-346500000,-114400000,-144000000,401600000,350300000,87.25,90.34,84.15,0.1858,0.0718,30.55,2.88,15.61,23.25,0.4636,0.7297,0.3696,0.1205,0.6,-0.12,1.0489
2012-12-31,207624669,207624669,1,17393100000,3563100000,10551200000,2966900000,6299300000,542600000,0,2365500000,5107300000,2562400000,278300000,278300000,1.33,1.31,0.64,283600000,-356600000,157100000,91200000,545600000,357000000,81.55,86.31,76.78,0.1875,0.0746,30.34,2.68,14.99,22.54,0.4509,0.8108,0.3622,0.1228,0.61,-0.35,1.201
2012-09-30,212850078,212850078,1,16941800000,3415800000,9926000000,2689900000,6477200000,538600000,0,2360000000,5291900000,2504200000,138700000,138700000,0.66,0.64,0.64,522000000,-994900000,559200000,93200000,454400000,354500000,81.52,85.83,77.21,0.1856,0.0763,30.43,2.65,12.92,21.9,0.4533,0.817,0.3823,0.1214,0.63,0.79,1.2699
2012-06-30,211706435,211706435,1,14880900000,3033100000,8233500000,2135400000,6513600000,133800000,0,1284700000,3795500000,2340100000,484500000,484500000,2.29,2.26,0.64,525500000,96400000,-564500000,28200000,361200000,431600000,84.45,92.79,76.11,0.2211,0.0925,30.77,2.85,15.22,21.26,0.3805,0.5827,0.4377,0.1393,0.66,0.44,1.4204
2012-03-31,211431991,211431991,1,14955800000,3342900000,8548400000,2539400000,6262700000,144700000,0,1107800000,3879800000,2344300000,296000000,296000000,1.4,1.38,0.64,320500000,-414300000,15200000,-74300000,333000000,385200000,89.04,92.48,85.6,0.1976,0.0823,29.62,3.17,16.01,20.62,0.4209,0.6195,0.4187,0.1201,0.69,-0.31,1.3164
2011-12-31,210605272,210605272,1,14391300000,3176200000,8334200000,2337200000,5909000000,148100000,0,1127300000,3884200000,2423100000,248100000,248100000,1.18,1.16,0.58,430700000,-357000000,-88300000,-15200000,407300000,349700000,81.23,90.2,72.26,0.2026,0.0845,28.06,2.95,14.43,19.98,0.4077,0.6573,0.4106,0.119,0.71,0.38,1.359
2011-09-30,210464383,210464383,1,14290700000,3189800000,8352000000,2342000000,5795800000,142900000,0,1153100000,4562200000,2611200000,324800000,324800000,1.54,1.51,0.58,624500000,-361000000,-252100000,-7600000,422500000,386400000,86.29,98,74.58,0.2069,0.0874,27.54,2.95,16.07,19.4,0.3871,0.7872,0.4056,0.1214,0.72,1.13,1.362
2011-06-30,213132964,213132964,1,14451500000,3276500000,8054500000,2103800000,6232200000,164800000,0,1264100000,4054300000,2577800000,326500000,326500000,1.54,1.5,0.58,502000000,-370700000,23500000,159800000,430100000,352600000,92.59,96,89.18,0.2001,0.0848,29.24,3.37,18.37,18.82,0.3899,0.6505,0.4312,0.1193,0.71,0.7,1.5574
2011-03-31,211896649,211896649,1,13820700000,2976500000,7821500000,2211300000,5825200000,174000000,0,1234300000,3711800000,2501300000,304300000,304300000,1.42,1.39,0.58,290100000,-203700000,-65300000,23100000,270300000,305800000,89.11,95,83.22,0.196,0.0817,27.49,3.3,18.53,18.24,0.3982,0.6372,0.4215,0.1156,0.71,-0.07,1.346
2010-12-31,214919795,214919795,1,13459700000,2870200000,7482500000,1937100000,5810000000,167200000,0,1189300000,3617400000,2391700000,268600000,268600000,1.25,1.23,0.49,336600000,-276800000,-190600000,-127100000,247200000,306900000,86.15,91.39,80.9,0.1914,0.0788,27.03,3.33,18.18,17.66,0.4001,0.6226,0.4317,0.1131,0.7,0.14,1.4817
2010-09-30,214275258,214275258,1,13505900000,3033800000,7808300000,2244100000,5546900000,150700000,0,1200300000,4128300000,2351200000,272100000,272100000,1.28,1.25,0.49,489200000,-248600000,-279700000,-31000000,374300000,273700000,74.28,84.43,64.13,0.1953,0.0783,25.89,3.02,16.04,17.17,0.3971,0.7443,0.4107,0.114,0.69,1.01,1.3519
2010-06-30,212536365,212536365,1,12999400000,2945400000,7627500000,2312800000,5231400000,140500000,0,1106400000,3366400000,2252300000,253200000,253200000,1.19,1.17,0.49,490500000,-229200000,-80900000,174400000,405300000,240300000,72.35,80.24,64.47,0.197,0.0769,24.61,2.92,18.13,16.68,0.3986,0.6435,0.4024,0.1137,0.68,1.18,1.2735
2010-03-31,212352847,212352847,1,13152600000,2822000000,7734300000,2345700000,5265600000,152700000,0,1207600000,3468500000,2249000000,252000000,252000000,1.19,1.16,0.49,348800000,-303300000,-135400000,-92100000,230900000,228100000,74.42,83.8,65.05,0.172,0.0671,24.8,3.14,19.58,16.19,0.4522,0.6587,0.4003,0.1009,0.66,0.57,1.2031
2009-12-31,212152350,212152350,1,12914500000,2783200000,7730400000,2144900000,5033900000,150200000,0,1171700000,3705100000,2173500000,251800000,251800000,1.19,1.16,0.45,193900000,-275400000,-83700000,-165200000,323000000,288800000,79.6,85.44,73.76,0.168,0.0651,23.73,3.52,26.89,15.7,0.4662,0.736,0.3898,0.0989,0.66,-0.45,1.2976
2009-09-30,211705911,211705911,1,13029100000,2997800000,8099100000,2503600000,4791900000,138100000,0,1178600000,3715600000,2129300000,243900000,243900000,1.16,1.14,0.45,465700000,-261500000,211200000,417900000,488200000,279800000,70.56,80.6,60.52,0.1323,0.0511,22.63,3.01,23.29,15.25,0.5963,0.7754,0.3678,0.0765,0.67,0.88,1.1974
2009-06-30,210081686,210081686,1,12243500000,2571100000,7180600000,1792800000,4928300000,134600000,0,1124100000,3755800000,1976200000,113200000,113200000,0.54,0.53,0.45,403500000,-228000000,-187700000,-9400000,70300000,283500000,62.33,69.93,54.73,0.1343,0.053,23.46,2.82,22.1,14.8,0.5754,0.7621,0.4025,0.075,0.71,0.57,1.4341
2009-03-31,209828783,209828783,1,11878900000,2596400000,7114100000,1996300000,4638100000,126700000,0,1026200000,3456600000,1955400000,205600000,205600000,0.98,0.97,0.45,254500000,-245600000,-44900000,-38800000,79700000,324100000,51.82,60.2,43.44,0.1214,0.0487,22.1,2.3,15.8,14.35,0.6141,0.7453,0.3904,0.0639,0.76,-0.33,1.3006
2008-12-31,209653292,209653292,1,12253600000,2833400000,7389600000,2221900000,4726100000,137900000,0,1109900000,3595200000,2195300000,68600000,68600000,0.33,0.32,0.44,199200000,-305300000,122900000,15000000,118500000,291700000,54.98,68.51,41.46,0.1371,0.0559,22.54,2.29,13.25,13.9,0.5183,0.7607,0.3857,0.0705,0.79,-0.44,1.2752
2008-09-30,209566838,209566838,1,12571300000,2848100000,7404400000,2212000000,5030700000,136200000,0,1217700000,3515400000,2527600000,261600000,261600000,1.25,1.21,0.44,550100000,-409100000,-160300000,-22700000,103500000,282600000,82.59,100.14,65.05,0.1675,0.0701,24.01,3.14,19.43,13.46,0.3953,0.6988,0.4002,0.0873,0.8,1.28,1.2876
2008-06-30,211838019,211838019,1,13075900000,3121600000,7391700000,2128500000,5568700000,115500000,0,1294900000,3647200000,2808000000,70100000,70100000,0.33,0.32,0.44,498400000,-178700000,-334000000,-12600000,126200000,273000000,99.13,106.06,92.2,0.1696,0.0724,26.29,3.78,19.03,13.02,0.3712,0.6549,0.4259,0.0903,0.8,1.06,1.4666
2008-03-31,210663178,210663178,1,13228400000,2991500000,7586700000,2453700000,5524300000,117400000,0,1586600000,3646400000,2605300000,314300000,314300000,1.48,1.43,0.44,264400000,2300000,-226100000,42300000,138800000,258300000,89.77,98.8,80.73,0.2094,0.0898,26.22,3.44,18.7,12.58,0.2926,0.6601,0.4176,0.1132,0.79,0.03,1.2192
2007-12-31,214448095,214448095,1,13014300000,2863800000,7227800000,2224600000,5603000000,183500000,0,1519000000,3415600000,2473600000,263700000,263700000,1.23,1.19,0.38,366700000,-334300000,21900000,56000000,96500000,271200000,98.53,105.02,92.05,0.1959,0.0853,26.13,3.86,21.23,12.14,0.3066,0.6096,0.4305,0.1061,0.8,0.45,1.2873
2007-09-30,215386799,215386799,1,12659500000,2858400000,6986600000,2422700000,5495600000,177300000,0,1505800000,2976500000,2537000000,292800000,292800000,1.36,1.31,0.38,690900000,-267400000,-418200000,10600000,42300000,311200000,87.89,98.51,77.26,0.1941,0.0852,25.52,3.48,22.54,11.76,0.3089,0.5416,0.4341,0.1032,0.83,1.76,1.1798
2007-06-30,216098027,216098027,1,12568800000,3014900000,6936500000,2723500000,5456300000,176000000,0,1424400000,2749300000,2595000000,284900000,284900000,1.32,1.28,0.38,425100000,-730500000,299800000,-5600000,31700000,249000000,78.02,82.74,73.3,0.1678,0.0739,25.25,3.2,22.04,11.38,0.3579,0.5039,0.4341,0.0906,0.82,0.81,1.107
2007-03-31,216611366,216611366,1,11878000000,2908700000,6423100000,2262300000,5276500000,178400000,0,1121100000,2704500000,2473300000,227600000,227600000,1.05,1.02,0.38,219000000,-272300000,23400000,-27200000,37300000,256500000,73.6,78.63,68.58,0.1565,0.0695,24.36,3.12,21.58,11,0.3823,0.5126,0.4442,0.0853,0.81,-0.17,1.2857
2006-12-31,216448000,216448000,1,11500000000,2650100000,6199700000,2406000000,5111500000,188800000,0,1121700000,2336000000,2432500000,230300000,230300000,1.06,1.03,0.34,162400000,-212800000,80100000,29300000,64500000,238300000,69.32,72.45,66.19,0.1542,0.0687,23.62,3.05,21.8,10.62,0.3861,0.457,0.4445,0.0842,0.82,-0.35,1.1015
2006-09-30,216936873,216936873,1,11180700000,2612600000,6078700000,2323400000,4924000000,178000000,0,1102100000,2280200000,2115000000,128400000,128400000,0.59,0.57,0.34,447000000,-500000,-471300000,-25300000,35200000,213100000,64.7,68.48,60.92,0.1473,0.0656,22.7,2.83,19.03,10.28,0.4094,0.4631,0.4404,0.0817,0.8,1.08,1.1245
2006-06-30,220338548,220338548,1,11290800000,2612500000,6073000000,2061200000,5046600000,171200000,0,1146000000,2406700000,2319600000,210300000,210300000,0.94,0.92,0.34,346300000,-226400000,-136000000,-13400000,60500000,238200000,64.36,69.54,59.18,0.1604,0.0714,22.9,2.9,19.5,9.94,0.3791,0.4769,0.447,0.0879,0.81,0.49,1.2675
2006-03-31,224174971,224174971,1,11032500000,2563000000,5833100000,1894000000,4967700000,231700000,0,1100200000,2349200000,2317200000,204000000,204000000,0.92,0.89,0.34,281000000,-434500000,156000000,3200000,73900000,504800000,63.05,68.1,58.01,0.1599,0.0712,22.16,2.98,19.95,9.6,0.3838,0.4729,0.4503,0.0881,0.81,-1,1.3532
2005-12-31,222626485,222626485,1,10624900000,2463000000,5701300000,1729700000,4708800000,214800000,0,1008900000,2272400000,2098600000,180700000,180700000,0.81,0.8,0.32,271900000,-285300000,28700000,14900000,70700000,305200000,57.45,61.89,53,0.1543,0.069,21.15,2.79,18.65,9.26,0.395,0.4826,0.4432,0.0879,0.78,-0.15,1.4239
2005-09-30,222106958,222106958,1,10408800000,2414700000,5652200000,1943200000,4575500000,181100000,0,1018700000,2052900000,2070800000,179000000,179000000,0.8,0.79,0.32,439600000,-272300000,-194300000,-26300000,55800000,250700000,57.45,61.6,53.3,0.1511,0.0677,20.6,2.76,19.02,8.94,0.3954,0.4487,0.4396,0.0874,0.77,0.85,1.2426
2005-06-30,221695571,221695571,1,10309800000,2422500000,5515800000,1810000000,4614900000,179100000,0,999400000,2061300000,2078400000,190600000,190600000,0.84,0.82,0.32,266100000,-244500000,-347200000,-328800000,82100000,251100000,59.8,64.06,55.53,0.1498,0.0672,20.82,2.79,20.55,8.62,0.3942,0.4467,0.4476,0.0871,0.77,0.07,1.3384
2005-03-31,229275839,229275839,1,10707300000,2771200000,5611100000,1845400000,4910100000,186100000,0,1019300000,2115000000,2003300000,175300000,175300000,0.77,0.75,0.32,314800000,-195900000,23400000,138200000,410900000,211600000,60.9,65.81,55.99,0.1468,0.0652,21.42,2.92,21.91,8.3,0.4029,0.4307,0.4586,0.0856,0.76,0.45,1.5017
2004-12-31,227598633,227598633,1,10653400000,2611000000,5728800000,1804900000,4740800000,183800000,0,1022300000,2241400000,1991000000,166800000,166800000,0.74,0.72,0.29,355300000,-260700000,25400000,126400000,272700000,216100000,55.52,59.18,51.85,0.1455,0.063,20.83,2.84,21.03,7.98,0.3914,0.4728,0.445,0.0828,0.76,0.61,1.4466
2004-09-30,227309877,227309877,1,10040400000,2416900000,5427500000,1705600000,4444000000,168900000,0,931900000,2113600000,1977500000,168100000,168100000,0.75,0.73,0.29,389800000,-206700000,-118600000,56800000,146300000,210700000,52.09,55.76,48.42,0.1437,0.0608,19.55,2.79,20.92,7.69,0.3913,0.4756,0.4426,0.0815,0.75,0.79,1.417
2004-06-30,227291877,227291877,1,9930000000,2337800000,5522000000,1664000000,4245600000,162400000,0,906400000,2128100000,1892500000,163000000,163000000,0.73,0.71,0.29,324100000,-188400000,-194400000,-52800000,89500000,167100000,50.34,53.2,47.49,0.1405,0.058,18.68,2.76,26.49,7.4,0.3926,0.5012,0.4276,0.0802,0.72,0.69,1.4049
2004-03-31,227291877,227291877,1,9962500000,2325500000,5635500000,1899600000,4141000000,186000000,0,900900000,2001500000,1856500000,141200000,141200000,0.63,0.62,0.23,166300000,-195400000,76800000,49400000,142300000,175400000,51.05,55.4,46.71,0.1099,0.0452,18.22,2.91,28.52,7.11,0.4852,0.4833,0.4157,0.0632,0.71,-0.04,1.2242
2003-12-31,227275870,227275870,1,9786600000,2214700000,5608300000,1441400000,3982500000,195800000,0,881600000,2373700000,1684900000,131800000,131800000,0.59,0.58,0.23,205700000,-172200000,-20600000,16700000,92900000,152300000,48.59,53.07,44.12,0.106,0.0436,17.52,2.92,27.45,6.88,0.5072,0.596,0.4069,0.0617,0.71,0.23,1.5365
2003-09-30,227265870,227265870,1,9431900000,2067900000,5461300000,1581200000,3782500000,188100000,0,829900000,2168600000,1642300000,131300000,131300000,0.6,0.58,0.23,305500000,-465700000,90700000,-65100000,76200000,172900000,44.64,48.78,40.5,0.1071,0.0443,16.64,2.69,25.08,6.65,0.5034,0.5733,0.401,0.0631,0.7,0.58,1.3078
2003-06-30,227263870,227263870,1,8948900000,2018400000,4998800000,1167400000,3771200000,178900000,0,610200000,2150700000,1629900000,26600000,26600000,0.12,0.12,0.23,290400000,-86800000,-141700000,67900000,141300000,145900000,42.48,44.25,40.72,0.113,0.0469,16.59,2.62,18.55,6.42,0.4763,0.5703,0.4214,0.0678,0.69,0.64,1.729
2003-03-31,227261870,227261870,1,8840800000,1923100000,4981200000,1333900000,3684900000,174700000,0,589100000,2028500000,1578100000,113600000,113600000,0.52,0.51,0.21,176900000,-155800000,-53100000,-31400000,73400000,127200000,40.59,44.2,36.97,0.1472,0.0613,16.21,2.56,17.27,6.19,0.3636,0.5505,0.4168,0.0906,0.68,0.22,1.4417
2002-12-31,227225935,227225935,1,8675900000,1834500000,4881200000,1282200000,3601900000,192800000,0,557000000,2027300000,1447000000,125800000,125800000,0.57,0.56,0.21,263200000,-338300000,-78600000,-148900000,104800000,166900000,43.42,46.5,40.34,0.1549,0.0646,15.85,2.85,18.8,5.98,0.3509,0.5628,0.4152,0.0972,0.66,0.42,1.4307
2002-09-30,227219388,227219388,1,8495000000,1909300000,4850200000,1256200000,3460400000,184400000,0,431100000,2041000000,1398000000,144300000,144300000,0.55,0.59,0.21,339200000,-278300000,8500000,67900000,253700000,167800000,45.83,51.66,40,0.1562,0.0644,15.23,2.95,21.32,5.77,0.3546,0.5898,0.4073,0.0973,0.66,0.75,1.5199
2002-06-30,227219388,227219388,1,8236500000,1781000000,4586300000,1110500000,3523700000,126500000,0,381900000,2007400000,1374000000,141300000,141300000,0.65,0.63,0.21,247600000,-136500000,-33600000,88000000,185800000,138500000,49.09,52.58,45.59,0.1479,0.0601,15.51,3.38,23.16,5.56,0.3801,0.5697,0.4278,0.0904,0.66,0.48,1.6038
2002-03-31,227203388,227203388,1,7870800000,1631300000,4453200000,974300000,3296700000,120900000,0,343100000,1968900000,1312700000,126100000,126100000,0.58,0.57,0.2,203300000,112900000,-281900000,29500000,97800000,143300000,48.41,53.52,43.3,0.151,0.059,14.51,3.47,24.45,5.35,0.3825,0.5972,0.4189,0.088,0.67,0.26,1.6743
2001-12-31,227203388,227203388,1,8038900000,1628600000,4747400000,1247400000,3170600000,120900000,0,380700000,1989500000,1316500000,113700000,113700000,0.53,0.52,0.2,273800000,-191700000,-78000000,2100000,68300000,178000000,42.12,48.09,36.15,0.1457,0.0544,13.95,3.08,20.25,5.15,0.4049,0.6275,0.3944,0.0795,0.68,0.42,1.3056
2001-09-30,227200340,227200340,1,8084100000,1684800000,4860300000,1352400000,3105800000,118000000,0,384700000,2027500000,1353900000,103100000,103100000,0.44,0.43,0.2,395600000,187700000,-634300000,-49900000,66200000,198200000,40.63,49,32.25,0.1562,0.0566,13.67,3.06,15.57,4.95,0.3817,0.6528,0.3842,0.0814,0.7,0.87,1.2458
2001-06-30,227325340,227325340,1,8218800000,1780100000,5081800000,1195900000,3018900000,118100000,0,380000000,2542600000,1415900000,132300000,132300000,0.62,0.6,0.2,308500000,-191800000,-101400000,15500000,116100000,207800000,43.34,48.7,37.98,0.1997,0.0703,13.28,3.42,39.05,4.75,0.3027,0.8422,0.3673,0.0999,0.7,0.44,1.4885
2001-03-31,227942740,227942740,1,8284500000,1904900000,5277300000,1441800000,2889800000,117400000,0,380000000,2515600000,1498300000,94600000,94600000,0.44,0.43,0.19,96000000,-149400000,64400000,15300000,100600000,164300000,39.23,43.45,35,0.091,0.0307,12.68,3.09,43.59,4.55,0.679,0.8705,0.3488,0.0441,0.7,-0.3,1.3212
2000-12-31,229079641,229079641,1,8301300000,1832700000,5274900000,1285400000,2908900000,117500000,0,380000000,2655300000,1454600000,135600000,135600000,0.63,0.62,0.19,283900000,-124200000,-161600000,-8800000,85300000,138000000,36.38,42.25,30.5,0.0741,0.0248,12.7,2.96,71.33,4.36,0.8219,0.9128,0.3504,0.037,0.67,0.64,1.4258
2000-09-30,229305191,229305191,1,8270500000,1805000000,5333700000,1374800000,2821300000,115500000,0,380000000,2615800000,1449100000,218500000,218500000,0.96,0.96,0.19,296700000,170800000,-493800000,-19200000,94100000,181500000,33.69,38.13,29.25,0.0439,0.0146,12.3,2.92,306.27,4.17,1.3662,0.9272,0.3411,0.0227,0.64,0.5,1.3129
2000-06-30,229305191,229305191,1,8566800000,1948500000,5801100000,1684100000,2643700000,122000000,0,326800000,2800200000,1406400000,-192500000,-192500000,-0.9,-0.9,0.19,375700000,-849300000,500500000,20700000,113300000,207600000,33.31,39.06,27.56,0.0099,0.0033,11.53,2.61,22.97,3.98,5.9149,1.0592,0.3086,0.0053,0.62,0.73,1.157
2000-03-31,229305191,229305191,1,8570300000,1894700000,5527500000,1709600000,2923300000,119500000,0,332600000,2506900000,1347200000,47600000,47600000,0.22,0.22,0.18,252800000,-178400000,-66400000,13100000,92600000,184200000,30,37,23,0.1083,0.0378,12.75,2.35,17.34,3.79,0.5235,0.8576,0.3411,0.0616,0.61,0.3,1.1083
1999-12-31,229305191,229305191,1,8514900000,1863100000,5457300000,2195500000,2929300000,128300000,0,339000000,2010300000,1264400000,50600000,50600000,0.24,0.23,0.18,248800000,-370700000,139800000,17900000,79500000,194400000,29.79,33.88,25.69,0.1303,0.046,12.77,2.31,14.25,3.61,0.4345,0.6863,0.344,0.0745,0.62,0.24,0.8486
1999-09-30,229304812,229304812,1,8235500000,1782400000,5146600000,1857800000,2961600000,127300000,0,350400000,1961600000,1274100000,122600000,122600000,0.56,0.56,0.18,298200000,-254400000,-67700000,-18700000,61600000,217100000,35.47,43,27.94,0.1589,0.0567,12.92,2.87,15.69,3.43,0.3563,0.6623,0.3596,0.0894,0.63,0.35,0.9594
1999-06-30,229304812,229304812,1,8012100000,1708700000,5043600000,1449300000,2832300000,136200000,0,346400000,2249700000,1237800000,94600000,94600000,0.45,0.44,0.18,241000000,-296000000,52600000,-5200000,80300000,220900000,41.47,49.13,33.81,0.165,0.0588,12.35,3.42,16.93,3.25,0.3473,0.7943,0.3535,0.0905,0.65,0.09,1.179
1999-03-31,229304812,229304812,1,7793600000,1715400000,4893300000,1340800000,2776000000,124300000,0,343000000,2231700000,1253300000,106900000,106900000,0.51,0.5,0.17,276600000,-275700000,28800000,27700000,85500000,261400000,35.81,41,30.63,0.1841,0.0658,12.11,2.96,14.35,3.07,0.3131,0.8039,0.3562,0.0994,0.66,0.07,1.2794
1998-12-31,229304812,229304812,1,7718900000,1661800000,4829400000,1367100000,2772500000,117000000,0,351700000,2123200000,1274600000,126400000,126400000,0.6,0.59,0.17,273100000,-212500000,-65300000,-3700000,57800000,189500000,35.41,40.94,29.88,0.1922,0.069,12.09,3.04,13.49,2.9,0.2973,0.7658,0.3592,0.103,0.67,0.36,1.2156
1998-09-30,229304441,229304441,1,7489600000,1641700000,4822300000,1265600000,2667300000,0,0,324900000,2274300000,1270400000,127700000,127700000,0.76,0.73,0.17,234600000,-230500000,-54900000,-49300000,61500000,263700000,34.94,40.13,29.75,0.2085,0.0752,11.63,3.08,15.43,2.73,0.2721,0.8527,0.3561,0.1108,0.68,-0.13,1.2972
1998-06-30,231439538,231439538,1,7348300000,1682500000,4721200000,1202600000,2627100000,0,0,299400000,2305000000,1225300000,138100000,138100000,0.64,0.63,0.17,244000000,-258200000,40000000,25800000,110800000,174500000,41.95,45.34,38.56,0.2011,0.0731,11.35,3.78,19.42,2.56,0.2579,0.8774,0.3575,0.1076,0.68,0.3,1.3991
1998-03-31,117111744,234223488,2,7159800000,1610100000,4559100000,1120100000,2600700000,0,0,277200000,2254200000,1208600000,120500000,120500000,1.12,1.09,0.3,218900000,-267000000,48200000,-900000,85000000,177800000,40.86,43.88,37.84,0.193,0.0703,11.1,3.7,19.5,2.39,0.2623,0.8668,0.3632,0.1047,0.67,0.18,1.4375
1997-12-31,117684621,235369242,2,7074500000,1675700000,4479100000,1160300000,2595400000,0,0,258700000,2234700000,1229500000,160500000,160500000,1.47,1.44,0.3,276200000,71400000,-313200000,33400000,85900000,154900000,38.88,41.66,36.09,0.1882,0.0681,11.03,3.47,21.25,2.24,0.2656,0.861,0.3669,0.1029,0.66,0.52,1.4442
1997-09-30,118196876,236393752,2,7244100000,1624300000,4596000000,1124600000,2648100000,0,0,248600000,2291700000,1228300000,107400000,107400000,0.74,None,0.22,320600000,-212800000,-126400000,-18100000,52500000,217000000,42.31,44.81,39.81,0.1652,0.0592,11.2,3.88,23.9,2.09,0.2991,0.8654,0.3656,0.0921,0.64,0.44,1.4443
1997-06-30,119598701,239197402,2,7226100000,1652500000,4616200000,1310100000,2609900000,0,0,253600000,2213400000,1150300000,116000000,116000000,1.05,None,0.3,272500000,-171500000,-142200000,-41200000,70600000,164300000,38,42.81,33.19,0.1612,0.0588,10.91,3.55,22.62,1.98,0.3504,0.8481,0.3612,0.0922,0.64,0.45,1.2614
1997-03-31,119680708,239361416,2,7214400000,1664400000,4656800000,1386300000,2557600000,0,0,265800000,2211600000,1153100000,106000000,106000000,0.96,None,0.275,211100000,-144300000,-114000000,-48900000,111800000,185900000,36.03,38.81,33.25,0.1545,0.0578,10.69,3.35,19.96,1.83,0.3586,0.8647,0.3545,0.0913,0.63,0.11,1.2006
1996-12-31,120026911,240053822,2,7316600000,1720200000,4737800000,1588700000,2578800000,0,0,285800000,2101900000,1130300000,99900000,99900000,0.91,None,0.28,229100000,-574300000,426100000,82000000,160700000,303000000,32.16,35.31,29,0.1659,0.0644,10.74,3.01,18.38,1.69,0.3314,0.8151,0.3525,0.1012,0.64,-0.31,1.0828
1996-09-30,120403539,240807078,2,6522000000,1375000000,3948000000,1263000000,2574000000,0,0,84000000,1739000000,1076000000,94000000,94000000,0.62,None,0.36,232000000,-209000000,-35000000,-12000000,79000000,245000000,27.63,29.38,25.88,0.1638,0.0659,10.69,2.59,15.74,1.55,0.3355,0.6756,0.3947,0.1031,0.64,-0.05,1.0887
1996-06-30,121530768,243061536,2,6472000000,1433000000,3883000000,1139000000,2589000000,0,0,80000000,1850000000,997000000,98000000,98000000,0.87,None,0.27,197000000,-319000000,132000000,9000000,91000000,262000000,28.82,30.44,27.19,0.1661,0.0676,10.65,2.76,16.33,1.37,0.3085,0.7146,0.4,0.1046,0.65,-0.27,1.2581
1996-03-31,122029974,244059948,2,6224000000,1372000000,3671000000,1268000000,2553000000,0,0,80000000,1495000000,1013000000,135000000,135000000,1.21,None,0.26,201000000,-264000000,50000000,-13000000,82000000,260000000,27.09,29,25.19,0.171,0.0701,10.46,2.7,17.42,1.24,0.3041,0.5856,0.4102,0.1055,0.66,-0.24,1.082
1995-12-31,121832100,243664200,2,6034000000,1356000000,3589000000,1333000000,2445000000,0,0,80000000,1314000000,947000000,89000000,89000000,0.8,None,0.26,126000000,-287000000,169000000,8000000,95000000,184000000,27.13,29.38,24.88,0.1563,0.0644,10.03,2.76,17.62,1.11,0.3388,0.5374,0.4052,0.0945,0.68,-0.24,1.0173
1995-09-30,121802283,243604566,2,5816000000,1332000000,3418000000,1311000000,2398000000,0,0,81000000,1194000000,1005700000,92600000,92600000,0.63,None,0.26,162000000,-197000000,500000,-35200000,87000000,191000000,27.78,29.81,25.75,0.1596,0.0665,9.84,2.87,17.64,0.98,0.3342,0.4979,0.4123,0.0946,0.7,-0.12,1.016
1995-06-30,121755530,243511060,2,5720200000,1315900000,3366000000,1157100000,2354200000,0,0,66400000,1326100000,982400000,100100000,100100000,0.89,None,0.26,245700000,-320400000,102500000,28300000,122100000,294600000,26.5,28.19,24.81,0.157,0.0664,9.67,2.83,18.66,0.85,0.3411,0.5633,0.4116,0.093,0.71,-0.2,1.1372
1995-03-31,121851951,243703902,2,5413000000,1258700000,3131800000,1153600000,2281200000,0,0,67500000,1102600000,982900000,88600000,88600000,0.79,None,0.25,174700000,-203000000,14900000,-10100000,93800000,206400000,24.04,26.13,21.94,0.1452,None,9.36,2.67,22.16,0.72,0.375,0.4833,0.4214,0.0866,0.72,-0.13,1.0911
1994-12-31,121636267,243272534,2,5186000000,1213000000,2998800000,1156900000,2187200000,0,0,66300000,997900000,920000000,86700000,86700000,0.77,None,0.24,135600000,-195600000,64100000,4000000,103900000,178000000,22.81,24.06,21.56,0.1137,None,8.99,2.55,20.93,0.59,0.4811,0.4562,0.4218,0.0686,0.72,-0.17,1.0485
1994-09-30,123389852,246779704,2,5036200000,1177700000,2829800000,1076400000,2206400000,0,0,67200000,922500000,925400000,79100000,79100000,0.7,None,0.24,307300000,-244500000,-70800000,-7300000,99900000,227100000,None,None,None,None,None,8.94,None,None,0.47,0.4734,0.4181,0.4381,None,None,0.32,1.0941
1994-06-30,123214293,246428586,2,4886400000,1142300000,2738600000,970800000,2147800000,0,0,67200000,934400000,868400000,65800000,65800000,0.58,None,0.25,190800000,-161000000,-54300000,-20400000,107200000,118900000,None,None,None,None,None,8.72,None,None,0.35,None,0.435,0.4395,None,None,0.29,1.1767
1994-03-31,123115547,246231094,2,4866300000,1210100000,2786000000,950500000,2080300000,0,0,63400000,1035900000,858600000,13500000,13500000,0.12,None,0.23,141200000,-149400000,-39900000,-45300000,127600000,136300000,None,None,None,None,None,8.45,None,None,0.23,None,0.498,0.4275,None,None,0.02,1.2731
1993-12-31,124276011,248552022,2,4751600000,1160000000,2618300000,827700000,2133300000,0,0,63300000,1007900000,831400000,89400000,89400000,0.78,None,0.23,111700000,-120200000,-51200000,-65500000,172900000,128800000,None,None,None,None,None,8.58,None,None,0.115,None,0.4725,0.449,None,None,-0.07,1.4015
