"Quarter end","Shares","Shares split adjusted","Split factor","Assets","Current Assets","Liabilities","Current Liabilities","Shareholders equity","Non-controlling interest","Preferred equity","Goodwill & intangibles","Long-term debt","Revenue","Earnings","Earnings available for common stockholders","EPS basic","EPS diluted","Dividend per share","Cash from operating activities","Cash from investing activities","Cash from financing activities","Cash change during period","Cash at end of period","Capital expenditures","Price","Price high","Price low","ROE","ROA","Book value of equity per share","P/B ratio","P/E ratio","Cumulative dividends per share","Dividend payout ratio","Long-term debt to equity ratio","Equity to assets ratio","Net margin","Asset turnover","Free cash flow per share","Current ratio"
2019-06-30,965432952,965432952,1,38666400000,13454500000,35809100000,11855400000,2780500000,76800000,0,10406700000,13717600000,5636700000,1327200000,1327200000,1.44,1.44,1.29,1051500000,61000000,-885800000,253800000,2290200000,240300000,120.69,131.35,110.02,None,0.1899,2.88,47.33,19.25,39.42,0.3991,4.9335,0.0719,0.3376,0.56,0.84,1.1349
2019-03-31,970830868,970830868,1,38006800000,12597500000,35441800000,11236100000,2480300000,84700000,0,10497400000,13610200000,5092200000,4241600000,4241600000,4.33,4.31,0.645,311300000,-7678700000,1367800000,-5961800000,2036400000,203700000,121.61,132.13,111.1,0.6774,0.1482,2.55,12.81,38.98,38.13,0.3978,5.4873,0.0653,0.2612,0.57,0.11,1.1212
2018-12-31,1035418562,1035418562,1,43908400000,20549600000,32999300000,11888100000,9828700000,1080400000,0,7868500000,11639700000,6438600000,1125000000,1125000000,1.1,1.09,0.64,1448700000,-659000000,-1639700000,-961800000,7998200000,390700000,112,119.84,104.17,0.2639,0.0738,9.49,9.08,260.47,37.49,0.7652,1.1843,0.2238,0.1316,0.56,1.02,1.7286
2018-09-30,1059322255,1059322255,1,44625100000,20685900000,30474200000,10826700000,13076600000,1074300000,0,7977800000,11674700000,6061900000,1149500000,1149500000,1.13,1.12,0.5625,2121800000,-398100000,432700000,2142700000,8960000000,269800000,96.28,107.84,84.71,0.0355,0.0102,12.34,8.95,None,36.85,5.2883,0.8928,0.293,0.0185,0.55,1.75,1.9106
2018-06-30,1073987856,1073987856,1,42359200000,18332700000,30738400000,13055200000,11555200000,65600000,0,8105200000,9170500000,6355200000,-259900000,-259900000,-0.25,-0.25,0.5625,1517500000,3133400000,-831400000,3733000000,6817300000,310000000,81.34,87.27,75.4,-0.0109,-0.0033,10.76,6.08,78.21,36.28,None,0.7936,0.2728,None,0.55,1.12,1.4042
2018-03-31,1085430420,1085430420,1,44355600000,16261500000,29767800000,11547000000,14527000000,60800000,0,8332400000,9393500000,5700000000,1217400000,1217400000,1.16,1.16,0.5625,436500000,-170300000,-3866500000,-3451900000,3084300000,236500000,81.01,88.33,73.69,0.0816,0.0259,13.38,7.66,None,35.72,2.0686,0.6466,0.3275,0.0482,0.54,0.18,1.4083
2017-12-31,1095597580,1095597580,1,44981000000,19202100000,33313100000,14535900000,11592200000,75700000,0,8399300000,9940500000,6160700000,-1656900000,-1656900000,-1.6,-1.6,0.52,1743500000,1652900000,-542300000,2811900000,6536200000,402800000,85.25,89.09,81.42,-0.0149,-0.0049,10.58,6.31,40.4,35.16,None,0.8575,0.2577,None,0.55,1.22,1.321
2017-09-30,1101094711,1101094711,1,43010400000,17428400000,28049800000,12666500000,14890300000,70300000,0,8637200000,9926600000,5658000000,555600000,555600000,0.53,0.53,0.52,1881100000,-1758000000,500700000,654400000,3724300000,242700000,81.25,85.61,76.89,0.156,0.0555,13.52,6.34,35.17,34.64,1.0256,0.6666,0.3462,0.099,0.56,1.49,1.3759
2017-06-30,1100988944,1100988944,1,40946500000,15746500000,26776800000,11294500000,14100800000,68900000,0,8833400000,9867900000,5824300000,1008000000,1008000000,0.96,0.95,0.52,1651100000,-2248900000,1059900000,453000000,3069900000,221600000,81.78,86.72,76.85,0.1696,0.0632,12.81,6.43,39.51,34.12,0.9285,0.6998,0.3444,0.1112,0.57,1.3,1.3942
2017-03-31,1103388743,1103388743,1,37624300000,12976200000,23520600000,10448000000,14031000000,72700000,0,8904700000,7637500000,5228300000,-110800000,-110800000,-0.1,-0.1,0.52,339900000,-1429600000,-875700000,-1965200000,2616900000,169000000,79.84,86.14,73.54,0.1501,0.0581,12.72,6.29,30.95,33.6,1.0346,0.5443,0.3729,0.1013,0.57,0.15,1.242
2016-12-31,1103352450,1103352450,1,38805900000,15101400000,24725400000,10986600000,14007700000,72800000,0,8330600000,8367800000,5760500000,771800000,771800000,0.72,0.73,0.51,2116900000,-1178100000,274800000,1093100000,4582100000,336400000,74.52,83.06,65.97,0.1848,0.0742,12.7,5.28,32.4,33.08,0.8225,0.5974,0.361,0.129,0.58,1.61,1.3745
2016-09-30,1103948230,1103948230,1,37590300000,13385900000,21974500000,8272800000,15589200000,26600000,0,8646200000,8707300000,5191700000,778000000,778000000,0.74,0.73,0.51,1659200000,-794700000,-597600000,251000000,3489000000,227500000,80.13,83.4,76.85,0.1635,0.0677,14.12,6.04,34.54,32.57,0.9173,0.5585,0.4147,0.1173,0.58,1.3,1.6181
2016-06-30,1103843444,1103843444,1,36475300000,12977300000,21819100000,8401000000,14637300000,18900000,0,8832800000,8685500000,5404800000,747700000,747700000,0.71,0.71,0.51,1401800000,-1020900000,579400000,930400000,3238000000,245400000,75.66,78.75,72.57,0.1659,0.069,13.26,5.56,34.87,32.06,0.9056,0.5934,0.4013,0.1197,0.58,1.05,1.5447
2016-03-31,1103837002,1103837002,1,34691800000,11714600000,19662400000,7340900000,15009900000,19500000,0,8934900000,7477600000,4865100000,440100000,440100000,0.42,0.41,0.51,-326900000,-145400000,-816400000,-1358800000,2307600000,154300000,76.59,84.11,69.06,0.156,0.065,13.6,5.82,33.89,31.55,0.9592,0.4982,0.4327,0.1149,0.57,-0.44,1.5958
2015-12-31,1106093485,1106093485,1,35568900000,12573600000,20978600000,8229600000,14571300000,19000000,0,9074700000,7972400000,5375600000,478400000,478400000,0.45,0.45,0.5,804300000,253700000,-679600000,427600000,3666400000,287600000,82.25,87.52,76.98,0.1622,0.0671,13.17,5.99,37.22,31.04,0.9202,0.5471,0.4097,0.1207,0.56,0.47,1.5279
2015-09-30,1108076549,1108076549,1,36304700000,12567000000,21063800000,8303300000,15221400000,19500000,0,8670800000,8069600000,4959700000,799700000,799700000,0.75,0.75,0.5,1104700000,-570100000,-595200000,-76700000,3238800000,273500000,84.12,89.98,78.26,0.1568,0.065,13.74,6.36,43.59,30.54,0.936,0.5301,0.4193,0.1197,0.54,0.75,1.5135
2015-06-30,1108540541,1108540541,1,36036600000,12346000000,21331200000,8232000000,14670300000,35100000,0,8867600000,7988600000,4978700000,600800000,600800000,0.57,0.56,0.5,948600000,182400000,-943200000,250700000,3315500000,223900000,78.74,86.59,70.89,0.1315,0.0574,13.23,5.86,38.41,30.04,1.0679,0.5445,0.4071,0.105,0.55,0.65,1.4998
2015-03-31,1109741140,1109741140,1,35653900000,11742700000,20707400000,8342900000,14919800000,26700000,0,8894600000,7415300000,4644700000,529500000,529500000,0.5,0.5,0.5,-84800000,160800000,-701200000,-806800000,3064800000,-221400000,72.38,76.36,68.41,0.133,0.0615,13.44,5.23,32.46,29.54,1.0001,0.497,0.4185,0.112,0.55,0.12,1.4075
2014-12-31,1111103942,1111103942,1,37178200000,12179800000,21790100000,11207500000,15373200000,14900000,0,4642300000,5367700000,5121300000,428500000,428500000,0.4,0.4,0.49,1349600000,-2178900000,1628400000,705800000,3871600000,393600000,67.36,72.83,61.9,0.1379,0.0675,13.84,4.24,28.66,29.04,0.9145,0.3492,0.4135,0.1219,0.55,0.86,1.0868
2014-09-30,1113429817,1113429817,1,34648800000,12110500000,16966300000,7574600000,17669300000,13200000,0,4750800000,5292600000,4875600000,500600000,500600000,0.47,0.47,0.49,1691300000,-1649700000,-405900000,-599900000,3165800000,533800000,63.47,66.59,60.35,0.1502,0.077,15.87,3.94,21.23,28.55,0.8144,0.2995,0.51,0.1325,0.58,1.04,1.5988
2014-06-30,1117308330,1117308330,1,35018400000,13156700000,17023600000,7417400000,17983700000,11100000,0,4670100000,5301000000,4935600000,733500000,733500000,0.68,0.68,0.49,1053900000,-468900000,-702500000,-122300000,3765700000,301200000,60.66,63.1,58.21,0.1915,0.0976,16.1,3.7,17.74,28.06,0.6476,0.2948,0.5136,0.16,0.61,0.67,1.7738
2014-03-31,1119451042,1119451042,1,34756900000,13039300000,16408200000,6631700000,18338100000,10600000,0,4203100000,5255300000,4683100000,727900000,727900000,0.68,0.68,0.49,272300000,388400000,-595100000,57800000,3888000000,227000000,55.29,59.85,50.73,0.2271,0.1127,16.38,3.51,13.29,27.57,0.5696,0.2866,0.5276,0.1741,0.65,0.04,1.9662
2013-12-31,1119713084,1119713084,1,35248700000,13104700000,17608000000,8916600000,17631400000,9300000,0,4331100000,4200300000,5808800000,727500000,727500000,0.5,0.52,0.49,1726800000,-1232400000,-1036400000,-538700000,3830200000,308700000,49.5,51.34,47.65,0.2897,0.1391,15.75,3.3,11.67,27.08,0.4706,0.2382,0.5002,0.2027,0.69,1.27,1.4697
2013-09-30,1126649615,1126649615,1,33965600000,13202200000,17069500000,8076100000,16887100000,9000000,0,4455100000,4263800000,5772600000,1203100000,1203100000,1.11,1.11,0.49,1991600000,-943800000,-529000000,582400000,4368900000,253800000,52.44,54.96,49.92,0.3095,0.1429,14.99,3.88,12.17,26.59,0.4623,0.2525,0.4972,0.2057,0.69,1.54,1.6347
2013-06-30,1126637846,1126637846,1,33226000000,12639300000,17989600000,8408500000,15227400000,9000000,0,4508500000,4290800000,5929700000,1206200000,1206200000,1.12,1.11,0.49,1637200000,-1251700000,-533800000,-150100000,3786500000,136400000,53.7,58.33,49.06,0.3218,0.1462,13.52,4.05,13.33,26.1,0.4541,0.2818,0.4583,0.214,0.68,1.33,1.5032
2013-03-31,1126561464,1126561464,1,32300100000,12326100000,17344500000,7593600000,14948600000,7000000,0,4618600000,4431600000,5602000000,1548000000,1548000000,1.42,1.42,0.49,379400000,1355100000,-1730100000,-82200000,3936600000,157900000,53.15,56.79,49.51,0.3079,0.1393,13.27,4.08,15.1,25.61,0.4854,0.2965,0.4628,0.2046,0.68,0.2,1.6232
2012-12-31,1134411762,1134411762,1,34398900000,13038700000,19625000000,8389500000,14765200000,8700000,0,4752700000,5519400000,5957400000,827300000,827300000,0.61,0.6,0.49,1602000000,-1662500000,-1265200000,-1300400000,4018800000,428000000,49.86,53.81,45.91,0.2727,0.1232,13.02,3.6,14.08,25.12,0.5532,0.3738,0.4292,0.1809,0.68,1.03,1.5542
2012-09-30,1160452507,1160452507,1,34321000000,14038900000,18264100000,6960700000,16064500000,-7600000,0,5031100000,5510900000,5443300000,1326600000,1326600000,1.18,1.18,0.49,1544300000,-132700000,-544700000,973400000,5319200000,284000000,44.81,47.64,41.98,0.2805,0.1248,13.84,3.63,12.91,24.63,0.5521,0.343,0.4681,0.1815,0.69,1.09,2.0169
2012-06-30,1160425459,1160425459,1,31812600000,12307300000,17504700000,6609700000,14310400000,-2500000,0,5142800000,5500200000,5600700000,923600000,923600000,0.83,0.83,0.49,1306000000,-385300000,-552700000,223600000,4345800000,179500000,41.05,42.91,39.18,0.2791,0.1233,12.33,3.21,11.06,24.14,0.5642,0.3843,0.4498,0.1722,0.72,0.97,1.862
2012-03-31,1160415307,1160415307,1,32238200000,12602600000,17415600000,6553700000,14834100000,-11500000,0,5266700000,5403200000,5602000000,1011100000,1011100000,0.91,0.91,0.49,852500000,-652300000,-2057000000,-1800300000,4122200000,130700000,40.14,41.8,38.49,0.2982,0.1307,12.78,3.44,10.7,23.65,0.528,0.3642,0.4601,0.1789,0.73,0.62,1.923
2011-12-31,1160406840,1160406840,1,33659800000,14248200000,20124200000,8930900000,13541700000,-6100000,0,5128100000,5464700000,6046600000,858200000,858200000,0.62,0.62,0.49,1944700000,-1876800000,-650900000,-675200000,5922500000,257800000,38.66,41.75,35.58,0.3061,0.1326,11.67,2.97,9.69,23.16,0.5222,0.4035,0.4023,0.179,0.74,1.45,1.5954
2011-09-30,1157762135,1157762135,1,33042200000,14572700000,17984300000,8219300000,15060600000,-2700000,0,5221900000,5451300000,6147900000,1236300000,1236300000,1.11,1.11,0.49,2073400000,-1008300000,-440900000,484200000,6597700000,348600000,36.91,39.32,34.49,0.3346,0.145,13.01,2.99,9.09,22.67,0.487,0.362,0.4558,0.1907,0.76,1.49,1.773
2011-06-30,1157688685,1157688685,1,32779300000,14950300000,18502300000,8620500000,14276800000,200000,0,4955400000,5200100000,6252800000,1197300000,1197300000,1.07,1.07,0.49,2040300000,-1898600000,-564300000,-392900000,6113500000,542200000,37.07,39.15,34.99,0.3563,0.1508,12.33,3.08,8.81,22.18,0.4797,0.3642,0.4355,0.1974,0.76,1.29,1.7343
2011-03-31,1157666449,1157666449,1,31695300000,15354300000,17761100000,7651800000,13938100000,-3900000,0,4731300000,5132400000,5839200000,1055900000,1055900000,0.95,0.95,0.49,1176100000,-40700000,-713800000,513200000,6506400000,131000000,34.73,35.84,33.63,0.398,0.1621,12.04,3.24,7.91,21.69,0.4643,0.3682,0.4398,0.2082,0.78,0.9,2.0066
2010-12-31,1157664779,1157664779,1,31001400000,14840000000,18588600000,7101400000,12420300000,-7500000,0,4818800000,6770500000,6187000000,1169600000,1169600000,0.86,0.86,0.49,2228100000,-1564500000,-549600000,84400000,5993200000,249700000,35.86,38.06,33.66,0.4453,0.1751,10.73,3.33,8.22,21.2,0.4463,0.5451,0.4006,0.2197,0.8,1.71,2.0897
2010-09-30,1153143311,1153143311,1,29904300000,14184300000,17498800000,6097400000,12413100000,-7600000,0,4308500000,6982000000,5654800000,1302900000,1302900000,1.18,1.18,0.49,1759100000,-788500000,-393800000,745300000,5908800000,133100000,35.45,37.77,33.12,0.4517,0.1715,10.76,3.99,8.77,20.71,0.4694,0.5625,0.4151,0.211,0.81,1.41,2.3263
2010-06-30,1153140311,1153140311,1,27723100000,12466400000,17487800000,6324600000,10241500000,-6200000,0,4036000000,6862200000,5748700000,1348900000,1348900000,1.22,1.22,0.49,1911600000,-754200000,-531500000,438300000,5163500000,604200000,34.59,36.92,32.25,0.444,0.1627,8.88,3.81,8.94,20.22,0.507,0.67,0.3694,0.196,0.83,1.13,1.9711
2010-03-31,1153140541,1153140541,1,27197800000,12252400000,16735500000,5657600000,10459600000,2700000,0,4031600000,6661300000,5485500000,1248100000,1248100000,1.13,1.13,0.49,958000000,-52600000,-547000000,262300000,4725200000,125100000,35.68,37.41,33.95,0.4436,0.1569,9.07,4.32,9.06,19.73,0.5291,0.6369,0.3846,0.1914,0.82,0.72,2.1657
2009-12-31,1153145432,1153145432,1,27460900000,12486500000,17935600000,6568100000,9523700000,1600000,0,3699800000,6634700000,5934200000,915400000,915400000,0.83,0.83,0.49,2018600000,-254300000,-1128500000,614700000,4462900000,239100000,34.99,37.51,32.47,0.4848,0.1602,8.26,4.06,None,19.24,0.5207,0.6967,0.3468,0.1982,0.81,1.54,1.9011
2009-09-30,1149022405,1149022405,1,27127900000,11810000000,17222900000,6067500000,9904600000,400000,0,3738900000,6769700000,5562000000,941800000,941800000,0.86,0.86,0.49,1305700000,67700000,-913200000,525900000,3848200000,174300000,33.77,35.15,32.4,-0.0262,-0.0079,8.62,4.53,None,18.75,None,0.6835,0.3651,None,0.77,0.98,1.9464
2009-06-30,1149021510,1149021510,1,26931500000,10935300000,18371500000,6989300000,8563100000,-3100000,0,3790300000,6688000000,5292800000,1158500000,1158500000,1.05,1.05,0.49,923300000,102100000,-1111600000,9200000,3322300000,176900000,33.91,35.95,31.88,-0.1766,-0.0588,7.45,5.05,None,18.26,None,0.781,0.318,None,0.75,0.65,1.5646
2009-03-31,1149015506,1149015506,1,26596800000,10260400000,18868200000,7357700000,7724800000,3800000,0,3857900000,6870800000,5047000000,1313100000,1313100000,1.2,1.2,0.49,87900000,227300000,-2380400000,-2183600000,3313100000,157000000,34.02,40.57,27.47,-0.1698,-0.0655,6.72,5.81,None,17.77,None,0.8894,0.2904,None,0.74,-0.06,1.3945
2008-12-31,1149015882,1149015882,1,29212600000,12453300000,22477300000,13109700000,6735300000,0,0,4054100000,4615700000,5210500000,-3629400000,-3629400000,-3.3,-3.3,0.47,2380500000,-5466300000,4297200000,1143100000,5496700000,250000000,36.8,43.69,29.91,-0.1659,-0.074,5.86,3.04,16.73,17.28,None,0.6853,0.2306,None,0.73,1.85,0.9499
2008-09-30,1136953333,1136953333,1,27707100000,12945800000,13965500000,6509800000,13741600000,0,0,2298800000,4185600000,5209500000,-465600000,-465600000,-0.43,-0.43,0.47,2131600000,71600000,-565800000,1485300000,4353600000,220900000,46.59,49.25,43.92,0.1701,0.088,12.09,3.59,13.39,16.81,0.8674,0.3046,0.496,0.1185,0.74,1.68,1.9887
2008-06-30,1136950160,1136950160,1,27752000000,12677100000,13014000000,5258800000,14738000000,0,0,2337400000,4545800000,5150400000,958800000,958800000,0.88,0.88,0.47,1080900000,-840100000,-523500000,-277100000,2868300000,266400000,49.34,53.06,45.61,0.272,0.1423,12.96,3.8,15.37,16.34,0.5362,0.3084,0.5311,0.1927,0.74,0.72,2.4106
2008-03-31,1136974738,1136974738,1,27307200000,12553400000,12557500000,4332800000,14749700000,0,0,2378500000,4648300000,4807600000,1064300000,1064300000,0.97,0.97,0.47,1702600000,-1034000000,-861900000,-75100000,3145400000,184200000,52.5,57.18,47.81,0.266,0.136,12.97,4.42,19.37,15.87,0.5664,0.3151,0.5401,0.1826,0.74,1.34,2.8973
2007-12-31,1136985018,1136985018,1,26874800000,12316100000,13370900000,5436800000,13503900000,0,0,2455400000,4593500000,5189600000,854400000,854400000,0.78,0.78,0.43,2229700000,-1064100000,-490700000,725000000,3220500000,334400000,54.28,59.47,49.09,0.2384,0.1186,11.88,4.76,26.48,15.4,0.6553,0.3402,0.5025,0.1585,0.75,1.67,2.2653
2007-09-30,1134312781,1134312781,1,24973500000,10453700000,12026600000,4071600000,12946900000,0,0,2453600000,4532200000,4586800000,926300000,926300000,0.85,0.85,0.425,1444500000,-655700000,-573200000,275000000,2495500000,230100000,56.27,58.44,54.09,0.1898,0.0942,11.41,5.52,28.14,14.97,0.8516,0.3501,0.5184,0.1261,0.75,1.07,2.5675
2007-06-30,1134282921,1134282921,1,24055600000,9561300000,12495600000,4545200000,11560000000,0,0,2494300000,4574000000,4631000000,663600000,663600000,0.61,0.61,0.425,588500000,-153000000,-724600000,-270900000,2220500000,246200000,57.48,60.56,54.39,0.1849,0.093,10.19,5.65,26.73,14.54,0.8586,0.3957,0.4806,0.1284,0.72,0.3,2.1036
2007-03-31,1134043183,1134043183,1,23733300000,9246000000,12199400000,4152300000,11533900000,0,0,2415300000,4624200000,4226100000,508700000,508700000,0.47,0.47,0.425,891800000,-2455300000,943600000,-617900000,2491400000,239400000,53.31,54.99,51.63,0.1968,0.0994,10.17,5.51,21.76,14.12,0.7876,0.4009,0.486,0.1442,0.69,0.58,2.2267
2006-12-31,1134034234,1134034234,1,21955400000,9694400000,10974700000,5085500000,10980700000,0,0,0,3494400000,4245300000,132300000,132300000,0.12,0.12,0.4,1857700000,655000000,-1604900000,939400000,3109300000,344800000,54.8,58.25,51.35,0.2235,0.1128,9.68,4.75,18.51,13.69,0.6799,0.3182,0.5001,0.1697,0.66,1.33,1.9063
2006-09-30,1131588452,1131588452,1,23913400000,9771200000,10858700000,3882800000,13054700000,0,0,0,4553300000,3864100000,873600000,873600000,0.8,0.8,0.4,1176000000,211700000,-1906100000,-499800000,2169900000,275700000,55.79,57.32,54.26,0.2723,0.1331,11.54,5.29,19.3,13.29,0.5528,0.3488,0.5459,0.2108,0.63,0.8,2.5165
2006-06-30,1130398796,1130398796,1,24435600000,10588600000,12507100000,4645300000,11928500000,0,0,0,5578000000,3866900000,822000000,822000000,0.76,0.76,0.4,687700000,-86600000,-427500000,211400000,2669700000,231400000,52.84,55.27,50.41,0.2753,0.1287,10.55,5.11,27.81,12.89,0.5602,0.4676,0.4882,0.2093,0.61,0.4,2.2794
2006-03-31,1130130744,1130130744,1,24146900000,10360600000,12452700000,4526200000,11694200000,0,0,0,5612500000,3714700000,834800000,834800000,0.77,0.77,0.4,254500000,-171700000,-640300000,-548400000,2458300000,160700000,56.92,58.86,54.98,0.1883,0.0857,10.35,5.96,31.45,12.49,0.8395,0.4799,0.4843,0.1398,0.61,0.08,2.289
2005-12-31,1129982580,1129982580,1,24580800000,10795800000,13788900000,5716300000,10791900000,0,0,0,5763500000,3879100000,700600000,700600000,0.64,0.63,0.38,814300000,-2009200000,-752600000,-1963000000,3006700000,408500000,53.78,57.81,49.76,0.1798,0.0824,9.55,5.37,45.58,12.09,0.8702,0.5341,0.439,0.1352,0.61,0.36,1.8886
2005-09-30,1136628193,1136628193,1,24803400000,11946900000,13420100000,5091500000,11383300000,0,0,0,5881100000,3601100000,794400000,794400000,0.73,0.73,0.38,-379600000,-832200000,1536400000,327300000,4969700000,258600000,54.89,57.26,52.52,0.1156,0.053,10.01,6.06,48.15,11.71,1.3237,0.5166,0.4589,0.0886,0.6,-0.56,2.3464
2005-06-30,1133814071,1133814071,1,23419600000,10953800000,13151000000,6462400000,10268600000,0,0,0,4445500000,3667700000,-252000000,-252000000,-0.23,-0.23,0.38,674100000,-1198000000,-379200000,-965300000,4642400000,377700000,55.81,60.44,51.19,0.1122,0.0517,9.06,5.45,28.33,11.33,1.3412,0.4329,0.4385,0.0878,0.59,0.26,1.695
2005-03-31,1133093133,1133093133,1,23239700000,11257300000,11641900000,5381700000,11597800000,0,0,0,4357000000,3497400000,736600000,736600000,0.68,0.68,0.38,804800000,1823500000,-2285100000,242400000,5607700000,242200000,54.75,57.78,51.73,0.1937,0.0903,10.24,5.68,32.98,10.95,0.7595,0.3757,0.4991,0.1535,0.59,0.5,2.0918
2004-12-31,1132720819,1132720819,1,24867000000,12835800000,13947100000,7593700000,10919900000,0,0,0,4491900000,3644300000,-2400000,-2400000,-0.01,0,0.35,548400000,2035100000,-22300000,2787900000,5365300000,449500000,56.22,62.01,50.44,0.1673,0.0768,9.64,5.63,23.92,10.57,0.8842,0.4113,0.4391,0.1306,0.59,0.09,1.6903
2004-09-30,1131639100,1131639100,1,24185900000,9585700000,12875900000,6541900000,11310000000,0,0,0,4510500000,3280400000,755200000,755200000,0.7,0.69,0.355,799900000,-1199900000,600000000,180700000,2577400000,456400000,64.71,69.37,60.05,0.243,0.1125,9.99,6.97,27.89,10.22,0.6159,0.3988,0.4676,0.1871,0.6,0.3,1.4653
2004-06-30,1130571660,1130571660,1,22771800000,8788200000,12272600000,6723700000,10499200000,0,0,0,3532000000,3556300000,656900000,656900000,0.61,0.6,0.355,944200000,-573800000,-392500000,-13700000,2396700000,508100000,71.93,76.26,67.6,0.25,0.1149,9.29,7.69,30.48,9.87,0.6158,0.3364,0.4611,0.1861,0.62,0.39,1.307
2004-03-31,1129485533,1129485533,1,22402400000,8798900000,11843900000,5551100000,10558500000,0,0,0,4503600000,3376900000,400400000,400400000,0.37,0.37,0.355,577000000,-946200000,18500000,-345900000,2410400000,463600000,69.85,74.7,65,0.2654,0.1203,9.35,8.08,29.47,9.51,0.5973,0.4265,0.4713,0.1954,0.62,0.1,1.5851
2003-12-31,1128884423,1128884423,1,21678100000,8758700000,11913300000,5550600000,9764800000,0,0,0,4687800000,3465500000,747200000,747200000,0.7,0.69,0.33,1166600000,-745200000,-610000000,-159800000,2756300000,596600000,67.34,73.89,60.78,0.2794,0.1247,8.65,7.97,28.53,9.16,0.5862,0.4801,0.4504,0.2035,0.61,0.5,1.578
2003-09-30,1122904283,1122904283,1,20800800000,8583400000,11315600000,4687600000,9485200000,0,0,0,4998000000,3139400000,714400000,714400000,0.66,0.66,0.335,1063100000,-116300000,-69200000,878800000,2916100000,382400000,64.16,70.33,57.99,0.29,0.1282,8.45,8.29,27.54,8.83,0.5791,0.5269,0.456,0.2112,0.61,0.61,1.8311
2003-06-30,1122563758,1122563758,1,20050500000,7762900000,11365000000,4967600000,8685500000,0,0,0,4861900000,3088200000,692200000,692200000,0.64,0.64,0.335,828000000,-471000000,-556000000,-166800000,2037300000,387800000,63.78,69.83,57.73,0.2969,0.1298,7.74,8.21,27.73,8.49,0.575,0.5598,0.4332,0.215,0.6,0.39,1.5627
2003-03-31,1123519967,1123519967,1,19641600000,8159800000,10914000000,4576700000,8727600000,0,0,0,4786700000,2889400000,407000000,407000000,0.38,0.38,0.335,589000000,1000000,-343100000,258200000,2204100000,278600000,60.84,67.98,53.7,0.3012,0.1323,7.77,8.26,24.34,8.16,0.5716,0.5485,0.4443,0.2179,0.61,0.28,1.7829
2002-12-31,1122675834,1122675834,1,19042000000,7804100000,10768400000,5063500000,8273600000,0,0,0,4358200000,2955600000,736300000,736300000,0.68,0.68,0.31,695000000,-663000000,-820700000,-840300000,1945900000,354100000,62.07,69,55.14,0.3387,0.1493,7.37,8.44,26.41,7.82,0.5144,0.5268,0.4345,0.2445,0.61,0.3,1.5412
2002-09-30,1123373623,1123373623,1,18920100000,8313200000,10658600000,5017500000,8261500000,0,0,0,4363100000,2785600000,683900000,683900000,0.64,0.63,0.31,569200000,-1543300000,701900000,-265000000,2786200000,320200000,54.88,61.84,47.91,0.3306,0.1456,7.35,7.95,24.5,7.51,0.5339,0.5281,0.4367,0.2326,0.63,0.22,1.6568
2002-06-30,1123477239,1123477239,1,17543900000,8117900000,9797000000,5085700000,7746900000,0,0,0,3499100000,2775200000,658500000,658500000,0.61,0.61,0.31,568300000,-99200000,-426700000,170300000,3051200000,227100000,67.22,78.34,56.11,0.3253,0.1443,6.9,9.81,28.13,7.2,0.5451,0.4517,0.4416,0.2204,0.65,0.3,1.5962
2002-03-31,1124219994,1124219994,1,17059000000,7424100000,9358600000,4833000000,7700400000,0,0,0,3383100000,2561100000,629200000,629200000,0.58,0.58,0.31,238200000,-168900000,123500000,178600000,2880900000,192700000,76.38,80.28,72.49,0.3598,0.1589,6.85,12.09,29.95,6.89,0.4967,0.4393,0.4514,0.2303,0.69,0.04,1.5361
2001-12-31,1124012174,1124012174,1,16434100000,6938900000,9330100000,5203000000,7104000000,0,0,0,3132100000,2828900000,575400000,575400000,0.53,0.53,0.28,1080600000,-485200000,-504200000,56000000,2702300000,281800000,79.16,83.6,74.73,0.3996,0.1759,6.32,12.09,29.21,6.58,0.4528,0.4409,0.4323,0.2408,0.73,0.71,1.3336
2001-09-30,1124207792,1124207792,1,16397400000,6976900000,9030300000,4783200000,7367100000,0,0,0,3153900000,2874400000,570100000,570100000,0.53,0.52,0.28,1033400000,-1239400000,-179200000,-325500000,2646300000,228000000,78.51,83.37,73.65,0.444,0.1934,6.55,13.04,27.07,6.3,0.4162,0.4281,0.4493,0.2542,0.76,0.72,1.4586
2001-06-30,1124010516,1124010516,1,15633500000,6864500000,8870100000,4952900000,6763400000,0,0,0,2898400000,3033500000,827700000,827700000,0.77,0.76,0.28,1020000000,-1173600000,-73900000,-259500000,2971800000,188600000,80.31,87.47,73.15,0.4995,0.2169,6.02,13.68,29.2,6.02,0.382,0.4285,0.4326,0.2735,0.79,0.74,1.386
2001-03-31,1123882663,1123882663,1,14752400000,6868100000,8158800000,4469200000,6593600000,0,0,0,2656500000,2805700000,806800000,806800000,0.75,0.74,0.28,527600000,-1066600000,-291400000,-883600000,3231300000,154000000,81.03,90.23,71.83,0.4987,0.2154,5.87,15.09,29.15,5.74,0.3955,0.4029,0.447,0.2692,0.8,0.33,1.5368
2000-12-31,1125533066,1125533066,1,14690800000,7943000000,8643900000,4960700000,6046900000,0,0,0,2633700000,2977700000,767300000,767300000,0.7,0.69,0.26,1079900000,423200000,-539500000,998700000,4114900000,239800000,87.57,94.5,80.64,0.5253,0.2265,5.37,16.28,31.27,5.46,0.3836,0.4355,0.4116,0.2815,0.8,0.75,1.6012
2000-09-30,1127274346,1127274346,1,13585000000,6892100000,7520900000,3694000000,6064100000,0,0,0,2785400000,2811900000,778800000,778800000,0.72,0.71,0.26,1240300000,-908300000,-543900000,-254300000,3116200000,157000000,87.71,108.24,67.18,0.5532,0.2361,5.38,17.97,31.78,5.2,0.3678,0.4593,0.4464,0.2874,0.82,0.96,1.8658
2000-06-30,1129497275,1129497275,1,13029600000,6752100000,7516100000,3596600000,5513500000,0,0,0,2797400000,2621500000,666200000,666200000,0.62,0.61,0.26,801100000,-751000000,-472400000,-427300000,3370500000,166000000,82.73,101.33,64.13,0.5758,0.2383,4.88,16.51,30.99,4.94,0.3595,0.5074,0.4232,0.2892,0.82,0.56,1.8774
2000-03-31,1129353265,1129353265,1,12694100000,6952800000,7035700000,3226300000,5658400000,0,0,0,2783100000,2451100000,845500000,845500000,0.78,0.77,0.26,610200000,179600000,-673700000,97400000,3797800000,110000000,62.6,70.86,54.34,0.5885,0.2417,5.01,13.64,25.45,4.68,0.3561,0.4919,0.4458,0.2884,0.84,0.44,2.155
1999-12-31,1092565591,1092565591,1,12825200000,7055500000,7812200000,3935400000,5013000000,0,0,0,2811900000,2820500000,786300000,786300000,0.72,0.71,0.23,None,None,None,None,None,0,70.75,77.38,64.13,0.5672,0.2306,4.59,15.86,31.31,4.42,0.37,0.5609,0.3909,0.272,0.85,None,1.7928
1999-09-30,1090521375,1090521375,1,12330800000,6595300000,7464300000,3187400000,4866500000,0,0,0,2816200000,2585200000,732600000,732600000,0.68,0.67,0.23,941600000,-106300000,418400000,1260200000,3291900000,126200000,69.34,77.19,61.5,0.5379,0.2131,4.46,17.04,33.82,4.19,0.3899,0.5787,0.3947,0.2709,0.79,0.75,2.0692
1999-06-30,1092812638,1092812638,1,10820200000,5247500000,6369400000,3039700000,4450800000,0,0,0,1979100000,2341600000,576400000,576400000,0.53,0.52,0.23,716300000,-177800000,-890700000,-372700000,2031700000,109300000,77.72,90.25,65.19,0.5014,0.1938,4.07,17.62,39.45,3.96,0.413,0.4447,0.4113,0.248,0.78,0.56,1.7263
1999-03-31,1100883804,1100883804,1,11225600000,5700500000,6365600000,3118900000,4860000000,0,0,0,1982200000,2255600000,625700000,625700000,0.57,0.56,0.23,-109200000,1561300000,-522600000,908700000,2404400000,84700000,86.81,97.44,76.19,0.4778,0.1825,4.41,21.59,46.42,3.73,0.4148,0.4079,0.4329,0.2388,0.76,-0.18,1.8277
1998-12-31,1101256334,1101256334,1,12595500000,5406800000,8165900000,4607200000,4429600000,0,0,0,2185500000,2053800000,567300000,567300000,0.52,0.51,0.2,1055500000,-105300000,-999200000,-47800000,1495700000,43200000,79.66,91.31,68,0.4567,0.1709,4.02,19.43,44.75,3.5,0.4204,0.4934,0.3517,0.2271,0.75,0.92,1.1736
1998-09-30,1099699808,1099699808,1,12581300000,5329900000,7912300000,4007900000,4509000000,160000000,0,0,2268900000,2573200000,518200000,518200000,0.47,0.46,0.2,782900000,-108200000,-471400000,228300000,1543500000,133300000,72.09,81.63,62.56,0.4278,0.162,4.1,17.12,41.67,3.3,0.4446,0.5032,0.3584,0.2071,0.78,0.59,1.3298
1998-06-30,1101311973,1101311973,1,11868700000,4798000000,7067100000,3447000000,4641600000,160000000,0,0,2307500000,2340700000,491300000,491300000,0.45,0.44,0.2,734100000,-31900000,-662600000,50500000,1315200000,127700000,65.81,73.75,57.88,0.4172,0.1595,4.21,15.2,None,3.1,0.4482,0.4971,0.3911,0.2098,0.76,0.55,1.3919
1998-03-31,1107425186,1107425186,1,12046800000,4779000000,7093400000,3530500000,4793400000,160000000,0,0,2337200000,2269100000,521100000,521100000,0.47,0.46,0.2,57300000,-48500000,-679500000,-682800000,1264700000,85100000,65.03,72.38,57.69,-0.0641,-0.0243,4.33,15.56,None,2.9,None,0.4876,0.3979,None,0.73,-0.03,1.3536
1997-12-31,1111258506,1111258506,1,12577400000,5320700000,7771800000,4191600000,4645600000,160000000,0,0,2326100000,2415800000,457500000,457500000,0.42,None,0.2,959000000,-267000000,-237400000,443400000,1947500000,116700000,65.22,70.44,60,-0.076,-0.0301,4.18,16.47,None,2.7,None,0.5007,0.3694,None,0.67,0.76,1.2694
1997-09-30,1109314830,1109314830,1,11819200000,4609100000,7428300000,3647000000,4390900000,0,0,0,2343800000,2160100000,456900000,456900000,0.41,None,0.18,494300000,-24900000,-781300000,-348900000,1504100000,83600000,56.08,61.75,50.41,-0.0864,-0.0355,3.96,13.35,None,2.5,None,0.5338,0.3715,None,0.62,0.37,1.2638
1997-06-30,556243558,1112487116,2,12288900000,4992100000,7619000000,3699900000,4669900000,0,0,0,2501800000,1988700000,-1732100000,-1732100000,-3.14,None,0.36,643400000,1099400000,-913500000,810900000,1853000000,79700000,47.22,55.75,38.69,-0.0875,-0.037,4.2,7.99,33.02,2.32,None,0.5357,0.38,None,0.57,0.51,1.3493
1997-03-31,555388595,1110777190,2,14513600000,4275700000,7944100000,4061700000,6569500000,0,0,0,2509600000,1953000000,432600000,432600000,0.79,None,0.36,303700000,2200000,-22400000,228400000,1042100000,74800000,41.53,47.5,35.56,0.2549,0.1097,5.91,7.55,29.88,2.14,0.4881,0.382,0.4526,0.2085,0.53,0.21,1.0527
1996-12-31,554528339,1109056678,2,14307200000,3891300000,8207100000,4222200000,6100100000,0,0,0,2516500000,2061100000,373000000,373000000,0.68,None,0.34,703400000,-119600000,-496500000,75600000,813700000,39700000,35.97,40.19,31.75,0.2553,0.1073,5.5,6.59,26.16,1.96,0.495,0.4125,0.4264,0.2074,0.52,0.6,0.9216
1996-09-30,551804518,1103609036,2,14052800000,3860800000,8026100000,4194100000,6026700000,0,0,0,2582300000,1803900000,415600000,415600000,0.76,None,0.3425,480400000,-133400000,-739500000,-386900000,738100000,140400000,29.91,33.06,26.75,0.2574,0.105,5.46,5.55,14.47,1.79,0.5046,0.4285,0.4289,0.2107,0.5,0.31,0.9205
1996-06-30,546920227,1093840454,2,14258800000,4058900000,8365100000,4517200000,5893700000,0,0,0,2586900000,1698300000,345700000,345700000,0.63,None,0.3425,586600000,1900000,-338900000,226600000,1125000000,141900000,30.19,33.63,26.75,0.407,0.1616,5.39,5.71,14.84,1.62,0.322,0.4389,0.4133,0.3335,0.48,0.41,0.8985
1996-03-31,552523346,1105046692,2,14160400000,3847500000,8314800000,4436500000,5845600000,0,0,0,2576200000,1783300000,389200000,389200000,0.71,None,0.3425,221000000,-216900000,-86200000,-101100000,898400000,110700000,29.25,33.81,24.69,0.4023,0.1579,5.29,5.95,14.48,1.45,0.325,0.4407,0.4128,0.3348,0.47,0.1,0.8672
1995-12-31,552471515,1104943030,2,14412500000,4138600000,8979900000,4967000000,5432600000,0,0,0,2592900000,1799800000,342600000,342600000,0.65,None,0.34,766600000,-267600000,-472300000,23300000,999500000,135000000,25.33,28.5,22.16,0.4032,0.1561,4.92,5.1,13.01,1.28,0.3242,0.4773,0.3769,0.3387,0.46,0.57,0.8332
1995-09-30,275764983,1103059932,4,14251100000,4111000000,8765000000,5315300000,5486100000,0,0,0,2117800000,1631900000,1228000000,1228000000,4.29,None,0.645,311200000,-18500000,-283600000,-13500000,976200000,140200000,21.19,23.59,18.78,0.3953,0.1522,4.97,4.15,18.43,1.11,0.3301,0.386,0.385,0.4038,0.38,0.16,0.7734
1995-06-30,292011493,1168045972,4,15097200000,4410300000,9123400000,5653200000,5973800000,0,0,0,2102100000,1614800000,327100000,327100000,1.13,None,0.645,463000000,-220900000,-245800000,10900000,989700000,154300000,18.58,19.84,17.32,0.2365,0.0965,5.11,3.72,15.91,0.95,0.5596,0.3519,0.3957,0.232,0.42,0.26,0.7801
1995-03-31,292461934,1169847736,4,14960700000,4433600000,9125500000,6129000000,5835200000,0,0,0,1638700000,1717300000,393200000,393200000,1.36,None,0.645,283800000,-55800000,188000000,441900000,978800000,100300000,17.43,19.22,15.63,0.2491,None,4.99,3.81,15.67,0.79,0.5472,0.2808,0.39,0.2328,0.46,0.16,0.7234
1994-12-31,292260706,1169042824,4,14507400000,3962300000,9151800000,5669500000,5355600000,0,0,0,2125800000,578700000,290100000,290100000,1.01,None,0.63,542700000,-3861700000,2855700000,-462700000,536900000,104100000,15.45,16.56,14.35,0.2478,None,4.58,3.4,None,0.63,0.5694,0.3969,0.3692,0.2252,0.51,0.38,0.6989
1994-09-30,292204808,1168819232,4,10507700000,4176700000,5193000000,2722800000,5314700000,0,0,0,1174400000,1817400000,318700000,318700000,1.1,None,0.625,502300000,-89300000,-127000000,292800000,999600000,115000000,13.31,14.81,11.81,None,None,4.55,3.02,None,0.47,None,0.221,0.5058,None,None,0.33,1.534
1994-06-30,292100954,1168403816,4,10177500000,3999200000,5028200000,2547800000,5149300000,0,0,0,1173300000,1678500000,346600000,346600000,1.2,None,0.625,319200000,-257500000,27400000,101900000,706800000,152800000,13.25,14.72,11.78,None,None,4.41,3.14,None,0.31,None,0.2279,0.5059,None,None,0.14,1.5697
1994-03-31,292692719,1170770876,4,9809000000,3840600000,4868100000,2721600000,4940900000,0,0,0,854700000,1637000000,330700000,330700000,1.14,None,0.625,168100000,-196500000,81200000,65300000,604900000,145900000,13.8,15.47,12.13,None,None,4.22,3.54,None,0.16,None,0.173,0.5037,None,None,0.02,1.4112
1993-12-31,292665649,1170662596,4,9623600000,3697100000,5054800000,2928000000,4568800000,0,0,0,835200000,None,None,None,None,None,0,None,None,None,None,539600000,0,13.86,15.19,12.53,None,None,3.9,None,None,0,None,0.1828,0.4747,None,None,None,1.2627
