"Quarter end","Shares","Shares split adjusted","Split factor","Assets","Current Assets","Liabilities","Current Liabilities","Shareholders equity","Non-controlling interest","Preferred equity","Goodwill & intangibles","Long-term debt","Revenue","Earnings","Earnings available for common stockholders","EPS basic","EPS diluted","Dividend per share","Cash from operating activities","Cash from investing activities","Cash from financing activities","Cash change during period","Cash at end of period","Capital expenditures","Price","Price high","Price low","ROE","ROA","Book value of equity per share","P/B ratio","P/E ratio","Cumulative dividends per share","Dividend payout ratio","Long-term debt to equity ratio","Equity to assets ratio","Net margin","Asset turnover","Free cash flow per share","Current ratio"
2019-03-31,105956723,105956723,1,7871062000,1987176000,4007023000,1278191000,3672274000,191765000,0,1939593000,1819588000,832064000,133569000,133569000,1.26,1.26,0.3675,54916000,-207195000,75257000,-90046000,465274000,205776000,82.86,93.14,72.58,0.1921,0.0913,34.66,2.44,13.11,13.52,0.2096,0.4955,0.4666,0.2054,0.44,-1.42,1.5547
2018-12-31,105753864,105753864,1,7581674000,1998421000,3822566000,1183173000,3585321000,173787000,0,1953312000,1397916000,921699000,129596000,129596000,1.22,1.21,0.33,169224000,-227989000,-13598000,-85906000,555320000,228316000,90.31,108.74,71.89,0.1899,0.092,33.9,2.72,28.85,13.15,0.2075,0.3899,0.4729,0.2055,0.45,-0.56,1.689
2018-09-30,106205885,106205885,1,7487195000,2059577000,3800918000,1127009000,3528844000,157433000,0,1988907000,1411605000,777748000,129745000,129745000,1.21,1.2,0.335,153084000,-201411000,-216061000,-266918000,641226000,190730000,98.72,107.42,90.02,0.0941,0.0456,33.23,2.9,33.02,12.82,0.4179,0.4,0.4713,0.1044,0.44,-0.35,1.8275
2018-06-30,108449763,108449763,1,7538363000,2283070000,3701083000,1041661000,3693576000,143704000,0,1991007000,1406724000,853874000,302461000,302461000,2.76,2.73,0.335,102303000,258245000,-118585000,215956000,908144000,149130000,96.58,106.4,86.75,0.0888,0.0441,34.06,2.81,81.85,12.49,0.4311,0.3809,0.49,0.1017,0.43,-0.43,2.1918
2018-03-31,110763247,110763247,1,7556340000,2158725000,3612910000,868860000,3800310000,143120000,0,2073360000,1436852000,821629000,131760000,131760000,1.19,1.18,0.335,121554000,-132540000,-438282000,-445115000,692188000,131815000,113.97,138.67,89.28,0.0358,0.018,34.31,3.43,253.27,12.15,1.0578,0.3781,0.5029,0.0427,0.42,-0.09,2.4845
2017-12-31,110638449,110638449,1,7750772000,2477563000,3933076000,1200925000,3674549000,143147000,0,2031858000,1415360000,857789000,-218366000,-218366000,-1.98,-1.98,0.32,229135000,-133435000,-8601000,91964000,1137303000,130184000,135.65,144.99,126.31,0.0147,0.0073,33.21,3.84,17.59,11.82,2.5808,0.3852,0.4741,0.0179,0.41,0.89,2.063
2017-09-30,110495651,110495651,1,7523300000,2327324000,3483728000,1103017000,3898819000,140753000,0,2032891000,1407171000,754866000,118670000,118670000,1.07,1.06,0.32,129299000,-95393000,3539000,38394000,1045339000,89754000,121.41,137.48,105.34,0.232,0.1154,35.28,3.57,15.61,11.5,0.1599,0.3609,0.5182,0.3239,0.36,0.36,2.11
2017-06-30,110472735,110472735,1,7291989000,2204448000,3392198000,983662000,3760830000,138961000,0,2004230000,1421468000,737258000,103333000,103333000,0.93,0.92,0.32,-137040000,-48832000,-60007000,-247591000,1006945000,43622000,110.03,116.64,103.42,0.2442,0.1099,34.04,3.35,26.97,11.18,0.1569,0.378,0.5157,0.3401,0.32,-1.64,2.2411
2017-03-31,110752288,110752288,1,7366468000,2390254000,3582496000,1207947000,3637669000,146303000,0,1954931000,1398386000,722063000,51213000,51213000,0.46,0.45,0.32,82585000,-80143000,-1021799000,-1015220000,1254536000,54143000,97.27,107.56,86.98,0.1344,0.0545,32.85,2.89,17.22,10.86,0.2953,0.3844,0.4938,0.1842,0.3,0.26,1.9788
2016-12-31,112566316,112566316,1,8161207000,3306618000,4218603000,1140103000,3795062000,147542000,0,1894596000,2121718000,488468000,602090000,602090000,5.36,5.28,0.3,280968000,2832356000,-1067663000,2036157000,2269756000,55353000,84.28,92.24,76.32,0.1867,0.0709,33.71,2.87,43.9,10.54,0.2122,0.5591,0.465,0.2404,0.29,2,2.9003
2016-09-30,112475939,112475939,1,9396944000,1557703000,5945511000,1076834000,3299022000,152411000,0,1864550000,3048440000,654010000,128220000,128220000,1.14,1.13,0.305,199934000,-41939000,-115405000,39938000,233599000,41792000,81.2,87.29,75.11,0.0652,0.0229,29.33,2.89,59.27,10.24,0.6273,0.924,0.3511,0.0692,0.33,1.41,1.4466
2016-06-30,112403118,112403118,1,9312381000,1527760000,6006035000,1159058000,3156615000,149731000,0,1853537000,3019478000,669327000,-314821000,-314821000,-2.8,-2.78,0.305,79793000,-38177000,-97559000,-58721000,193661000,41389000,74.19,84.99,63.4,0.0467,0.0161,28.08,2.35,16.09,9.93,0.8733,0.9566,0.339,0.0454,0.35,0.34,1.3181
2016-03-31,112297329,112297329,1,9438968000,1615391000,5744097000,1225098000,3540305000,154566000,0,4662525000,3105351000,865398000,228186000,228186000,2.03,2.02,0.305,172708000,168248000,-297276000,38648000,252382000,58120000,55.05,64.33,45.78,0.1586,0.054,31.53,1.9,18.41,9.63,0.2536,0.8771,0.3751,0.1432,0.38,1.02,1.3186
2015-12-31,112250676,112250676,1,9615014000,1831003000,6213701000,1616685000,3254392000,146921000,0,4626858000,3174674000,930353000,174252000,174252000,1.56,1.55,0.29,43786000,-60598000,-10328000,-20756000,213734000,63081000,51.05,57.99,44.1,0.1056,0.0345,28.99,1.82,42.9,9.32,0.3887,0.9755,0.3385,0.0917,0.38,-0.17,1.1326
2015-09-30,112203154,112203154,1,9675064000,1720915000,6400550000,1322548000,3144489000,130025000,0,4708079000,3558964000,905093000,65392000,65392000,0.58,0.58,0.29,183720000,51120000,-201665000,27252000,234490000,52845000,48.6,55.83,41.37,0.0527,0.0165,28.02,1.72,31.56,9.03,0.9076,1.1318,0.325,0.0436,0.38,1.17,1.3012
2015-06-30,112201848,112201848,1,9770809000,1654081000,6454899000,1368078000,3179077000,136833000,0,4708800000,3562308000,931485000,52147000,52147000,0.46,0.46,0.29,87392000,-58401000,-83685000,-54183000,207238000,54982000,58.61,64.99,52.23,0.0657,0.0212,28.33,2.11,43.1,8.74,0.789,1.1205,0.3254,0.0498,0.43,0.29,1.2091
2015-03-31,112186098,112186098,1,9794759000,1686543000,6547429000,1456344000,3109383000,137947000,0,4658005000,3541312000,884404000,43115000,43115000,0.4,0.4,0.29,45791000,-2092673000,-182647000,-2228347000,261421000,56741000,54.5,62.23,46.78,0.0645,0.0219,27.72,4.5,32.63,8.45,0.8926,1.1389,0.3175,0.0448,0.49,-0.1,1.1581
2014-12-31,112155745,112155745,1,5223103000,3348850000,3734468000,1139886000,1359465000,129170000,0,287387000,2223035000,541730000,-18508000,-18508000,-0.25,-0.25,0.28,62067000,-67613000,1859078000,1836648000,2489768000,33894000,57.37,63.38,51.35,0.09,0.0341,12.12,3.08,15.02,8.16,0.7225,1.6352,0.2603,0.0545,0.63,0.25,2.9379
2014-09-30,78253709,78253709,1,3393466000,1508307000,1806195000,812710000,1456741000,130530000,0,298082000,684107000,642418000,72794000,72794000,0.93,0.93,0.275,135395000,67508000,-40934000,138001000,653120000,30012000,67.33,76.28,58.37,0.1988,0.088,18.62,3.5,16.83,7.88,0.2729,0.4696,0.4293,0.1186,0.74,1.35,1.8559
2014-06-30,78241156,78241156,1,3454532000,1525883000,1829442000,815914000,1502981000,122109000,0,308650000,685845000,604721000,22447000,22447000,0.29,0.28,0.275,145974000,-24512000,-128201000,-8924000,515119000,23003000,68.62,72.69,64.55,0.2099,0.0925,19.21,3.4,14.6,7.61,0.252,0.4563,0.4351,0.1251,0.74,1.57,1.8702
2014-03-31,79546144,79546144,1,3558728000,1477402000,1831127000,423199000,1604751000,122850000,0,369126000,1052790000,656679000,56583000,56583000,0.71,0.71,0.275,149173000,-21516000,-80614000,46804000,524043000,23667000,64.12,67.31,60.92,0.255,0.1106,20.17,3.13,13.01,7.33,0.2074,0.656,0.4509,0.1466,0.75,1.58,3.491
2013-12-31,79497921,79497921,1,3584797000,1482915000,1842021000,436363000,1627361000,115415000,0,372406000,1054310000,691956000,155933000,155933000,1.93,1.9,0.24,115338000,-23678000,-19008000,75812000,477239000,20318000,66.01,70,62.02,0.2646,0.1194,20.47,3.66,17.46,7.06,0.1918,0.6479,0.454,0.1579,0.76,1.2,3.3984
2013-09-30,81399291,81399291,1,3470065000,1394706000,1892916000,410837000,1467095000,110054000,0,369230000,1060282000,648638000,90512000,90512000,1.11,1.11,0.24,138667000,-31414000,-25085000,86768000,401427000,31860000,63.27,66.39,60.16,0.2007,0.0946,18.02,3.8,16.78,6.82,0.2407,0.7227,0.4228,0.1239,0.76,1.31,3.3948
2013-06-30,81374337,81374337,1,3335949000,1281878000,1870556000,375583000,1352994000,112399000,0,363504000,1067852000,634197000,82739000,82739000,0.98,0.98,0.24,80204000,-48136000,-159921000,-120245000,314659000,47833000,62.84,69.03,56.64,0.1958,0.0979,16.63,3.07,19.58,6.58,0.2293,0.7893,0.4056,0.1267,0.77,0.4,3.413
2013-03-31,87844521,87844521,1,3450445000,1403500000,1548205000,434251000,1797997000,104243000,0,361544000,686592000,641625000,83987000,83987000,0.95,0.94,0.24,98650000,-54514000,-84032000,-42792000,434904000,55335000,64.23,67.75,60.71,0.1609,0.0848,20.47,3.11,18.51,6.34,0.2595,0.3819,0.5211,0.1075,0.79,0.49,3.232
2012-12-31,88836443,88836443,1,3437291000,1407313000,1505283000,385009000,1833598000,98410000,0,371430000,686588000,687596000,66500000,66500000,0.75,0.75,0.2,182284000,-56328000,-53943000,75054000,477696000,62165000,57.14,62.51,51.77,0.1762,0.0925,20.64,2.82,14.92,6.1,0.229,0.3744,0.5334,0.1135,0.82,1.35,3.6553
2012-09-30,89259875,89259875,1,3362655000,1386852000,1461372000,382512000,1808354000,92929000,0,367066000,701162000,661226000,99261000,99261000,1.11,1.1,0.2,121573000,-104591000,-76621000,-59109000,402642000,92085000,56.61,62.34,50.88,0.2018,0.1041,20.26,2.97,14.12,5.9,0.202,0.3877,0.5378,0.1246,0.84,0.33,3.6256
2012-06-30,89496336,89496336,1,3302707000,1451675000,1509063000,413303000,1705690000,87954000,0,362811000,742252000,684894000,37732000,37732000,0.42,0.42,0.2,61365000,-84211000,-24600000,-57608000,461751000,71839000,61.5,67.14,55.86,0.2187,0.11,19.06,3.18,12.76,5.7,0.1837,0.4352,0.5165,0.1278,0.86,-0.12,3.5124
2012-03-31,89187407,89187407,1,3363499000,1469556000,1556125000,433362000,1722937000,84437000,0,406986000,742199000,711704000,108043000,108043000,1.21,1.2,0.2,123544000,-56031000,-22130000,49943000,519359000,54784000,60.39,68.51,52.27,0.2642,0.1334,19.32,3.38,12.66,5.5,0.1454,0.4308,0.5122,0.1518,0.88,0.77,3.3911
2011-12-31,88937768,88937768,1,3203824000,1355620000,1524997000,401178000,1591277000,87550000,0,403426000,749257000,707390000,99443000,99443000,1.13,1.11,0.18,201892000,-65541000,-137646000,-11842000,469416000,63463000,47.47,56.92,38.02,0.2684,0.1352,17.89,2.65,10.39,5.3,0.1396,0.4709,0.4967,0.1521,0.89,1.56,3.3791
2011-09-30,88761049,88761049,1,3269055000,1449354000,1598432000,402394000,1587571000,83052000,0,415575000,878384000,722977000,116098000,116098000,1.29,1.28,0.165,139297000,-64799000,-77869000,-9457000,481258000,59484000,55.48,71.21,39.76,0.2667,0.1321,17.89,2.95,12.87,5.12,0.1369,0.5533,0.4856,0.1525,0.87,0.9,3.6018
2011-06-30,91742444,91742444,1,3292347000,1455696000,1490228000,394413000,1726028000,76091000,0,432974000,758867000,742108000,114159000,114159000,1.24,1.23,0.165,99614000,-41275000,-10341000,49702000,490715000,35733000,64.03,71.79,56.28,0.261,0.1285,18.81,3.68,16.13,4.95,0.14,0.4397,0.5243,0.1519,0.85,0.7,3.6908
2011-03-31,91692039,91692039,1,3139881000,1346374000,1477213000,381611000,1596109000,66559000,0,422759000,758597000,696530000,106580000,106580000,1.16,1.15,0.165,46556000,-41321000,-103263000,-88637000,441013000,31894000,56.67,60.7,52.64,0.2625,0.1236,17.41,3.67,16.15,4.79,0.1459,0.4753,0.5083,0.148,0.83,0.16,3.5281
2010-12-31,91633335,91633335,1,3068081000,1348198000,1592335000,364177000,1416074000,59672000,0,407002000,851927000,604975000,84972000,84972000,0.92,0.91,0.14,55577000,-31596000,89570000,104977000,529650000,25472000,51.75,57.34,46.16,0.2492,0.1127,15.45,3.43,15.83,4.62,0.1582,0.6016,0.4616,0.137,0.82,0.33,3.702
2010-09-30,91570922,91570922,1,2936660000,1212062000,1498619000,347744000,1382735000,55306000,0,417353000,755552000,585036000,93689000,93689000,1.03,1.02,0.14,141588000,-14707000,-37928000,100550000,424673000,16076000,42.81,47.15,38.47,0.2416,0.1076,15.1,3.26,15.18,4.48,0.167,0.5464,0.4709,0.13,0.83,1.37,3.4855
2010-06-30,91296058,91296058,1,2731070000,1081086000,1481608000,317148000,1197490000,51972000,0,398587000,784959000,592483000,81751000,81751000,0.9,0.89,0.14,116060000,-17967000,-33138000,56806000,324123000,17789000,42.59,46.97,38.21,0.2163,0.094,13.12,3.24,18.12,4.34,0.1884,0.6555,0.4385,0.1155,0.81,1.08,3.4088
2010-03-31,91395508,91395508,1,2756888000,1063631000,1515735000,350942000,1200046000,41107000,0,421910000,797294000,580270000,63308000,63308000,0.69,0.69,0.14,18084000,-27921000,-26442000,-41474000,267317000,16141000,39.14,43.8,34.49,0.1835,0.0789,13.13,2.97,20.18,4.2,0.2199,0.6644,0.4353,0.103,0.77,0.02,3.0308
2009-12-31,91314008,91314008,1,2771557000,1032087000,1518239000,353264000,1205696000,47622000,0,443244000,776403000,558228000,62345000,62345000,0.68,0.67,0.13,99117000,-19234000,-26787000,48357000,308791000,17176000,34.31,37.62,31,0.1576,0.0655,13.2,2.63,24.33,4.06,0.259,0.6439,0.435,0.0889,0.74,0.9,2.9216
2009-09-30,91680006,91680006,1,2780148000,1002753000,1535876000,341872000,1197063000,47209000,0,451471000,793098000,515276000,52131000,52131000,0.57,0.57,0.125,157093000,-28387000,-41450000,87958000,260434000,23151000,29.35,35.4,23.31,0.1177,0.047,13.06,2.42,20.24,3.93,0.3508,0.6625,0.4306,0.0657,0.71,1.46,2.9331
2009-06-30,91548935,91548935,1,2660908000,912673000,1507774000,291892000,1111550000,41584000,0,444000000,820556000,445299000,38493000,38493000,0.42,0.42,0.125,106414000,-36293000,-85869000,-11423000,172476000,27391000,25.49,30,20.99,0.1199,0.0474,12.14,2.3,14.99,3.81,0.3363,0.7382,0.4177,0.0631,0.75,0.86,3.1267
2009-03-31,91446242,91446242,1,2685089000,1001579000,1619445000,322896000,1013385000,52259000,0,422861000,891878000,486591000,25399000,25399000,0.28,0.28,0.125,-4099000,-37716000,-26677000,-69404000,183899000,33068000,20.25,24.96,15.54,0.1347,0.0537,11.08,1.74,9.64,3.68,0.2834,0.8801,0.3774,0.0684,0.78,-0.41,3.1019
2008-12-31,91377788,91377788,1,2872717000,1178923000,1806946000,438367000,1065771000,0,0,445778000,906062000,517725000,13111000,13111000,0.14,0.14,0.12,166121000,-44455000,-61099000,46092000,253303000,36269000,23.53,30.9,16.16,0.1593,0.0651,11.66,1.71,9.19,3.56,0.2258,0.8501,0.371,0.0787,0.83,1.42,2.6894
2008-09-30,91212863,91212863,1,3021589000,1214570000,1767828000,377410000,1253761000,0,0,462633000,944026000,660463000,56175000,56175000,0.62,0.61,0.12,55068000,-59842000,50570000,38729000,207211000,23230000,36.08,42.45,29.71,0.1884,0.0806,13.75,2.52,14.09,3.44,0.141,0.753,0.4149,0.0941,0.86,0.35,3.2182
2008-06-30,91417663,91417663,1,3069164000,1204144000,1760483000,429992000,1308681000,0,0,477186000,869844000,620750000,61655000,61655000,0.68,0.67,0.12,76580000,-40474000,-1628000,33352000,168482000,20098000,40.31,45.9,34.73,0.1921,0.0837,14.32,2.95,16.52,3.32,0.1298,0.6647,0.4264,0.0982,0.85,0.62,2.8004
2008-03-31,91463534,91463534,1,2975395000,1143447000,1726075000,408638000,1249320000,0,0,459785000,861065000,668177000,63261000,63261000,0.69,0.68,0.12,17978000,-18933000,-1464000,4579000,135130000,14139000,36.57,41.15,31.99,0.1935,0.0839,13.66,2.62,15.5,3.2,0.1728,0.6892,0.4199,0.0972,0.86,0.04,2.7982
2007-12-31,91407676,91407676,1,2830450000,1053438000,1552145000,402917000,1278305000,0,0,441539000,707311000,599156000,58620000,58620000,0.61,0.6,0.01,93702000,-34391000,-34310000,29270000,130551000,27478000,43.22,48.37,38.06,0.1959,0.0848,13.98,3.41,18.01,3.08,0.1727,0.5533,0.4516,0.0983,0.86,0.72,2.6145
2007-09-30,95829720,95829720,1,2724987000,1011374000,1509383000,401263000,1215604000,0,0,435997000,679726000,583981000,59099000,59099000,0.62,0.61,0.09,67527000,-45055000,-121528000,-99125000,101281000,21281000,40.88,48.84,32.92,0.2108,0.0889,12.69,3.51,22.52,3.07,0.255,0.5592,0.4461,0.1008,0.88,0.48,2.5205
2007-06-30,95526724,95526724,1,2664863000,1028807000,1552823000,353531000,1112040000,0,0,394724000,776856000,563812000,53863000,53863000,0.57,0.55,0.21,75363000,-24842000,19841000,75390000,200406000,23740000,40.66,44.81,36.5,0.1666,0.0681,11.64,3.59,23.78,2.98,0.3122,0.6986,0.4173,0.0756,0.9,0.54,2.9101
2007-03-31,95807724,95807724,1,2609944000,981103000,1525556000,368690000,1084388000,0,0,402081000,734533000,589238000,58108000,58108000,0.61,0.6,0.105,5950000,-28642000,-3673000,-24483000,125016000,26241000,38.64,43.26,34.02,0.1598,0.0641,11.32,3.58,26.38,2.77,0.2351,0.6774,0.4155,0.0709,0.9,-0.21,2.6611
2006-12-31,95174444,95174444,1,2530368000,960854000,1502270000,482949000,1028098000,0,0,403051000,681859000,584537000,62977000,62977000,0.66,0.64,0.22,160436000,-29560000,-71485000,59924000,149499000,26744000,32.08,37.35,26.8,0.1409,0.0552,10.8,2.96,27.66,2.66,0.231,0.6632,0.4063,0.0604,0.91,1.4,1.9896
2006-09-30,47483818,94967636,2,2612707000,932254000,1583004000,416902000,1029703000,0,0,395891000,733248000,607818000,2289000,2289000,0.05,0.05,0.09,84049000,-63480000,-27144000,-9420000,89575000,24091000,25.18,28.26,22.1,0.1133,0.0432,10.84,2.32,17.86,2.44,0.1751,0.7121,0.3941,0.0473,0.91,0.63,2.2361
2006-06-30,47411282,94822564,2,2642142000,933101000,1611856000,419634000,1030286000,0,0,405092000,748273000,568797000,43327000,43327000,0.92,0.89,0.0825,95082000,-28270000,-39288000,31895000,98995000,27994000,23.5,25.4,21.61,0.1419,0.0527,10.87,2.29,18.08,2.4,0.1129,0.7263,0.3899,0.06,0.88,0.71,2.2236
2006-03-31,47322703,94645406,2,2582249000,899752000,1610385000,397287000,971864000,0,0,397638000,776352000,607354000,34376000,34376000,0.73,0.71,0.0825,36727000,-23810000,-5608000,8530000,67100000,21018000,21.26,23.23,19.29,0.135,0.0489,10.27,2.16,17.64,2.36,0.2074,0.7988,0.3764,0.0567,0.86,0.17,2.2647
2005-12-31,47231453,94462906,2,2547243000,None,1616968000,None,930275000,0,0,394470000,775889000,588175000,32198000,32198000,0.7,0.67,0.16,None,None,None,None,None,0,21.26,23.23,19.29,0.1276,0.0453,9.85,2.18,19.33,2.32,0.2523,0.834,0.3652,0.0545,0.83,None,None
2005-09-30,46620905,93241810,2,2561925000,854715000,1654322000,431354000,907603000,0,0,409664000,820613000,506605000,26292000,26292000,0.56,0.55,0,52739000,-8857000,-96236000,-50429000,47859000,14405000,18.23,19.75,16.7,0.121,0.0408,9.73,1.9,21.83,2.24,0.214,0.9042,0.3543,0.0519,0.79,0.41,1.9815
2005-06-30,46592405,93184810,2,2525927000,857558000,1633714000,400747000,892213000,0,0,434955000,839238000,502754000,32058000,32058000,0.69,0.67,0.31,43723000,-22479000,12841000,24508000,98288000,17388000,18.13,19.27,16.98,0.0979,0.031,9.57,1.94,24.34,2.24,0.3608,0.9406,0.3532,0.0409,0.76,0.28,2.1399
2005-03-31,46572405,93144810,2,2503374000,841911000,1631806000,391116000,871568000,0,0,407787000,820456000,509965000,24319000,24319000,0.53,0.52,0.15,-2443000,-28797000,65255000,27390000,73780000,18801000,17.74,19.47,16.02,0.0904,0.0299,9.36,2.32,27.5,2.08,0.2946,0.9414,0.3482,0.0385,0.78,-0.23,2.1526
2004-12-31,46564405,93128810,2,2442745000,747410000,1731370000,373746000,711375000,0,0,404128000,899584000,451065000,19637000,19637000,0.44,0.46,0.01,60338000,-49058000,-23492000,-14427000,46390000,20050000,18.18,19.55,16.8,0.0821,0.0287,7.64,2.28,27.76,2.01,0.4444,1.2646,0.2912,0.0362,0.79,0.43,1.9998
2004-09-30,41660492,83320984,2,2429140000,740366000,1765537000,817391000,663603000,0,0,360794000,458219000,413904000,827000,827000,0.02,0.02,0.14,45774000,-797692000,771107000,22164000,60817000,17968000,18.4,20.32,16.48,0.0828,0.0326,7.96,2.34,24.21,2,0.445,0.6905,0.2732,0.0395,0.83,0.33,0.9058
2004-06-30,41568017,83136034,2,1381081000,482658000,726105000,237250000,654976000,0,0,120636000,176486000,326759000,20768000,20768000,0.5,0.49,0.145,40718000,-8155000,-46088000,-11868000,38653000,11236000,16.23,17.7,14.75,0.099,0.0458,7.88,2.11,20.68,1.93,0.3798,0.2695,0.4742,0.0513,0.89,0.35,2.0344
2004-03-31,41527392,83054784,2,1385163000,487500000,744741000,216785000,640422000,0,0,120785000,217185000,322009000,13607000,13607000,0.33,0.32,0.29,44725000,-13723000,-15195000,15348000,50521000,8398000,14.49,15.38,13.6,0.1044,0.0483,7.71,1.89,16.56,1.86,0.3652,0.3391,0.4623,0.0553,0.87,0.44,2.2488
2003-12-31,41419000,82838000,2,1387291000,481369000,751070000,210071000,636221000,0,0,118584000,228389000,298640000,18512000,18512000,0.44,0.48,0,42335000,-26958000,-14685000,4236000,35173000,10751000,14.08,15.35,12.81,0.1197,0.0555,7.68,1.92,16.56,1.71,0.3206,0.359,0.4586,0.0648,0.86,0.38,2.2915
2003-09-30,41138008,82276016,2,1326251000,449639000,723263000,200380000,602988000,0,0,112320000,226287000,276551000,9856000,9856000,0.24,0.23,0.14,22430000,-91586000,39781000,-29204000,20789000,11029000,13.8,14.61,12.99,0.1204,0.0563,7.33,1.91,14.15,1.71,0.411,0.3753,0.4547,0.0645,0.87,0.14,2.2439
2003-06-30,41236509,82473018,2,1249182000,443760000,654782000,182588000,594400000,0,0,59649000,175183000,269476000,22583000,22583000,0.55,0.54,0.14,36172000,-14374000,-16511000,9706000,49993000,10421000,13.09,14.31,11.86,0.1412,0.067,7.21,1.89,13.85,1.64,0.3585,0.2947,0.4758,0.0751,0.89,0.31,2.4304
2003-03-31,41199599,82399198,2,1225773000,424353000,655810000,182654000,569963000,0,0,60689000,184408000,265570000,20994000,20994000,0.51,0.5,0.28,49161000,-33474000,-14865000,2651000,40287000,8857000,13,14.94,11.05,0.1412,0.0667,6.92,1.9,14.69,1.57,0.3626,0.3235,0.465,0.075,0.89,0.49,2.3233
2002-12-31,41692074,83384148,2,1192956000,413064000,623216000,165007000,569740000,0,0,35171000,180137000,278431000,16901000,16901000,0.4,0.43,0.14,16850000,-14198000,-3683000,1543000,37636000,10476000,13.74,15.68,11.8,0.1373,0.0644,6.83,2.06,16.36,1.43,0.301,0.3162,0.4776,0.0739,0.87,0.08,2.5033
2002-09-30,41678326,83356652,2,1155490000,404103000,600342000,175554000,555148000,0,0,34570000,177629000,263324000,20352000,20352000,0.49,0.48,0.14,49605000,-8533000,-38332000,2689000,36093000,8639000,14.19,15.97,12.4,0.1306,0.0628,6.66,2.18,18.19,1.36,0.2444,0.32,0.4804,0.074,0.85,0.49,2.3019
2002-06-30,41676088,83352176,2,1161966000,402775000,620579000,361585000,541387000,0,0,35215000,12072000,245051000,20694000,20694000,0.5,0.48,0.13,44644000,-12432000,-33596000,3906000,33404000,11085000,14.92,16.5,13.34,0.1219,0.0595,6.5,2.43,21.31,1.29,0.2584,0.0223,0.4659,0.0718,0.83,0.4,1.1139
2002-03-31,41610716,83221432,2,1130910000,384337000,619008000,378077000,511902000,0,0,32714000,12060000,224628000,16798000,16798000,0.39,0.38,0.13,33672000,-5846000,-29481000,-1087000,29498000,8182000,12.41,13.87,10.95,0.1096,0.0564,6.15,1.9,16.55,1.23,0.2768,0.0236,0.4526,0.0681,0.83,0.31,1.0166
2001-12-31,45498201,90996402,2,1129475000,383661000,536173000,303837000,593302000,0,0,31748000,12353000,239186000,14056000,14056000,0.31,0.34,0.02,41974000,-19358000,-23348000,-3637000,30585000,11975000,10.52,12.37,8.68,0.1169,0.0639,6.52,1.61,14.03,1.16,0.3491,0.0208,0.5253,0.0743,0.86,0.33,1.2627
2001-09-30,45469767,90939534,2,1166461000,411766000,572245000,340882000,594216000,0,0,32573000,12367000,242017000,16761000,16761000,0.37,0.36,0.13,33580000,-76927000,65575000,26335000,34222000,9370000,9.96,11.68,8.25,0.1216,0.0678,6.53,1.58,12.07,1.15,0.4131,0.0208,0.5094,0.0779,0.87,0.27,1.2079
2001-06-30,45875567,91751134,2,999122000,290914000,420832000,133651000,578290000,0,0,20234000,109440000,211286000,14805000,14805000,0.32,0.32,0.11,36975000,-58860000,15926000,-6678000,7887000,14089000,11.27,11.95,10.6,0.1364,0.0781,6.3,1.83,10.94,1.09,0.3644,0.1892,0.5788,0.0861,0.91,0.25,2.1767
2001-03-31,45872473,91744946,2,971694000,305812000,405558000,139530000,566136000,0,0,21346000,87384000,224410000,22545000,22545000,0.49,0.48,0.26,31436000,-20590000,-14581000,-4735000,14565000,14469000,11.72,12.85,10.6,0.1738,0.0982,6.17,1.92,10.7,1.03,0.292,0.1544,0.5826,0.1057,0.93,0.18,2.1917
2000-12-31,45823743,91647486,2,981803000,315154000,422896000,142116000,558907000,0,0,22455000,97681000,218810000,15709000,15709000,0.34,0.34,0.13,34749000,-17382000,-17588000,453000,19300000,12029000,11.08,12.85,9.31,0.1902,0.1059,6.1,1.86,9.39,0.9,0.207,0.1748,0.5693,0.1109,0.96,0.25,2.2176
2000-09-30,45827066,91654132,2,976935000,312750000,429868000,142938000,547067000,0,0,14684000,110682000,237053000,23706000,23706000,0.52,0.51,0.11,44391000,-14442000,-27726000,1062000,18847000,12438000,11.16,13.06,9.25,0.2122,0.1153,5.97,1.92,10.1,0.84,0.1794,0.2023,0.56,0.1191,0.97,0.35,2.188
2000-06-30,45805284,91610568,2,969394000,298942000,437372000,124448000,532022000,0,0,15643000,133703000,226206000,33813000,33813000,0.74,0.73,0.11,33550000,-53041000,14662000,-3593000,17785000,14272000,10.62,11.85,9.38,0.2054,0.1092,5.81,1.93,10.62,0.78,0.1873,0.2513,0.5488,0.1151,0.95,0.21,2.4021
2000-03-31,45777493,91554986,2,914308000,299247000,411399000,127423000,502909000,0,0,16539000,113691000,235480000,28548000,28548000,0.62,0.61,0.11,42377000,-12322000,-57291000,-27243000,21378000,13509000,8.92,10.56,7.28,0.1925,0.1003,5.49,1.68,9.49,0.73,0.202,0.2261,0.55,0.1079,0.93,0.32,2.3485
1999-12-31,46191477,92382954,2,954094000,332599000,463530000,131353000,490564000,0,0,17897000,158981000,224683000,23905000,23905000,0.51,0.51,0.1,28345000,-18834000,-5083000,2966000,48621000,16271000,9.29,9.97,8.6,0.1848,0.0906,5.31,1.78,10.04,0.67,0.2105,0.3241,0.5142,0.105,0.86,0.13,2.5321
1999-09-30,46747639,93495278,2,949334000,321151000,461349000,137620000,487985000,0,0,18030000,146380000,212086000,17139000,17139000,0.37,0.36,0.1,50910000,-20666000,-19260000,10984000,45655000,14503000,9.94,11.56,8.31,0.1861,0.0897,5.22,1.96,10.92,0.62,0.2144,0.3,0.514,0.106,0.85,0.39,2.3336
1999-06-30,47036891,94073782,2,937418000,310279000,460941000,126089000,476477000,0,0,18177000,156040000,200811000,24613000,24613000,0.52,0.52,0.1,22724000,132230000,-157121000,-2167000,35874000,24628000,10.9,12.15,9.65,0.1927,0.0912,5.06,2.19,12.75,0.57,0.2082,0.3275,0.5083,0.1086,0.84,-0.02,2.4608
1999-03-31,47035891,94071782,2,1083039000,314749000,615609000,123870000,467430000,0,0,19236000,309247000,208345000,23172000,23172000,0.49,0.49,0.1,62318000,-158598000,113141000,16861000,38041000,22167000,11.04,12.65,9.44,0.1817,0.0892,4.97,2.3,13.46,0.52,0.2157,0.6616,0.4316,0.1047,0.85,0.43,2.541
1998-12-31,47008283,94016566,2,937797000,311530000,486130000,107936000,451667000,0,0,21291000,192530000,205418000,22695000,22695000,0.49,0.48,0.1,18232000,-33807000,7578000,-7997000,21180000,19416000,9.94,11.88,8,0.1762,0.093,4.8,2.16,12.91,0.47,0.2179,0.4263,0.4816,0.1032,0.9,-0.01,2.8862
1998-09-30,46996723,93993446,2,904239000,295460000,471899000,117732000,432340000,0,0,17059000,176941000,196192000,17577000,17577000,0.33,0.33,0.09,31671000,-20656000,-24929000,-13914000,29177000,21570000,10.46,12.53,8.38,0.1668,0.0923,4.6,2.1,13.58,0.42,0.25,0.4093,0.4781,0.0997,0.93,0.11,2.5096
1998-06-30,52797116,105594232,2,899701000,303124000,374581000,119643000,525120000,0,0,16502000,83027000,204103000,21811000,21811000,0.41,0.41,0.09,34529000,-16724000,-16958000,847000,43091000,17400000,11.88,13.1,10.65,0.1601,0.0944,4.97,2.45,15.84,0.38,0.2561,0.1581,0.5837,0.0995,0.95,0.16,2.5336
1998-03-31,53120366,106240732,2,901828000,306862000,387473000,129067000,514355000,0,0,16810000,88968000,215149000,22649000,22649000,0.42,0.42,0.09,52782000,-18576000,-26284000,7922000,42244000,18361000,11.77,12.97,10.56,0.1571,0.0941,4.84,2.44,16.35,0.33,0.2265,0.173,0.5703,0.0974,0.97,0.32,2.3775
1997-12-31,53616402,107232804,2,888181000,296736000,370845000,112560000,517336000,0,0,17601000,91414000,216670000,20894000,20894000,0.39,0.38,0.13,31113000,-18592000,11462000,23983000,34322000,11999000,12.16,13.38,10.94,0.1527,0.0929,4.82,2.5,17.62,0.29,0.222,0.1767,0.5825,0.0964,0.96,0.18,2.6362
1997-09-30,55402619,110805238,2,864116000,273416000,324142000,125119000,539974000,0,0,18107000,38055000,207111000,18548000,18548000,0.33,0.33,0.09,28334000,-20206000,-1647000,6481000,10339000,20984000,12.02,13.63,10.4,0.1479,0.0905,4.87,2.52,20.2,0.22,0.1901,0.0705,0.6249,0.0942,0.96,0.07,2.1852
1997-06-30,55275914,110551828,2,849528000,259579000,321956000,122148000,527572000,0,0,19047000,38073000,207675000,20363000,20363000,0.37,0.37,0.035,23840000,-24076000,1479000,1243000,3858000,24877000,9.72,10.75,8.69,0.1303,None,4.77,2.1,18,0.18,0.2036,0.0722,0.621,0.0835,0.94,-0.01,2.1251
1997-03-31,55225543,110451086,2,842146000,258074000,331910000,134812000,510236000,0,0,20216000,35430000,198394000,20177000,20177000,0.36,0.36,0.07,15521000,-27416000,268000,-11627000,2615000,27424000,9.47,10,8.94,0.1198,None,4.62,2.06,7.73,0.16,0.242,0.0694,0.6059,0.0774,0.92,-0.11,1.9143
1996-12-31,55046183,110092366,2,846261000,259141000,341063000,147948000,505198000,0,0,23092000,24406000,204495000,17913000,17913000,0.32,0.32,0.07,9708000,-26009000,-8783000,-25084000,14242000,26345000,8.66,9.56,7.75,None,None,4.59,1.93,None,0.13,0.0892,0.0483,0.597,None,None,-0.15,1.7516
1996-09-30,55038320,110076640,2,846252000,269696000,352551000,157260000,493701000,0,0,24315000,29643000,183776000,7887000,7887000,0.14,0.14,0.07,23293000,-24258000,-4001000,-4966000,39326000,24652000,8.41,9.63,7.19,None,None,4.49,1.84,None,0.09,None,0.06,0.5834,None,None,-0.01,1.715
1996-06-30,56244909,112489818,2,873649000,305450000,359571000,178374000,514078000,0,0,25343000,12972000,196039000,14635000,14635000,0.26,0.26,0.055,-21637000,-38936000,-224828000,-285401000,44292000,16790000,10.6,12.06,9.13,None,None,4.57,1.64,None,0.06,None,0.0252,0.5884,None,None,-0.34,1.7124
1996-03-31,56634714,113269428,2,1165485000,595029000,434437000,252773000,731048000,0,0,26918000,9249000,270171000,115624000,115624000,1.73,1.73,0.055,17105000,488427000,-208969000,296563000,329693000,22652000,10.01,11.38,8.63,None,None,6.45,None,None,0.0275,None,0.0127,0.6272,None,None,-0.05,2.354
