"Quarter end","Shares","Shares split adjusted","Split factor","Assets","Current Assets","Liabilities","Current Liabilities","Shareholders equity","Non-controlling interest","Preferred equity","Goodwill & intangibles","Long-term debt","Revenue","Earnings","Earnings available for common stockholders","EPS basic","EPS diluted","Dividend per share","Cash from operating activities","Cash from investing activities","Cash from financing activities","Cash change during period","Cash at end of period","Capital expenditures","Price","Price high","Price low","ROE","ROA","Book value of equity per share","P/B ratio","P/E ratio","Cumulative dividends per share","Dividend payout ratio","Long-term debt to equity ratio","Equity to assets ratio","Net margin","Asset turnover","Free cash flow per share","Current ratio"
2019-06-29,12103019,12103019,1,813330000,178756000,290529000,188266000,522801000,0,0,3683000,37500000,318407000,27856000,27856000,2.39,2.36,0,41887000,-180938000,39181000,-99870000,3017000,22320000,318.85,379.35,258.34,0.2335,0.1602,43.2,7.59,35.15,0,0,0.0717,0.6428,0.101,1.59,1.62,0.9495
2019-03-30,11666384,11666384,1,704020000,260860000,214202000,132002000,489818000,0,0,3683000,27161000,251651000,23694000,23694000,2.04,2.02,0,13643000,-22051000,2896000,-5512000,102887000,22079000,275.53,320.14,230.93,0.2343,0.1656,41.99,6.96,35.19,0,0,0.0555,0.6957,0.1013,1.63,-0.72,1.9762
2018-12-29,11624958,11624958,1,639851000,231571000,179534000,120514000,460317000,0,0,3683000,0,225222000,21811000,21811000,1.88,1.86,0,55392000,-16730000,850000,39512000,108399000,16683000,278.21,317.6,238.82,0.2089,0.1506,39.6,7.44,32.58,0,0,0,0.7194,0.0931,1.62,3.33,1.9215
2018-09-29,11620352,11620352,1,623704000,220644000,189158000,131646000,434546000,0,0,3683000,0,306870000,38007000,38007000,3.25,3.21,0,54314000,-13244000,-48362000,-7292000,68887000,13282000,296.73,329.95,263.5,0.2334,0.1696,37.4,7.88,36.59,0,0,0,0.6967,0.1038,1.63,3.53,1.676
2018-06-30,11751750,11751750,1,618497000,212020000,175825000,131510000,442672000,0,0,3683000,0,273100000,23535000,23535000,1.99,1.98,0,64156000,-14006000,-20616000,29534000,76179000,13993000,246.47,307,185.95,0.2261,0.1648,37.67,6.64,29.06,0,0,0,0.7157,0.1059,1.56,4.27,1.6122
2018-03-31,11768359,11768359,1,579887000,174903000,142961000,99923000,436926000,0,0,3683000,0,190457000,9310000,9310000,0.79,0.78,0,-10415000,-11364000,2787000,-18992000,46645000,11475000,181.38,202.35,160.4,0.242,0.1756,37.13,5.07,22.26,0,0,0,0.7535,0.1151,1.53,-1.86,1.7504
2017-12-30,11832833,11832833,1,569624000,168348000,146101000,101758000,423523000,0,0,3683000,0,206320000,30530000,30530000,2.6,2.57,0,27744000,-9526000,-22626000,-4408000,65637000,9563000,176.2,194.6,157.8,0.2338,0.1689,35.79,5,24.01,0,0,0,0.7435,0.1148,1.47,1.54,1.6544
2017-09-30,11761291,11761291,1,587114000,179143000,172825000,109394000,414289000,0,0,3683000,0,247047000,33683000,33683000,2.82,2.78,0,47196000,-6693000,-42109000,-1606000,70045000,6694000,146.2,161.9,130.5,0.2111,0.1512,35.22,4.17,20.77,0,0,0,0.7056,0.1035,1.46,3.44,1.6376
2017-07-01,12016230,12016230,1,601507000,190714000,179843000,112805000,421664000,0,0,3683000,0,247930000,29125000,29125000,2.38,2.35,0,66082000,-9752000,-44572000,11758000,71651000,9731000,139.25,148.6,129.9,0.2019,0.1452,35.09,3.95,20.63,0,0,0,0.701,0.1003,1.45,4.69,1.6907
2017-04-01,12341347,12341347,1,586955000,166073000,151544000,84478000,435411000,0,0,3683000,0,161695000,5711000,5711000,0.46,0.45,0,-5040000,-6958000,-19144000,-31142000,59893000,6974000,159.78,174.9,144.65,0.1973,0.1417,35.28,4.47,23.39,0,0,0,0.7418,0.0978,1.45,-0.97,1.9659
2016-12-31,12503826,12503826,1,623297000,201238000,176715000,101519000,446582000,0,0,3683000,411000,219370000,22166000,22166000,1.77,1.76,0,45827000,-8976000,-23082000,13769000,91035000,8954000,163.88,178,149.76,0.2003,0.1427,35.72,4.57,26.1,0,0,0.0009,0.7165,0.0964,1.48,2.95,1.9823
2016-09-24,12555142,12555142,1,627495000,204551000,177252000,106289000,450243000,0,0,3683000,411000,253433000,31530000,31530000,2.53,2.48,0,60043000,-11144000,787000,49686000,77266000,11150000,171.56,192.05,151.06,0.1849,0.1316,35.86,5.17,25.8,0,0,0.0009,0.7175,0.0901,1.46,3.89,1.9245
2016-06-25,12424156,12424156,1,590573000,168320000,178341000,111138000,412232000,0,0,3683000,411000,244816000,26621000,26621000,2.11,2.06,0,42052000,-12943000,-52657000,-23548000,27580000,12943000,169.06,191.71,146.42,0.196,0.1395,33.18,4.93,24.97,0,0,0.001,0.698,0.0938,1.49,2.34,1.5145
2016-03-26,12702969,12702969,1,607831000,182495000,172484000,101521000,435347000,0,0,3683000,411000,188827000,7032000,7032000,0.55,0.53,0,6267000,-12955000,-36377000,-43065000,51128000,13011000,183.9,204.25,163.55,0.1924,0.1391,34.27,5.12,25.4,0,0,0.0009,0.7162,0.0966,1.44,-0.53,1.7976
2015-12-26,12832661,12832661,1,645400000,223603000,184179000,111160000,461221000,0,0,3683000,471000,215133000,16115000,16115000,1.25,1.21,0,26210000,-18581000,-48048000,-40419000,94193000,18481000,230.17,258.43,201.9,0.2003,0.1466,35.94,6.06,30.98,0,0,0.001,0.7146,0.1025,1.43,0.6,2.0115
2015-09-26,13016526,13016526,1,690917000,272269000,196117000,132792000,494800000,0,0,3683000,471000,293094000,38624000,38624000,2.93,2.85,0,64119000,-16726000,-59764000,-12371000,134612000,16726000,216.8,236.55,197.05,0.2089,0.1534,38.01,5.55,29.42,0,0,0.001,0.7161,0.1053,1.46,3.64,2.0503
2015-06-27,13169824,13169824,1,692513000,281258000,177831000,118368000,514682000,0,0,3683000,471000,252204000,29932000,29932000,2.24,2.18,0,57129000,-20192000,-12110000,24827000,146983000,20192000,255.22,272.83,237.62,0.2167,0.1594,39.08,6.88,36.1,0,0,0.0009,0.7432,0.1072,1.49,2.8,2.3761
2015-03-28,13341899,13341899,1,655624000,250407000,160505000,102057000,495119000,0,0,3683000,471000,199503000,13743000,13743000,1.04,1,0,21225000,-18731000,43260000,45754000,122156000,18788000,290.62,323.99,257.24,0.2243,0.1625,37.11,8.89,43.44,0,0,0.001,0.7552,0.1047,1.55,0.18,2.4536
2014-12-27,13338682,13338682,1,605161000,207462000,169021000,110170000,436140000,0,0,3683000,528000,217817000,19074000,19074000,1.47,1.4,0,38647000,-23494000,4071000,19224000,76402000,23492000,254.11,297.78,210.44,0.232,0.1657,32.7,8.05,38.39,0,0,0.0012,0.7207,0.1005,1.65,1.14,1.8831
2014-09-27,13063697,13063697,1,572297000,187670000,159913000,122390000,412384000,0,0,3683000,528000,269734000,37926000,37926000,2.91,2.79,0,64244000,-39941000,1593000,25896000,57178000,39841000,224.15,232.61,215.69,0.251,0.1769,31.57,7.86,39.19,0,0,0.0013,0.7206,0.1008,1.76,1.87,1.5334
2014-06-28,13043277,13043277,1,533870000,174422000,162140000,124823000,371730000,0,0,3683000,528000,231611000,25428000,25428000,1.95,1.88,0,47130000,-44281000,457000,3306000,31282000,44281000,229.06,246.04,212.07,0.2386,0.1641,28.5,8.68,43.3,0,0,0.0014,0.6963,0.0926,1.77,0.22,1.3974
2014-03-29,13037090,13037090,1,479363000,156471000,135263000,98206000,344100000,0,0,3683000,528000,183845000,8315000,8315000,0.64,0.62,0,-8810000,-44115000,31377000,-21548000,27976000,44170000,226.81,249.81,203.81,0.2431,0.1657,26.39,9.78,43.79,0,0,0.0015,0.7178,0.0912,1.82,-4.06,1.5933
2013-12-28,13020104,13020104,1,444075000,164278000,141990000,104377000,302085000,0,0,3683000,584000,205375000,18079000,18079000,1.41,1.33,0,33103000,-27536000,231000,5798000,49524000,27536000,241.63,259.25,224,0.2601,0.1761,23.2,11.01,47.47,0,0,0.0019,0.6803,0.0952,1.85,0.43,1.5739
2013-09-28,12828647,12828647,1,432428000,173372000,151007000,125146000,281421000,0,0,3683000,584000,216414000,25686000,25686000,2,1.89,0,48891000,-30291000,252000,18852000,43726000,27538000,211.36,248.97,173.74,0.2698,0.1828,21.94,10.7,44.68,0,0,0.0021,0.6508,0.1008,1.81,1.66,1.3854
2013-06-29,12828301,12828301,1,376766000,138996000,123230000,98032000,253536000,0,0,2538000,765000,181332000,19715000,19715000,1.53,1.45,0,30819000,-24386000,-13853000,-7420000,24874000,24386000,159.03,172.83,145.22,0.2637,0.1813,19.76,8.33,36.64,0,0,0.003,0.6729,0.1009,1.8,0.5,1.4179
2013-03-30,12869971,12869971,1,345327000,132250000,99730000,74771000,245597000,0,0,2538000,744000,135932000,6912000,6912000,0.54,0.51,0,-12831000,-21115000,-8223000,-42169000,32294000,21177000,148.97,163.49,134.45,0.2528,0.1749,19.08,7.82,33.93,0,0,0.003,0.7112,0.0977,1.79,-2.64,1.7687
2012-12-29,12866051,12866051,1,359484000,162342000,114393000,88894000,245091000,0,0,2538000,566000,153000000,16873000,16873000,1.31,1.24,0,30539000,-15597000,-3315000,11627000,74463000,16496000,122.22,139.24,105.19,0.2698,0.186,19.05,6.85,27.22,0,0,0.0023,0.6818,0.1025,1.82,1.09,1.8262
2012-09-29,12906981,12906981,1,335987000,150510000,105568000,83457000,230419000,0,0,2538000,566000,166448000,20750000,20750000,1.6,1.53,0,41499000,-17824000,-1982000,21693000,62836000,17674000,114.47,127.98,100.96,0.2941,0.2027,17.85,7.03,27.58,0,0,0.0025,0.6858,0.1061,1.91,1.85,1.8034
2012-06-30,12925173,12925173,1,305582000,134087000,95020000,72982000,210562000,0,0,2538000,566000,147503000,14351000,14351000,1.11,1.06,0,21539000,-18907000,350000,2982000,41143000,18281000,109.66,121,98.31,0.2932,0.1979,16.29,7.23,21.5,0,0,0.0027,0.6891,0.104,1.9,0.25,1.8373
2012-03-31,12892068,12892068,1,277534000,120023000,81958000,61341000,195576000,0,0,2540000,0,113271000,7493000,7493000,0.59,0.56,0,1753000,-14995000,1953000,-11289000,38161000,13518000,100.66,106.79,94.52,0.379,0.2508,15.17,7.01,20.88,0,0,0,0.7047,0.1328,1.89,-0.91,1.9567
2011-12-31,12872661,12872661,1,272488000,125723000,87743000,67049000,184745000,0,0,1377000,0,142054000,17785000,17785000,1.41,1.34,0,14837000,-7309000,-6201000,1327000,49450000,7309000,92.5,112.88,72.13,0.3716,0.2412,14.35,6.85,21.31,0,0,0,0.678,0.1288,1.87,0.58,1.8751
2011-09-24,12736811,12736811,1,274808000,128165000,102704000,82551000,172104000,0,0,1377000,0,134813000,16296000,16296000,1.26,1.19,0,15489000,-6268000,-27413000,-18192000,48123000,6268000,82.91,92.31,73.5,0.3494,0.2236,13.51,5.97,19.55,0,0,0,0.6263,0.1242,1.8,0.72,1.5526
2011-06-25,13115307,13115307,1,285257000,142200000,103264000,82581000,181993000,0,0,1377000,0,133957000,28019000,28019000,2.12,2.01,0,44748000,-3774000,-19981000,20993000,66315000,3774000,87.44,94.86,80.01,0.3467,0.222,13.88,6.8,26.02,0,0,0,0.638,0.1251,1.77,3.12,1.7219
2011-03-26,13397130,13397130,1,262770000,118822000,90576000,70047000,172194000,0,0,1377000,0,102176000,3959000,3959000,0.3,0.28,0,-2314000,-2248000,915000,-3647000,45322000,2248000,91.42,97.66,85.19,0.2822,0.1815,12.85,7.41,25.97,0,0,0,0.6553,0.1014,1.79,-0.34,1.6963
2010-12-25,13424167,13424167,1,258530000,112004000,92942000,72199000,165588000,0,0,1377000,0,115738000,12166000,12166000,0.91,0.86,0,14306000,-3584000,-14943000,-4221000,48969000,3584000,83.34,100.93,65.75,0.2976,0.1918,12.34,6.65,26.21,0,0,0,0.6405,0.1081,1.77,0.8,1.5513
2010-09-25,13381500,13381500,1,266918000,119768000,99210000,81245000,167708000,0,0,1377000,0,124467000,15446000,15446000,1.14,1.09,0,26364000,-5810000,-21043000,-489000,53190000,5810000,66.97,73,60.95,0.2667,0.1731,12.53,5.34,23.83,0,0,0,0.6283,0.0998,1.73,1.54,1.4742
2010-06-26,13773102,13773102,1,266094000,120468000,93542000,76398000,172552000,0,0,1377000,0,129563000,16270000,16270000,1.18,1.13,0,30724000,-2118000,-13591000,15015000,53679000,2118000,52.26,74.52,30,0.2377,0.156,12.53,4.35,20.82,0,0,0,0.6485,0.0918,1.7,2.08,1.5768
2010-03-27,14008498,14008498,1,254257000,106486000,86140000,68878000,168117000,0,0,1377000,0,94030000,6260000,6260000,0.45,0.44,0,-3564000,-2076000,-11177000,-16817000,38664000,2076000,48.19,53.13,43.24,0.2183,0.143,12,3.9,22.21,0,0,0,0.6612,0.0841,1.7,-0.4,1.546
2009-12-26,14019230,14019230,1,262936000,113030000,89781000,73786000,173155000,0,0,1377000,0,107188000,7460000,7460000,0.52,0.52,0,17017000,-5089000,-1249000,10679000,55481000,5089000,41.6,47,36.2,0.1962,0.1284,12.35,3.59,22.13,0,0,0,0.6585,0.075,1.71,0.85,1.5319
2009-09-26,14252414,14252414,1,251561000,101989000,86255000,73982000,165306000,0,0,1377000,0,108722000,10374000,10374000,0.74,0.72,0,16833000,-1690000,1065000,16208000,44802000,1690000,35.05,42.21,27.88,0.1813,0.1177,11.6,3.24,30.75,0,0,0,0.6571,0.0662,1.78,1.06,1.3786
2009-06-27,14153235,14153235,1,238444000,86409000,85180000,72788000,153264000,0,0,1377000,0,118070000,11918000,11918000,0.85,0.83,0,31591000,-5033000,-2109000,24449000,28594000,5033000,25.84,31.36,20.31,0.116,0.0756,10.83,2.58,28.4,0,0,0,0.6428,0.041,1.84,1.88,1.1871
2009-03-28,14257917,14257917,1,216686000,65356000,74088000,61578000,142598000,0,0,1377000,0,81073000,1366000,1366000,0.1,0.1,0,124000,-5177000,124000,-4929000,4145000,5177000,23.38,29.26,17.5,0.0959,0.0624,10,2.38,43.3,0,0,0,0.6581,0.0327,1.91,-0.35,1.0614
2008-12-27,14256026,14256026,1,219757000,68854000,79729000,67057000,140028000,0,0,1377000,0,103777000,3597000,3597000,0.26,0.23,0,12671000,-14200000,34000,-1495000,9074000,14200000,36.79,48.03,25.55,0.0613,0.0397,9.82,3.83,47.78,0,0,0,0.6372,0.0203,1.95,-0.11,1.0268
2008-09-27,14176952,14176952,1,202979000,60767000,66885000,63018000,136094000,0,0,1377000,0,101128000,-295000,-295000,-0.02,-0.02,0,6196000,-18760000,3747000,-8817000,10569000,18767000,46.83,54.15,39.5,0.0864,0.0569,9.6,5,46.83,0,0,0,0.6705,0.0291,1.96,-0.89,0.9643
2008-06-28,14048732,14048732,1,205903000,78795000,74313000,70336000,131590000,0,0,1377000,0,117372000,8525000,8525000,0.61,0.6,0,10959000,-65210000,2475000,-51776000,19386000,20290000,43.29,48.59,37.99,0.1139,0.0765,9.37,5.08,50.34,0,0,0,0.6391,0.0398,1.92,-0.66,1.1203
2008-03-29,14029250,14029250,1,186526000,122076000,66878000,62815000,119648000,0,0,1377000,0,76123000,-3739000,-3739000,-0.27,-0.27,0,10016000,-6318000,-11825000,-8127000,71162000,6271000,41.81,49.98,33.64,0.1014,0.0702,8.53,4.33,27.33,0,0,0,0.6415,0.0376,1.87,0.27,1.9434
2007-12-29,13828921,13828921,1,195855000,135793000,62267000,58057000,133588000,0,0,1377000,0,92187000,6755000,6755000,0.47,0.46,0,30069000,-16372000,-5988000,7709000,79289000,6984000,43.15,55.3,31,0.176,0.1261,9.66,4.7,34.8,0,0,0,0.6821,0.0658,1.92,1.67,2.339
2007-09-29,14377948,14377948,1,181546000,135810000,49449000,44751000,132097000,0,0,1377000,0,84144000,3177000,3177000,0.22,0.21,0,10341000,-12194000,1393000,-460000,71580000,10075000,44.3,49.73,38.86,0.1499,0.1084,9.19,5.01,30.76,0,0,0,0.7276,0.0564,1.92,0.02,3.0348
2007-06-30,14339063,14339063,1,175868000,139806000,49035000,44225000,126833000,0,0,1377000,0,92868000,6791000,6791000,0.48,0.46,0,15515000,-6007000,1083000,10591000,72040000,6007000,36.7,41.33,32.07,0.1834,0.1312,8.85,4.43,23.83,0,0,0,0.7212,0.0666,1.97,0.66,3.1612
2007-03-31,14314522,14314522,1,160288000,125227000,41720000,36806000,118568000,0,0,1377000,0,72448000,5768000,5768000,0.41,0.4,0,-2131000,-2536000,2969000,-1698000,61449000,2536000,33.52,36.23,30.8,0.2086,0.149,8.28,4.4,26.39,0,0,0,0.7397,0.0736,2.03,-0.33,3.4024
2006-12-30,14268671,14268671,1,154475000,120562000,45886000,40870000,108589000,0,0,1377000,0,73343000,2477000,2477000,0.18,0.17,0,5552000,-1352000,2051000,6251000,63147000,1352000,34.15,37.5,30.8,0.1841,0.1311,7.61,4.67,27.1,0,0,0,0.703,0.0637,2.06,0.29,2.9499
2006-09-30,14055593,14055593,1,147696000,113759000,44883000,39225000,102813000,0,0,1377000,0,75867000,5908000,5908000,0.43,0.41,0,14204000,-4397000,1965000,11772000,56896000,4945000,31,33.99,28,0.193,0.1384,7.31,4.56,27.19,0,0,0,0.6961,0.065,2.13,0.66,2.9002
2006-07-01,13919745,13919745,1,131963000,100912000,37344000,33044000,94619000,0,0,1377000,0,79333000,7986000,7986000,0.57,0.56,0,-8853000,-2314000,-2882000,-14049000,45124000,1811000,27.5,29.45,25.55,0.1838,0.1325,6.8,4.32,29.57,0,0,0,0.717,0.0615,2.15,-0.77,3.0539
2006-04-01,14034951,14034951,1,121030000,91169000,31830000,27543000,89200000,0,0,1377000,0,56888000,1821000,1821000,0.13,0.13,0,18074000,-951000,534000,17657000,59173000,906000,26.13,27.5,24.75,0.1554,0.1128,6.36,4.24,24.42,0,0,0,0.737,0.0544,2.07,1.22,3.3101
2005-12-31,13957248,13957248,1,119054000,89189000,33075000,28739000,85979000,0,0,1377000,0,64752000,2266000,2266000,0.16,0.16,0,7241000,-2658000,-463000,4120000,41516000,2894000,25.3,27.27,23.32,0.183,0.1327,6.16,4.18,23,0,0,0,0.7222,0.0653,2.03,0.31,3.1034
2005-09-24,13889152,13889152,1,118831000,91332000,34854000,32096000,83977000,0,0,1377000,0,63210000,4187000,4187000,0.3,0.29,0,7555000,-4117000,-6633000,-3195000,37396000,3969000,22.54,24.08,21,0.1941,0.1411,6.05,3.69,22.1,0,0,0,0.7067,0.0704,2.01,0.26,2.8456
2005-06-25,14115092,14115092,1,116873000,92199000,30625000,28294000,86248000,0,0,1377000,0,61633000,5143000,5143000,0.36,0.35,0,9724000,-4704000,-2952000,2068000,40591000,4516000,21.55,23.25,19.85,0.1851,0.1357,6.11,3.67,20.72,0,0,0,0.738,0.0678,2,0.37,3.2586
2005-03-26,14291188,14291188,1,114289000,93110000,30384000,28105000,83905000,0,0,1377000,0,48709000,3963000,3963000,0.28,0.27,0,4321000,-2365000,773000,2729000,38523000,2465000,22.63,24.55,20.71,0.1966,0.1426,5.87,4.12,26.31,0,0,0,0.7341,0.0687,2.08,0.13,3.3129
2004-12-25,14285018,14285018,1,107462000,87768000,29092000,26238000,78370000,0,0,1377000,0,55802000,2843000,2843000,0.21,0.19,0,4163000,-5025000,-357000,-1219000,35794000,1029000,23.25,25.99,20.52,0.172,0.1246,5.49,4.4,25.27,0,0,0,0.7293,0.0576,2.17,0.22,3.3451
2004-09-25,14182873,14182873,1,102890000,83015000,27840000,24972000,75050000,0,0,1377000,0,54734000,3025000,3025000,0.21,0.21,0,3155000,-18477000,267000,-15055000,37013000,1479000,23.75,27.95,19.55,0.1931,0.1393,5.29,4.68,23.99,0,0,0,0.7294,0.0626,2.23,0.12,3.3243
2004-06-26,14158123,14158123,1,101694000,82147000,29826000,26943000,71868000,0,0,1377000,0,62017000,5363000,5363000,0.38,0.37,0,9185000,16675000,1462000,27322000,52068000,1189000,19.37,20.99,17.75,0.2211,0.1559,5.08,3.91,23.62,0,0,0,0.7067,0.0669,2.33,0.56,3.0489
2004-03-27,13221840,13221840,1,89211000,69767000,23689000,20893000,65522000,0,0,1377000,0,44655000,1271000,1271000,0.09,0.09,0,2770000,-7000000,1184000,-3046000,24746000,862000,17.95,19.49,16.4,0.1903,0.1341,4.96,3.88,24.93,0,0,0,0.7345,0.0576,2.33,0.14,3.3393
2003-12-27,13494965,13494965,1,87354000,67819000,24830000,21899000,62524000,0,0,1377000,0,50762000,3617000,3617000,0.27,0.25,0,7746000,-258000,678000,8166000,27792000,225000,17.41,18.98,15.85,0.1627,0.1142,4.63,4.18,29.02,0,0,0,0.7158,0.0508,2.25,0.56,3.0969
2003-09-27,13817795,13817795,1,86966000,64960000,29283000,26472000,57683000,0,0,1377000,0,55545000,3988000,3988000,0.28,0.28,0,14549000,15414000,-11387000,18576000,19626000,279000,14.96,16.22,13.7,0.1306,0.0926,4.17,3.24,44,0,0,0,0.6633,0.0426,2.17,1.03,2.4539
2003-06-28,14124917,14124917,1,92630000,70952000,27436000,25218000,65194000,0,0,1377000,0,56319000,3062000,3062000,0.2,0.2,0,-2217000,3771000,-12112000,-10558000,1050000,630000,12.62,15.13,10.1,0.0732,0.0523,4.62,2.56,29.35,0,0,0,0.7038,0.0253,2.06,-0.2,2.8135
2003-03-29,15053892,15053892,1,102769000,80270000,28587000,25484000,74182000,0,0,1377000,0,45319000,-109000,-109000,-0.01,-0.01,0,-437000,-3932000,-4631000,-9000000,11608000,595000,13.43,15.3,11.56,0.0911,0.0658,4.93,2.64,25.83,0,0,0,0.7218,0.0331,1.99,-0.07,3.1498
2002-12-28,15524692,15524692,1,106806000,83537000,27974000,24871000,78832000,0,0,1377000,0,54264000,2068000,2068000,0.14,0.13,0,2225000,271000,706000,3202000,20608000,673000,15.54,17.8,13.28,0.1074,0.0785,5.08,3.22,77.7,0,0,0,0.7381,0.0397,1.98,0.1,3.3588
2002-09-28,15697382,15697382,1,109368000,85002000,33549000,29121000,75819000,0,0,0,0,56559000,362000,362000,0.02,0.02,0,7406000,5037000,-8960000,3483000,17406000,716000,14.46,16.07,12.86,0.0428,0.0312,4.83,2.7,41.31,0,0,0,0.6932,0.0163,1.91,0.43,2.9189
2002-06-29,15704283,15704283,1,114106000,88747000,30092000,25452000,84014000,0,0,1377000,0,58872000,4803000,4803000,0.29,0.29,0,6604000,-23240000,-673000,-17309000,13923000,377000,14.84,16.88,12.8,0.0715,0.0532,5.35,3.04,42.4,0,0,0,0.7363,0.0288,1.85,0.4,3.4868
2002-03-30,16360261,16360261,1,105277000,79296000,25492000,20785000,79785000,0,0,1377000,0,45660000,1320000,1320000,0.08,0.08,0,-2415000,-12335000,144000,-14606000,31232000,570000,14.88,17.94,11.82,0.0714,0.053,4.88,3.11,31,0,0,0,0.7579,0.0299,1.77,-0.18,3.8151
2001-12-29,16353378,16353378,1,107495000,80471000,29316000,24397000,78179000,0,0,0,0,47369000,-3087000,-3087000,-0.19,-0.19,0,4380000,4201000,-709000,7872000,47869000,312000,14.23,17.69,10.76,0.0994,0.0736,4.78,2.82,18.01,0,0,0,0.7273,0.0419,1.76,0.25,3.2984
2001-09-29,16293633,16293633,1,108856000,80930000,26744000,23148000,82112000,0,0,91000,0,49105000,2755000,2755000,0.17,0.17,0,1766000,287000,-303000,1750000,11139000,514000,10.34,11.85,8.82,0.1648,0.1229,5.04,2.13,13.97,0,0,0,0.7543,0.068,1.81,0.08,3.4962
2001-06-30,16415901,16415901,1,108615000,79477000,29028000,25185000,79587000,0,0,66000,0,48633000,4716000,4716000,0.29,0.29,0,10101000,-1214000,-612000,8275000,9389000,1493000,9.28,9.94,8.62,0.1572,0.1168,4.85,2.02,14.5,0,0,0,0.7327,0.0664,1.76,0.52,3.1557
2001-03-31,16443874,16443874,1,100695000,71294000,25285000,21139000,75410000,0,0,41000,0,41676000,3449000,3449000,0.21,0.21,0,3031000,-6261000,-1912000,-5142000,1114000,952000,9.47,10.2,8.75,0.1408,0.1048,4.59,2.12,15.27,0,0,0,0.7489,0.0591,1.77,0.13,3.3726
2000-12-30,16478118,16478118,1,98602000,68407000,24913000,20446000,73689000,0,0,0,0,48867000,1888000,1888000,0.12,0.12,0,2487000,5890000,-11796000,-3419000,6256000,760000,8.31,9.06,7.56,0.1397,0.1037,4.47,1.66,14.58,0,0,0,0.7473,0.059,1.76,0.1,3.3457
2000-09-23,16722448,16722448,1,113087000,82955000,29128000,25238000,83959000,0,0,0,0,45991000,2236000,2236000,0.12,0.12,0,6877000,-1448000,-1057000,4372000,9675000,1149000,9.03,9.56,8.5,0.1305,0.0967,5.02,1.98,15.57,0,0,0,0.7424,0.0581,1.66,0.34,3.2869
2000-06-24,18149946,18149946,1,111902000,81110000,29219000,24723000,82683000,0,0,0,0,51439000,3542000,3542000,0.19,0.19,0,5050000,-1659000,-2446000,945000,5303000,2178000,8.26,9.13,7.38,0.1338,0.0995,4.56,1.85,14.49,0,0,0,0.7389,0.0615,1.62,0.16,3.2808
2000-03-25,18207011,18207011,1,109914000,79648000,28522000,23298000,81392000,0,0,0,0,44257000,3573000,3573000,0.19,0.19,0,2922000,1876000,-5786000,-988000,4358000,1515000,7.38,7.75,7,0.1322,0.0985,4.47,1.65,13.67,0,0,0,0.7405,0.0634,1.55,0.08,3.4187
1999-12-25,18617031,18617031,1,112730000,82328000,29280000,23501000,83450000,0,0,0,0,44595000,1467000,1467000,0.07,0.07,0,4140000,3221000,-9825000,-2464000,5346000,2096000,8.13,9.25,7,0.1268,0.0931,4.48,1.82,15.63,0,0,0,0.7403,0.0627,1.49,0.11,3.5032
1999-09-25,20532650,20532650,1,121791000,91596000,29982000,23930000,91809000,0,0,0,0,44148000,2768000,2768000,0.13,0.13,0,6607000,-2862000,23000,3768000,7810000,451000,8.51,9.63,7.38,0.1205,0.0864,4.47,1.97,16.37,0,0,0,0.7538,0.0588,1.47,0.3,3.8277
1999-06-26,20532322,20532322,1,119436000,88097000,30438000,24147000,88998000,0,0,0,0,47188000,3616000,3616000,0.18,0.18,0,4003000,2964000,-9979000,-3012000,4042000,606000,8.16,8.81,7.5,0.1228,0.0852,4.33,1.96,18.13,0,0,0,0.7452,0.0577,1.48,0.17,3.6484
1999-03-27,20522365,20522365,1,121924000,89457000,36554000,33453000,85370000,0,0,0,0,40850000,3229000,3229000,0.16,0.16,0,-949000,-662000,15000,-1596000,7054000,612000,9.32,11.13,7.5,0.1111,0.0751,4.16,2.33,23.9,0,0,0,0.7002,0.0507,1.48,-0.08,2.6741
1998-12-26,20522365,20522365,1,122689000,89476000,40661000,37427000,82028000,0,0,0,0,46302000,879000,879000,0.05,0.05,0,4872000,-7791000,-2000,-2921000,8650000,399000,7.88,9.25,6.5,0.0999,0.0677,4,1.99,19.7,0,0,0,0.6686,0.0432,1.57,0.22,2.3907
1998-09-26,20501303,20501303,1,122098000,89978000,40996000,27957000,81102000,0,0,0,10000000,45373000,2637000,2637000,0.13,0.13,0,8496000,-1144000,-40000,7312000,11571000,722000,9.63,12.75,6.5,0.1088,0.074,3.96,2.51,22.4,0,0,0.1233,0.6642,0.0462,1.6,0.38,3.2184
1998-06-27,20493144,20493144,1,116599000,83605000,38187000,25016000,78412000,0,0,0,10000000,46530000,2332000,2332000,0.11,0.11,0,10029000,-4590000,-1475000,3964000,4259000,1850000,10.69,12.44,8.94,0.121,0.082,3.83,2.89,27.41,0,0,0.1275,0.6725,0.0487,1.69,0.4,3.3421
1998-03-28,20488916,20488916,1,106926000,74509000,31144000,20355000,75782000,0,0,0,10000000,45248000,2076000,2076000,0.1,0.1,0,-1023000,-319000,1624000,282000,295000,2198000,8.81,10,7.63,0.1128,0.0753,3.7,2.53,23.81,0,0,0.132,0.7087,0.043,1.75,-0.16,3.6605
1997-12-27,20469391,20469391,1,105399000,73876000,34115000,23326000,71284000,0,0,0,10000000,43477000,1295000,1295000,0.06,None,0,9431000,-5069000,-4349000,13000,13000,244000,9.4,11,7.81,0.1098,None,3.48,2.73,None,0,0,0.1403,0.6763,0.0411,1.74,0.45,3.1671
1997-09-27,20445629,20445629,1,107513000,76355000,37109000,37109000,70404000,0,0,0,0,48617000,3248000,3248000,0.16,None,0,5468000,-4833000,-635000,0,0,5030000,9.13,10,8.25,None,None,3.44,2.74,None,0,None,0,0.6548,None,None,0.02,2.0576
1997-06-28,20417534,20417534,1,108065000,79665000,39978000,39978000,68087000,0,0,0,0,49838000,1435000,1435000,0.07,None,0,119000,-3961000,3810000,-32000,0,3549000,9.38,10.63,8.13,None,None,3.33,2.9,None,0,None,0,0.6301,None,None,-0.17,1.9927
1997-03-29,20332110,20332110,1,101437000,75397000,35858000,34058000,65579000,0,0,0,1800000,41855000,1580000,1580000,0.08,None,0,-8035000,-6869000,9876000,-5028000,32000,6463000,9.44,10.88,8,None,None,3.23,2.93,None,0,None,0.0274,0.6465,None,None,-0.71,2.2138
1996-12-28,20127273,20127273,1,96553000,77691000,31722000,29922000,64831000,0,0,0,1800000,None,None,None,None,None,0,7338000,-158000,4000,7184000,5060000,2810000,15.19,20.38,10,None,None,3.22,4.88,None,0,None,0.0278,0.6715,None,None,0.22,2.5965
1996-09-28,20066233,20066233,1,92329000,74407000,30021000,28221000,62308000,0,0,0,1800000,46112000,2296000,2296000,0.11,0.11,0,None,None,None,None,32606000,0,21.38,23.75,19,None,None,3.11,None,None,0,None,0.0289,0.6748,None,None,None,2.6366
