"Quarter end","Shares","Shares split adjusted","Split factor","Assets","Current Assets","Liabilities","Current Liabilities","Shareholders equity","Non-controlling interest","Preferred equity","Goodwill & intangibles","Long-term debt","Revenue","Earnings","Earnings available for common stockholders","EPS basic","EPS diluted","Dividend per share","Cash from operating activities","Cash from investing activities","Cash from financing activities","Cash change during period","Cash at end of period","Capital expenditures","Price","Price high","Price low","ROE","ROA","Book value of equity per share","P/B ratio","P/E ratio","Cumulative dividends per share","Dividend payout ratio","Long-term debt to equity ratio","Equity to assets ratio","Net margin","Asset turnover","Free cash flow per share","Current ratio"
2019-03-30,546277691,546277691,1,7471000000,3502000000,5365000000,3233000000,2106000000,0,0,1331000000,632000000,2769000000,8000000,8000000,0.01,0.01,0.025,60000000,-52000000,-64000000,-54000000,606000000,46000000,3.16,3.82,2.5,0.0331,0.0107,3.86,0.8,16.63,0.24,0.7326,0.3001,0.2819,0.0065,1.66,0.03,1.0832
2018-12-29,540977359,540977359,1,6166000000,2683000000,4040000000,2185000000,2126000000,0,0,1336000000,690000000,2670000000,-13000000,-13000000,-0.02,-0.02,0.02,61000000,-68000000,-255000000,-267000000,660000000,51000000,2.85,3.63,2.08,0.0482,0.0164,3.93,0.71,23.75,0.21,0.503,0.3246,0.3448,0.0094,1.74,0.02,1.2279
2018-09-29,547197827,547197827,1,6472000000,3010000000,4275000000,2228000000,2197000000,0,0,1342000000,887000000,2887000000,60000000,60000000,0.11,0.11,0.025,304000000,-76000000,-52000000,177000000,927000000,47000000,2.92,3.44,2.4,0.0306,0.0103,4.02,0.75,16.22,0.2,0.7966,0.4037,0.3395,0.006,1.71,0.47,1.351
2018-06-30,554453337,554453337,1,6359000000,2916000000,4203000000,2120000000,2156000000,0,0,1319000000,903000000,2628000000,16000000,16000000,0.03,0.03,0.025,45000000,-3000000,-66000000,-27000000,750000000,37000000,2.55,3.11,2,0.0463,0.016,3.89,0.66,12.75,0.17,0.5286,0.4188,0.339,0.0092,1.74,0.01,1.3755
2018-03-31,557846581,557846581,1,6390000000,2928000000,4215000000,2106000000,2157000000,18000000,0,1330000000,918000000,2830000000,41000000,41000000,0.07,0.07,0.025,217000000,-36000000,-41000000,138000000,777000000,37000000,2.84,3.66,2.02,0.0511,0.018,3.87,0.74,8.11,0.15,0.4802,0.4256,0.3376,0.0102,1.77,0.32,1.3903
2017-12-30,554488284,554488284,1,6323000000,2871000000,4185000000,2046000000,2120000000,18000000,0,1299000000,936000000,2581000000,-51000000,-51000000,-0.09,-0.09,0.02,40000000,-899000000,672000000,-188000000,636000000,77000000,3.81,4.65,2.97,0.0895,0.0321,3.82,0.96,4.43,0.12,0.2755,0.4415,0.3353,0.0177,1.82,-0.07,1.4032
2017-09-30,516118302,516118302,1,5397000000,2832000000,3355000000,1858000000,2042000000,0,0,413000000,265000000,2620000000,92000000,92000000,0.18,0.17,0.025,282000000,-154000000,-127000000,4000000,824000000,9000000,5.11,6.26,3.95,0.2357,0.0846,3.96,1.34,6.64,0.1,0.0841,0.1298,0.3784,0.0508,1.67,0.53,1.5242
2017-07-01,518406220,518406220,1,5412000000,2912000000,3437000000,1827000000,1975000000,0,0,395000000,347000000,2363000000,24000000,24000000,0.05,0.05,0.025,34000000,23000000,-42000000,18000000,820000000,25000000,5.17,5.76,4.58,0.2165,0.0742,3.81,1.37,4.7,0.08,0.0946,0.1757,0.3649,0.0444,1.67,0.02,1.5939
2017-04-01,516639998,516639998,1,5435000000,2924000000,3481000000,1846000000,1954000000,0,0,395000000,353000000,2676000000,116000000,116000000,0.22,0.22,0.025,102000000,-71000000,-38000000,-5000000,802000000,30000000,4.55,4.95,4.15,0.3188,0.104,3.78,1.26,4.74,0.05,0.0436,0.1807,0.3595,0.059,1.76,0.14,1.584
2016-12-31,514820686,514820686,1,5540000000,2973000000,3688000000,2031000000,1852000000,0,0,396000000,358000000,1423000000,229000000,229000000,0.45,0.42,0,36000000,-93000000,-69000000,-136000000,807000000,40000000,4.12,5.22,3.01,0.293,0.0896,3.6,1.18,7.23,0.03,0.025,0.1933,0.3343,0.048,1.87,-0.01,1.4638
2016-09-24,528383116,528383116,1,5881000000,3400000000,4032000000,2322000000,1849000000,0,0,401000000,360000000,2836000000,44000000,44000000,0.08,0.08,0.025,186000000,-24000000,-338000000,-175000000,943000000,22000000,3.48,3.86,3.11,0.1807,0.0514,3.5,1.02,6.96,0.03,0.0419,0.1947,0.3144,0.0241,2.13,0.31,1.4643
2016-06-25,543929704,543929704,1,6173000000,3845000000,4313000000,2289000000,1860000000,0,0,425000000,617000000,3218000000,210000000,210000000,0.38,0.38,0,287000000,-12000000,-37000000,238000000,1118000000,23000000,5.54,7.91,3.18,0.1653,0.0441,3.42,1.83,554,0,0,0.3317,0.3013,0.0199,2.22,0.49,1.6798
2016-03-26,550112142,550112142,1,6034000000,3696000000,4373000000,2315000000,1661000000,0,0,429000000,624000000,3544000000,46000000,46000000,0.08,0.08,0,-139000000,-25000000,-26000000,-190000000,879000000,26000000,6.02,7.2,4.83,0.0056,0.0014,3.02,2.06,602,0,0,0.3757,0.2753,0.0006,2.24,-0.3,1.5965
2015-12-26,548986561,548986561,1,6442000000,4060000000,4839000000,2743000000,1603000000,0,0,432000000,634000000,3478000000,15000000,15000000,0.03,0.03,0,126000000,-7000000,-8000000,111000000,1069000000,40000000,6.62,7.99,5.24,0.005,0.0012,2.92,2.3,None,0,0,0.3955,0.2488,0.0006,2.24,0.16,1.4801
2015-09-26,548727485,548727485,1,6459000000,4025000000,4879000000,2652000000,1580000000,0,0,454000000,643000000,3690000000,6000000,6000000,0.01,0.01,0,135000000,-28000000,-8000000,91000000,958000000,52000000,7.81,8.98,6.64,-0.0568,-0.0139,2.88,2.7,None,0,None,0.407,0.2446,None,2.26,0.15,1.5177
2015-06-27,548138078,548138078,1,6360000000,3878000000,4777000000,2511000000,1583000000,0,0,460000000,648000000,3440000000,-58000000,-58000000,-0.11,-0.11,0,-89000000,31000000,-1000000,-60000000,867000000,44000000,9.11,9.41,8.8,-0.0412,-0.0103,2.89,3.07,None,0,None,0.4093,0.2489,None,2.29,-0.24,1.5444
2015-03-28,546282587,546282587,1,6548000000,4009000000,4926000000,2639000000,1622000000,0,0,464000000,658000000,3877000000,45000000,45000000,0.08,0.08,0,-46000000,-70000000,-8000000,-144000000,927000000,27000000,8.59,9.77,7.4,-0.1174,-0.0295,2.97,2.89,None,0,None,0.4057,0.2477,None,2.3,-0.13,1.5191
2014-12-27,545374602,545374602,1,6844000000,4218000000,5223000000,2893000000,1621000000,0,0,463000000,674000000,3832000000,-84000000,-84000000,-0.14,-0.14,0,121000000,-29000000,25000000,106000000,1071000000,33000000,6.58,8.9,4.26,-0.198,-0.0511,2.97,1.99,None,0,None,0.4158,0.2368,None,2.32,0.16,1.458
2014-09-27,538621477,538621477,1,6780000000,4089000000,5001000000,2751000000,1778000000,1000000,0,481000000,680000000,4069000000,29000000,29000000,0.05,0.05,0,197000000,16000000,-1000000,193000000,965000000,24000000,5.37,5.91,4.83,-0.2184,-0.055,3.3,1.61,None,0,None,0.3825,0.2622,None,2.22,0.32,1.4864
2014-06-28,537575688,537575688,1,6973000000,4181000000,5125000000,2822000000,1847000000,1000000,56000000,491000000,685000000,3841000000,-190000000,-190000000,-0.36,-0.36,0,-88000000,-7000000,-11000000,-98000000,768000000,27000000,4.84,5.85,3.84,-0.1886,-0.041,3.33,1.32,None,0,None,0.3825,0.2568,None,2.27,-0.21,1.4816
2014-03-29,534745785,534745785,1,7111000000,4245000000,5093000000,2721000000,2017000000,1000000,55000000,494000000,685000000,4354000000,-109000000,-109000000,-0.21,-0.21,0,-74000000,-8000000,2000000,-85000000,870000000,39000000,4.71,5.45,3.97,-0.1379,-0.0223,3.67,1.21,None,0,None,0.3491,0.2759,None,2.34,-0.21,1.5601
2013-12-28,532327658,532327658,1,7477000000,4396000000,5359000000,2922000000,2117000000,1000000,54000000,511000000,696000000,3485673000,-120039000,-144661000,-0.3,-0.3,0,12797000,446557000,-230168000,230070000,955000000,42685000,5.19,5.85,4.53,-0.092,-0.0043,3.88,1.93,74.14,0,None,0.3374,0.2759,None,2.41,-0.06,1.5044
2013-09-28,289076315,289076315,1,3651772000,2693779000,2681338000,1819946000,970434000,0,193201000,34441000,471259000,2619448000,160900000,132861000,0.42,0.41,0,-25561000,648059000,-376129000,252786000,724741000,31987000,4.35,4.85,3.86,0.0517,0.0244,2.69,2.21,None,0,0,0.6063,0.2128,0.0033,2.73,-0.2,1.4801
2013-06-29,288925484,288925484,1,3747565000,2474684000,2792627000,1908074000,954938000,0,386401000,78514000,475004000,2418619000,-54206000,-64376000,-0.23,-0.23,0,-303000,-38166000,-40270000,-77308000,471955000,33679000,4.03,4.51,3.55,-0.2647,-0.0336,1.97,1.82,None,0,None,0.8355,0.1517,None,2.7,-0.12,1.297
2013-03-30,286084034,286084034,1,3791647000,2497110000,2769627000,1859328000,1021905000,115000,386401000,80217000,479820000,2718260000,-6655000,-16824000,-0.06,-0.06,0,-93933000,-28450000,6567000,-121548000,549263000,28649000,4.75,6.1,3.4,-0.2493,-0.0339,2.22,2.05,None,0,None,0.755,0.1676,None,2.68,-0.43,1.343
2012-12-29,285522659,285522659,1,4010779000,2696190000,2962830000,2045968000,1047842000,107000,386401000,81101000,485331000,2622760000,-7316000,-17485000,-0.05,-0.05,0,95239000,-30795000,-16522000,51279000,670811000,-578000,2.93,3.62,2.24,-0.1529,-0.0192,2.32,1.24,None,0,None,0.7337,0.1649,None,2.67,0.34,1.3178
2012-09-29,285230818,285230818,1,3949850000,2599498000,2886416000,2019525000,1063339000,95000,386401000,81255000,486039000,2692933000,-61916000,-69566000,-0.25,-0.25,0,215934000,-15496000,-6589000,196853000,619532000,26245000,2.18,2.85,1.51,-0.1086,-0.0121,2.37,0.86,9.48,0,None,0.718,0.1714,None,2.71,0.67,1.2872
2012-06-30,285160572,285160572,1,3957312000,2508210000,2854417000,1824333000,1102795000,100000,378751000,93852000,639028000,2507150000,-57382000,-64281000,-0.23,-0.23,0,-38476000,-17206000,-5536000,-66095000,422679000,37830000,2.74,3.5,1.98,0.107,0.0275,2.54,0.95,7.83,0,0,0.8826,0.183,0.0072,2.71,-0.27,1.3749
2012-03-31,283824180,283824180,1,4125149000,2628441000,2937334000,1891901000,1187602000,213000,371851000,98235000,642513000,2872809000,49503000,41287000,0.14,0.14,0,-93365000,33770000,-26535000,-81907000,488774000,24641000,2.95,3.81,2.08,0.1545,0.0357,2.87,1.12,18.44,0,0,0.7876,0.1978,0.0102,2.7,-0.42,1.3893
2011-12-31,280853676,280853676,1,4250984000,2744132000,3148063000,2047437000,1102707000,214000,363636000,97122000,648313000,2969695000,20350000,12284000,0.09,0.04,0,179674000,-49748000,-1236000,118029000,570681000,40948000,2.19,2.58,1.8,0.0824,0.0222,2.63,0.82,None,0,0,0.8772,0.1739,0.0052,2.66,0.49,1.3403
2011-09-24,280467693,280467693,1,4170491000,2660865000,3068431000,1956171000,1101847000,213000,355979000,98360000,647674000,2836737000,100872000,91659000,0.29,0.28,0,167991000,-28438000,-58347000,78497000,452652000,28438000,3.23,4.42,2.05,-0.085,-0.0054,2.66,1.29,None,0,None,0.8683,0.1788,None,2.61,0.5,1.3602
2011-06-25,280035761,280035761,1,4335024000,2755867000,3278308000,2082105000,1056462000,254000,355979000,104017000,652692000,2710141000,-20114000,-29327000,-0.11,-0.11,0,-53378000,-28465000,-39596000,-120052000,374155000,28465000,4.04,4.74,3.33,-0.1662,-0.0185,2.5,1.55,None,0,None,0.9318,0.1616,None,2.55,-0.29,1.3236
2011-03-26,277571087,277571087,1,4508053000,2892448000,3425712000,2211699000,1081823000,518000,355979000,104431000,657015000,2972960000,-5414000,-14627000,-0.05,-0.05,0,-94620000,-50507000,603000,-133271000,494207000,24349000,5.43,6.1,4.77,-0.1599,-0.0174,2.61,2.16,None,0,None,0.9052,0.161,None,2.53,-0.43,1.3078
2010-12-25,277571087,277571087,1,4569437000,3027942000,3517483000,2343445000,1051475000,479000,355979000,41271000,659820000,2961932000,-99183000,-108626000,-0.4,-0.4,0,21240000,-85923000,15988000,-51239000,627478000,38308000,4.89,5.53,4.25,-0.1105,-0.0097,2.51,1.74,None,0,None,0.9487,0.1522,None,2.53,-0.06,1.2921
2010-09-25,277571087,277571087,1,4668942000,3012703000,3535282000,2296037000,1135955000,-2295000,355979000,42065000,657164000,2899717000,41254000,32044000,0.12,0.12,0,147249000,-29189000,-30003000,100877000,678717000,12549000,4.18,5.01,3.36,-0.0485,-0.002,2.81,1.64,None,0,None,0.8425,0.1671,None,2.51,0.49,1.3121
2010-06-26,277571087,277571087,1,4511321000,2870445000,3442692000,2192643000,1064478000,4151000,355979000,42213000,656995000,2699475000,-15934000,-25147000,-0.09,-0.09,0,-17997000,-48738000,-10539000,-85459000,577840000,41762000,6.84,9.19,4.49,-0.6173,-0.0947,2.55,2.43,None,0,None,0.9273,0.157,None,2.51,-0.22,1.3091
2010-03-27,275502955,275502955,1,4634801000,2985052000,3498694000,2222290000,1131418000,4689000,355979000,43497000,661104000,3071970000,29240000,19993000,0.07,0.07,0,52634000,-27670000,-6344000,3401000,663299000,41440000,6.75,8.3,5.19,-0.5904,-0.1045,2.81,2.36,None,0,None,0.8526,0.1673,None,2.44,0.04,1.3432
2009-12-26,274737010,274737010,1,4890346000,3206329000,3745796000,2428205000,1141723000,2827000,355308000,44764000,662740000,3065855000,-63879000,-63879000,-0.29,-0.29,0,29281000,-55603000,-3959000,-32988000,659898000,56790000,6.71,7.84,5.57,-0.5929,-0.1203,2.86,2.16,None,0,None,0.8427,0.1608,None,2.44,-0.1,1.3205
2009-09-26,274719322,274719322,1,4905236000,3224504000,3708822000,2376039000,1193340000,3074000,340218000,45791000,667025000,3029207000,-398034000,-412965000,-1.51,-1.51,0,160772000,-20060000,-10599000,134176000,692886000,20258000,5.21,6.94,3.48,None,-0.4088,3.11,1.16,None,0,None,0.7819,0.1739,None,2.43,0.51,1.3571
2009-06-27,274735651,274735651,1,5266640000,3361651000,3698460000,2360818000,1564592000,3588000,325322000,46156000,669273000,2824141000,-82072000,-82558000,-0.31,-0.31,0,8634000,33635000,327842000,382753000,558710000,22939000,3.31,5.37,1.25,-0.9626,-0.2977,4.51,0.72,None,0,None,0.5401,0.2353,None,2.3,-0.05,1.4239
2009-03-28,274701893,274701893,1,4851495000,2873763000,3582704000,2261605000,1264616000,4175000,0,46626000,674888000,3225264000,-54739000,-54739000,-0.2,-0.2,0,97752000,67349000,-139990000,20212000,175957000,30860000,2.38,4.17,0.59,-0.7109,-0.26,4.6,0.48,None,0,None,0.5337,0.2607,None,2.23,0.24,1.2707
2008-12-27,274832415,274832415,1,5268226000,3122387000,3900393000,2625744000,1362950000,4883000,0,47742000,688788000,3270597000,-1539011000,-1539011000,-5.62,-5.62,0,69975000,-22679000,-282263000,-238829000,155745000,52257000,3.7,5.94,1.45,-0.5376,-0.2178,4.96,0.33,13.7,0,None,0.5054,0.2587,None,2.13,0.06,1.1891
2008-09-27,274885885,274885885,1,7219413000,3616419000,4085095000,2980174000,3127016000,7302000,0,1441636000,519348000,3657857000,-6698000,-6698000,-0.02,-0.02,0,260540000,-39600000,26766000,237967000,394574000,70978000,8.47,11.43,5.51,0.0248,0.0108,11.38,0.71,11.76,0,0,0.1661,0.4331,0.0052,2.07,0.69,1.2135
2008-06-28,274989950,274989950,1,7318382000,3541006000,4051333000,2856309000,3261794000,5255000,0,1502620000,615653000,3605073000,-2002000,-2002000,-0.01,-0.01,0,10612000,-196455000,160836000,-24917000,156607000,100987000,12.54,14.39,10.69,0.0646,0.0281,11.86,1.05,11.3,0,0,0.1887,0.4457,0.0132,2.13,-0.33,1.2397
2008-03-29,273103764,273103764,1,7353052000,3666122000,4084993000,2889170000,3251781000,16278000,0,1439949000,623246000,3962017000,68773000,68773000,0.25,0.25,0,127129000,-79935000,-91590000,-41430000,181524000,105853000,13.07,15.54,10.6,0.1029,0.0441,11.91,1.16,9.27,0,0,0.1917,0.4422,0.0202,2.19,0.08,1.2689
2007-12-29,272966730,272966730,1,7256540000,3715714000,4157132000,2973416000,3083844000,15564000,0,1390444000,607462000,3866927000,18774000,18774000,0.07,0.05,0,-43390000,-98347000,179671000,35917000,222954000,126561000,17.93,22.79,13.08,0.1372,0.0574,11.3,1.64,10.07,0,0,0.197,0.425,0.0255,2.25,-0.62,1.2496
2007-09-29,272927896,272927896,1,6946171000,3553590000,3953753000,2832698000,2977419000,14999000,0,1266816000,581140000,3935411000,117488000,117488000,0.43,0.43,0,161612000,-84547000,-15945000,64342000,187037000,108680000,24.43,31.07,17.79,0.1808,0.0744,10.91,2.41,13.42,0,0,0.1952,0.4286,0.0322,2.31,0.19,1.2545
2007-06-30,272927896,272927896,1,6628736000,3388419000,3847515000,2748729000,2766484000,14737000,0,1228681000,564107000,3631599000,105582000,105582000,0.39,0.38,0,62131000,-76472000,-60655000,-71483000,122695000,121252000,33.58,37.05,30.1,0.1949,0.0783,10.14,3.39,18.15,0,0,0.2039,0.4173,0.0334,2.35,-0.22,1.2327
2007-03-31,272927896,272927896,1,6720756000,3522656000,3998342000,2926277000,2706312000,16102000,0,1216525000,568079000,4093600000,153771000,153771000,0.56,0.55,0,231032000,-113159000,-95145000,20626000,194178000,104078000,35.94,39.66,32.23,0.2039,0.0815,9.92,3.78,20.77,0,0,0.2099,0.4027,0.0345,2.36,0.47,1.2038
2006-12-30,272972896,272972896,1,6557438000,3442461000,3943968000,2969927000,2597447000,16023000,0,1198886000,570752000,3843030000,122376000,122376000,0.46,0.42,0,34632000,-91886000,-111727000,-155372000,173552000,125819000,40.78,44.69,36.87,0.1976,0.0801,9.52,4.54,24.87,0,0,0.2197,0.3961,0.0335,2.39,-0.33,1.1591
2006-09-30,278408638,278408638,1,6401273000,3428988000,3890276000,2911409000,2500544000,10453000,0,1119700000,591455000,3857144000,133259000,133259000,0.48,0.47,0,308655000,-116998000,-199111000,-12426000,328924000,96107000,37.25,40.86,33.65,0.1886,0.079,8.98,4.14,36.52,0,0,0.2365,0.3906,0.0327,2.41,0.76,1.1778
2006-07-01,283276969,283276969,1,6207685000,3344622000,3647345000,2697414000,2550070000,10270000,0,1091427000,581761000,3494907000,118306000,118306000,0.42,0.41,0,215992000,-118013000,-206232000,-106375000,341350000,64484000,41.6,46.52,36.68,0.1136,0.0501,9,4.71,45.22,0,0,0.2281,0.4108,0.0211,2.38,0.53,1.2399
2006-04-01,287710686,287710686,1,5981648000,3394803000,3437778000,2514748000,2543870000,0,0,892950000,572100000,3815700000,129530000,129530000,0.44,0.43,0,267796000,-158256000,-372028000,-255472000,447725000,57005000,34.34,38.05,30.64,0.1001,0.0467,8.84,3.71,39.93,0,0,0.2249,0.4253,0.02,2.33,0.73,1.35
2005-12-31,295687591,295687591,1,6098525000,3530062000,3359304000,2468751000,2739221000,0,0,881182000,569098000,3719101000,106266000,106266000,0.34,0.33,0,59073000,236925000,-642553000,-386070000,703197000,9134000,28.14,31.76,24.51,0.0893,0.0435,9.26,2.95,40.78,0,0,0.2078,0.4492,0.0192,2.27,0.17,1.4299
2005-09-24,308853609,308853609,1,6146410000,3578289000,3199337000,2338908000,2947073000,0,0,918567000,552558000,3492900000,-47881000,-47881000,-0.15,-0.15,0,268036000,-75174000,-12853000,181867000,1086429000,82534000,26.61,31.52,21.7,0.0683,0.0337,9.54,2.57,23.76,0,0,0.1875,0.4795,0.0155,2.17,0.6,1.5299
2005-06-25,316352851,316352851,1,6444387000,3694951000,3167849000,2273124000,3276538000,0,0,975681000,557549000,3364052000,100099000,100099000,0.32,0.31,0,52638000,-129955000,5505000,-69725000,904562000,98052000,20.71,22.84,18.59,0.1104,0.0545,10.36,1.98,19.54,0,0,0.1702,0.5084,0.0256,2.12,-0.14,1.6255
2005-03-26,315844228,315844228,1,6466565000,3695240000,3169717000,2277559000,3296848000,0,0,1018031000,559969000,3702891000,115308000,115308000,0.37,0.37,0,256123000,-83993000,19176000,183398000,974287000,71053000,20.1,23.7,16.5,0.1066,0.0518,10.44,1.95,18.96,0,0,0.1698,0.5098,0.0245,2.11,0.59,1.6225
2004-12-25,312777143,312777143,1,6767351000,3916171000,3544303000,2618357000,3223048000,0,0,1049669000,583680000,3469418000,50137000,50137000,0.16,0.16,0,73873000,-142289000,-268305000,-292702000,793727000,144388000,15.63,17.38,13.87,0.1101,0.0524,10.3,1.59,14.89,0,0,0.1811,0.4763,0.0247,2.12,-0.23,1.4957
2004-09-25,312413560,312413560,1,6435440000,3790132000,3355873000,2265073000,3079567000,0,0,1001135000,839779000,3327804000,89946000,89946000,0.29,0.28,0,264358000,-71496000,-12853000,181867000,1086429000,78856000,16.68,18.66,14.69,0.1126,0.053,9.86,1.75,15.74,0,0,0.2727,0.4785,0.0248,2.14,0.59,1.6733
2004-06-26,313278423,313278423,1,6197177000,3601488000,3211575000,2123193000,2985602000,0,0,1001322000,825126000,3162324000,79857000,79857000,0.26,0.25,0,52351000,-129668000,5505000,-69725000,904562000,97765000,17.68,19.5,15.85,0.1173,0.0547,9.53,1.91,17.68,0,0,0.2764,0.4818,0.0251,2.18,-0.14,1.6963
2004-03-27,312872071,312872071,1,6209953000,3610997000,3307140000,2209101000,2902813000,0,0,1002254000,846098000,3605153000,115564000,115564000,0.37,0.37,0,255283000,-83153000,19176000,183398000,974287000,70213000,16.8,18.18,15.43,0.1148,0.0529,9.28,1.87,19.09,0,0,0.2915,0.4674,0.0242,2.18,0.59,1.6346
2003-12-27,310551941,310551941,1,6145242000,3576728000,3351155000,2277253000,2794087000,0,0,1004122000,829302000,3251426000,45804000,45804000,0.14,0.15,0,162121000,-163158000,-49051000,-32072000,790889000,58314000,15.29,16.99,13.6,0.1064,0.05,9,1.79,16.44,0,0,0.2968,0.4547,0.0224,2.24,0.33,1.5706
2003-09-27,313140476,313140476,1,5801687000,3309693000,3129549000,2024377000,2672138000,0,0,836538000,831865000,3235580000,91666000,91666000,0.3,0.29,0,315486000,-345589000,412467000,362933000,822961000,53737000,16.34,18.5,14.19,0.1187,0.0566,8.53,2,17.76,0,0,0.3113,0.4606,0.0246,2.3,0.84,1.6349
2003-06-28,309852032,309852032,1,5492785000,3005246000,2968539000,2264965000,2524246000,0,0,833191000,435958000,2815691000,59629000,59629000,0.19,0.19,0,78540000,-673669000,25870000,-518835000,460028000,52921000,13.21,15.27,11.15,0.123,0.0594,8.15,1.7,14.52,0,0,0.1727,0.4596,0.0251,2.37,0.08,1.3268
2003-03-29,308787891,308787891,1,4659623000,3120154000,2265392000,1793936000,2394231000,0,0,258527000,408778000,3055869000,79196000,79196000,0.26,0.25,0,95593000,2579000,-435000,101775000,978863000,38544000,12.84,15.39,10.28,0.1271,0.0617,7.75,1.73,13.1,0,0,0.1707,0.5138,0.0253,2.44,0.18,1.7393
2002-12-28,308637522,308637522,1,4765812000,3209715000,2468700000,1992009000,2297112000,0,0,257797000,414191000,2800923000,62882000,62882000,0.19,0.2,0,24642000,-68426000,-8778000,-63099000,877088000,59840000,14.39,18.09,10.7,0.144,0.0679,7.44,2.01,15.81,0,0,0.1803,0.482,0.0274,2.48,-0.11,1.6113
2002-09-28,308561647,308561647,1,4593266000,3075406000,2383986000,1903780000,2209280000,0,0,256555000,414754000,2870781000,88172000,88172000,0.29,0.28,0,289036000,-54599000,-256044000,-29192000,940187000,54599000,13.8,17,10.6,0.1409,0.0645,7.16,2,16.63,0,0,0.1877,0.481,0.0254,2.54,0.76,1.6154
2002-06-29,309199044,309199044,1,4585813000,3029084000,2448798000,1980997000,2137015000,0,0,264519000,404348000,2644314000,56945000,56945000,0.19,0.18,0,91795000,-40623000,26405000,122773000,967401000,40623000,18.71,21.96,15.46,0.1354,0.0601,6.91,2.91,23.68,0,0,0.1892,0.466,0.0233,2.58,0.17,1.5291
2002-03-30,308343708,308343708,1,4363993000,2846591000,2379255000,1994857000,1984738000,0,0,244162000,315712000,3040615000,102709000,102709000,0.34,0.32,0,296424000,-35818000,25792000,281218000,844628000,35818000,17.95,20.4,15.5,0.1356,0.0596,6.44,3.02,27.2,0,0,0.1591,0.4548,0.0221,2.69,0.85,1.427
2001-12-29,310510285,310510285,1,4331643000,2806190000,2483205000,2101514000,1848438000,0,0,249560000,317552000,2800171000,40280000,40280000,0.13,0.13,0,78033000,-58373000,12522000,23534000,563410000,65250000,15.95,18.58,13.33,0.1157,0.0503,5.95,2.75,None,0,0,0.1718,0.4267,0.018,2.79,0.04,1.3353
2001-09-29,306976507,306976507,1,4181865000,2636613000,2402948000,1784980000,1778917000,0,0,249000000,551633000,2782493000,62460000,62460000,0.21,0.2,0,245941000,-95183000,185789000,350267000,539876000,49544000,12,14.25,9.74,-0.0045,-0.0019,5.79,2.13,None,0,None,0.3101,0.4254,None,2.88,0.64,1.4771
2001-06-30,298732047,298732047,1,3729046000,2263551000,2044091000,1533793000,1684955000,0,0,249000000,459741000,2553503000,41974000,41974000,0.14,0.14,0,60198000,-50893000,49032000,55223000,189609000,44051000,9.45,10.65,8.25,-0.0115,-0.0049,5.64,1.72,None,0,None,0.2729,0.4518,None,2.89,0.05,1.4758
2001-03-31,297565127,297565127,1,3737549000,2261708000,2096988000,1592495000,1640561000,0,0,216742000,412109000,3017914000,56329000,56329000,0.19,0.19,0,362994000,-27495000,-332746000,-17096000,134386000,27495000,8.66,10.2,7.13,-0.002,-0.0008,5.51,1.61,86.6,0,None,0.2512,0.4389,None,2.85,1.13,1.4202
2000-12-30,297017184,297017184,1,4196334000,2699089000,2595083000,1908337000,1601251000,0,0,219971000,598499000,3054860000,-168263000,-168263000,-0.56,-0.56,0,-118747000,-87556000,129884000,-74201000,151482000,82056000,7.38,8.75,6,0.0279,0.0119,5.39,1.24,7.45,0,0,0.3738,0.3816,0.0043,2.79,-0.68,1.4144
2000-09-23,297948899,297948899,1,4195331000,2596985000,2423246000,1990444000,1772085000,0,0,232933000,344821000,2820735000,50622000,50622000,0.17,0.16,0,116063000,-22787000,-76051000,12560000,225683000,54833000,7.1,8.31,5.88,0.1635,0.0724,5.95,1.19,8.55,0,0,0.1946,0.4224,0.0268,2.7,0.21,1.3047
2000-06-24,305672455,305672455,1,4025665000,2402399000,2201604000,1789778000,1824061000,0,0,238000000,341628000,2630848000,57937000,57937000,0.18,0.18,0,31542000,-90657000,-54584000,-130912000,213123000,74785000,10.38,14.75,6,0.1337,0.0598,5.97,1.75,12.36,0,0,0.1873,0.4531,0.0227,2.63,-0.14,1.3423
2000-03-25,316200923,316200923,1,4170456000,2522451000,2294051000,1860274000,1876405000,0,0,238818000,339665000,3063253000,109036000,109036000,0.34,0.32,0,287624000,-38365000,-133342000,125251000,344035000,51585000,12.38,14.88,9.88,0.1348,0.0627,5.93,2.09,16.08,0,0,0.181,0.4499,0.0249,2.52,0.75,1.356
1999-12-25,321728565,321728565,1,4276183000,2631052000,2368463000,1944045000,1907720000,0,0,240166000,321099000,2718893000,84019000,84019000,0.25,0.33,0,-76494000,-68990000,-140967000,-284556000,218784000,95584000,11.09,13.19,9,0.126,0.0603,5.93,1.95,17.7,0,0,0.1683,0.4461,0.0251,2.4,-0.53,1.3534
1999-09-25,329178558,329178558,1,4240269000,2722480000,2372154000,1784066000,1868115000,0,0,246170000,83369000,2578500000,-1073000,-1073000,0,0,0,267237000,-76790000,-307982000,-118812000,503340000,105774000,16.41,23,9.81,0.1395,0.0684,5.68,2.74,24.61,0,0,0.0446,0.4406,0.0272,2.51,0.49,1.526
1999-06-26,374812190,374812190,1,4293500000,2853366000,2049649000,1491645000,2243851000,0,0,244437000,64614000,2343036000,74116000,74116000,0.2,0.19,0,-42242000,-246727000,8089000,-278487000,622152000,125284000,22.04,25.83,18.25,0.1463,0.0744,5.99,3.81,33.56,0,0,0.0288,0.5226,0.0298,2.5,-0.45,1.9129
1999-03-27,374152907,374152907,1,4275465000,2904325000,2113711000,1578315000,2161754000,0,0,225417000,45259000,2622851000,100576000,100576000,0.27,0.25,0,224651000,-59037000,35011000,196098000,900639000,61444000,23.16,26,20.33,0.1466,0.0733,5.78,4.27,36.96,0,0,0.0209,0.5056,0.0288,2.54,0.44,1.8401
1998-12-26,248983334,373475001,1.5,4113041000,2780435000,2084162000,1531001000,2028879000,0,0,227964000,470711000,3084203000,115911000,115911000,0.29,0.28,0,199032000,-65473000,32397000,161575000,704541000,87360000,17.51,24.42,10.59,0.1368,0.0669,5.43,3.32,27.94,0,0,0.232,0.4933,0.0259,2.58,0.3,1.8161
1998-09-26,245741094,368611641,1.5,3779776000,2543678000,1835676000,1275917000,1944100000,0,0,209916000,466143000,2234900000,15748000,15748000,0.06,0.06,0,289016000,-129207000,15431000,175240000,542966000,87203000,19.08,24.83,13.33,0.1072,0.0512,5.27,3.15,25.11,0,0,0.2398,0.5143,0.0215,2.38,0.55,1.9936
1998-06-27,159803233,239704849,1.5,3003582000,1996752000,1552467000,998136000,1451115000,0,0,182348000,462865000,1697539000,45714000,45714000,0.29,0.27,0,-22101000,-46952000,6520000,-62533000,327486000,46952000,20.94,23.17,18.71,0.1408,0.0647,6.05,3.59,29.63,0,0,0.319,0.4831,0.0271,2.39,-0.29,2.0005
1998-03-28,159142921,238714381,1.5,3056784000,2094677000,1661840000,1130687000,1394944000,0,0,183430000,450959000,1981096000,55823000,55823000,0.35,0.33,0,194085000,-11102000,7399000,190382000,390019000,11102000,17.27,20.04,14.5,0.135,0.0618,5.84,3.09,26.71,0,0,0.3233,0.4563,0.0255,2.42,0.77,1.8526
1997-12-27,158686001,238029001,1.5,2981089000,2020587000,1652184000,1137782000,1328905000,0,0,184711000,447020000,1722970000,46683000,46683000,0.31,0.28,0,54933000,-40986000,-8403000,5544000,199637000,40986000,14.14,15.79,12.5,0.1268,0.0578,5.58,2.62,23.57,0,0,0.3364,0.4458,0.0238,2.43,0.06,1.7759
1997-09-27,158132255,237198382,1.5,2833033000,1898614000,1554279000,1055528000,1278754000,0,0,186089000,452345000,1690275000,43732000,43732000,0.27,0.26,0,136227000,-13775000,1736000,124188000,194093000,13775000,12.02,14.37,9.67,0.1221,0.055,5.39,2.31,21.46,0,0,0.3537,0.4514,0.0227,2.42,0.52,1.7987
1997-06-28,157838901,236758351,1.5,2574616000,1655555000,1342835000,871656000,1231781000,0,0,187403000,424507000,1531825000,30474000,30474000,0.19,0.19,0,2117000,-18291000,1494000,-14680000,69905000,18291000,11.09,14.17,8,0.1162,0.0517,5.2,2.19,20.04,0,0,0.3446,0.4784,0.0215,2.41,-0.07,1.8993
1997-03-29,157543339,236315008,1.5,2656126000,1734695000,1458313000,991276000,1197813000,0,0,188719000,420524000,1772444000,38787000,38787000,0.24,0.24,0,193087000,-21183000,-138717000,33187000,84585000,21183000,13.21,15.5,10.92,0.1182,0.0512,5.07,2.7,24.77,0,0,0.3511,0.451,0.0216,2.37,0.73,1.75
1996-12-28,157471381,236207071,1.5,2740317000,1821596000,1584372000,1127801000,1155945000,0,0,190052000,416757000,1544588000,35464000,35464000,0.22,0.21,0,34173000,-49061000,30712000,15824000,51398000,49061000,13.66,15.83,11.5,0.1174,0.0499,4.89,2.88,25.61,0,0,0.3605,0.4218,0.0213,2.35,-0.06,1.6152
1996-09-28,157107234,235660851,1.5,2590817000,1705009000,1474592000,920541000,1116225000,0,0,191352000,524874000,1509650000,31858000,31858000,0.2,0.2,0,132684000,-48447000,-66252000,17985000,35574000,48447000,12.21,15.83,8.59,0.1218,0.051,4.74,2.67,22.07,0,0,0.4702,0.4308,0.0217,2.35,0.36,1.8522
1996-06-29,156838374,235257561,1.5,2499651000,1645860000,1421613000,814568000,1078038000,0,0,192664000,588918000,1381365000,28237000,28237000,0.18,0.18,0,-68470000,-51215000,100812000,-18873000,17589000,51215000,15,17.09,12.92,0.1314,0.0554,4.58,3.37,27.11,0,0,0.5463,0.4313,0.0232,2.38,-0.51,2.0205
1996-03-30,156659542,234989313,1.5,2506618000,1688668000,1460835000,957390000,1045783000,0,0,193970000,486825000,1632995000,33483000,33483000,0.21,0.21,0,14576000,-28165000,-11942000,-25531000,36462000,28165000,13.59,15.92,11.25,0.1406,0.0577,4.45,3.18,24.56,0,0,0.4655,0.4172,0.0238,2.42,-0.06,1.7638
1995-12-30,156575931,234863896,1.5,2531217000,1730999000,1528222000,1022015000,1002995000,0,0,195302000,494910000,1424462000,35665000,35665000,0.21,None,0,-37735000,-65519000,102116000,-1138000,61993000,65519000,16.92,21.17,12.67,0.1512,0.0605,4.27,4.12,30.58,0,0,0.4934,0.3963,0.0249,2.43,-0.44,1.6937
1995-09-30,155256051,232884076,1.5,2151156000,1404274000,1193318000,788190000,957838000,0,0,196652000,390898000,1337108000,36842000,36842000,0.24,0.23,0,150989000,-56273000,-61862000,32854000,63131000,56273000,19.71,21.42,18,0.1634,0.0647,4.11,5.63,37.9,0,0,0.4081,0.4453,0.0252,2.57,0.41,1.7816
1995-07-01,150306766,225460149,1.5,2056686000,1353241000,1268030000,678782000,788656000,0,0,197903000,578589000,1200410000,27418000,27418000,0.18,None,0,-64466000,-50774000,117322000,2082000,30277000,50774000,16.8,19.67,13.92,0.166,0.0636,3.5,5.01,34.52,0,0,0.7336,0.3835,0.0248,2.57,-0.51,1.9936
1995-04-01,149824093,224736139,1.5,2012168000,1349658000,1258257000,789170000,753911000,0,0,199166000,462101000,1351212000,32474000,32474000,0.21,None,0,-22814000,-47326000,65929000,-4211000,28195000,47326000,16.42,17.67,15.17,0.1648,None,3.35,5.15,36.58,0,0,0.6129,0.3747,0.0248,2.59,-0.31,1.7102
1994-12-31,149699874,224549811,1.5,1903983000,1274222000,1188712000,786889000,715271000,0,0,200449000,393800000,1321362000,34598000,34598000,0.21,None,0,14133000,-57056000,12588000,-30335000,32406000,57056000,16.21,18,14.42,0.1601,None,3.19,5.33,None,0,0,0.5506,0.3757,0.0246,2.56,-0.19,1.6193
1994-09-24,149124129,223686193,1.5,1692151000,1109359000,1013008000,630497000,679143000,0,0,196898000,376931000,1044815000,27411000,27411000,0.18,None,0,24504000,-44490000,1005000,-18981000,62741000,44490000,15.13,17.67,12.59,None,None,3.04,5.27,None,0,None,0.555,0.4013,None,None,-0.09,1.7595
1994-06-25,146643110,219964665,1.5,1527642000,983903000,896113000,520379000,631529000,0,0,197933000,373374000,905177000,20026000,20026000,0.13,None,0,8514000,-30366000,726000,-21126000,79960000,28645000,15.42,17.17,13.67,None,None,2.87,5.61,None,0,None,0.5912,0.4134,None,None,-0.09,1.8907
1994-03-26,96375636,216845181,2.25,1530237000,1011726000,934201000,558344000,596036000,0,0,199155000,369743000,994845000,22922000,22922000,0.23,None,0,-1044000,-39898000,1319000,-39623000,98875000,41619000,16.17,17.67,14.67,None,None,2.75,6.32,None,0,None,0.6203,0.3895,None,None,-0.2,1.812
1993-12-25,96197738,216444910,2.25,1463899000,978162000,909210000,537205000,554689000,0,0,200462000,366527000,None,None,None,None,None,0,None,None,None,None,138498000,0,15,15.95,14.05,None,None,2.56,None,None,0,None,0.6608,0.3789,None,None,None,1.8208
