"Quarter end","Shares","Shares split adjusted","Split factor","Assets","Current Assets","Liabilities","Current Liabilities","Shareholders equity","Non-controlling interest","Preferred equity","Goodwill & intangibles","Long-term debt","Revenue","Earnings","Earnings available for common stockholders","EPS basic","EPS diluted","Dividend per share","Cash from operating activities","Cash from investing activities","Cash from financing activities","Cash change during period","Cash at end of period","Capital expenditures","Price","Price high","Price low","ROE","ROA","Book value of equity per share","P/B ratio","P/E ratio","Cumulative dividends per share","Dividend payout ratio","Long-term debt to equity ratio","Equity to assets ratio","Net margin","Asset turnover","Free cash flow per share","Current ratio"
2019-06-01,53805922,53805922,1,10529689000,4128743000,9494472000,2845143000,1035217000,0,0,400084000,3604716000,5372589000,-99659000,-99659000,-1.88,-1.88,0,-65116000,-48010000,159226000,46100000,190453000,49191000,5.9,11.37,0.43,-0.574,-0.0857,19.24,0.27,None,46.1,None,3.4821,0.0983,None,2.52,-2.12,1.4512
2019-03-02,53901162,53901162,1,7591367000,4101719000,6404677000,2443135000,1186690000,0,0,448706000,3478649000,5379645000,-272979000,-272979000,-5.17,-5.17,0,-231616000,-46062000,11988000,-265690000,144353000,73898000,0.88,1.15,0.6,-0.2858,-0.0525,22.02,0.03,0.07,46.1,None,2.9314,0.1563,None,2.69,-5.67,1.6789
2018-12-01,1066879495,53343974,0.05,8082958000,4330478000,6629544000,2720325000,1453414000,0,0,462362000,3420666000,5450060000,-4510000,-4510000,0,0,0,365856000,3616000,-91897000,277575000,410043000,-52790000,1.19,1.39,0.98,0.3909,0.0736,27.25,0.04,0.09,46.1,0,2.3535,0.1798,0.0364,2.02,7.85,1.5919
2018-09-01,1066574198,53328709,0.05,8165668000,4371662000,6709718000,2691597000,1455950000,0,0,2069175000,3508278000,5421362000,-359140000,-359140000,-0.34,-0.34,0,-272541000,-45645000,303562000,-14624000,132468000,102916000,33.9,42.4,25.4,0.4941,0.0764,27.3,1,1.44,46.1,0,2.4096,0.1783,0.0417,1.83,-7.04,1.6242
2018-06-02,1066805893,53340294,0.05,8329453000,4196143000,6517142000,2817094000,1812311000,0,0,2558960000,3163578000,5388490000,214416000,214416000,0.2,0.2,0,-90364000,554279000,-764157000,-300242000,147092000,120665000,34.4,39.6,29.2,0.9921,0.1228,33.98,1.15,1.89,46.1,0,1.7456,0.2176,0.0644,1.91,-3.96,1.4895
2018-03-03,1067392353,53369617,0.05,8989327000,4735291000,7388317000,3464065000,1601010000,0,0,2602006000,3921261000,715442000,767072000,767072000,0.73,0.74,0,-95812000,3262244000,-2888898000,277534000,447334000,107494000,42.6,51,34.2,None,0.0872,30,2.76,14.2,46.1,0,2.4492,0.1781,0.0438,1.99,-3.81,1.367
2017-12-02,1067509844,53375492,0.05,11340614000,5929445000,10515470000,6905915000,825144000,0,0,2919395000,3017354000,5353170000,81031000,81031000,0.08,0.08,0,64325000,163539000,-297042000,-69178000,169800000,188500000,41.8,56,27.6,0.2272,0.0135,15.46,3.03,26.13,46.1,0,3.6568,0.0728,0.0053,2.56,-2.33,0.8586
2017-09-02,1063959987,53197999,0.05,11498308000,5181369000,10764698000,2981211000,733610000,0,0,3210055000,7120439000,7678903000,170716000,170716000,0.16,0.16,0,205097000,-54304000,-126264000,24529000,238978000,-4410000,64.2,84.2,44.2,0.1397,0.0077,13.79,6.03,None,46.1,0,9.706,0.0638,0.0028,2.78,3.94,1.738
2017-06-03,1053291998,52664599,0.05,11460138000,4977567000,10899510000,3008695000,560628000,0,0,3291417000,7217807000,7781453000,-75349000,-75349000,-0.07,-0.07,0,92734000,-58196000,-65499000,-30961000,214449000,137944000,88.1,109.8,66.4,-0.1095,-0.0058,10.65,7.56,None,46.1,None,12.8745,0.0489,None,2.8,-0.86,1.6544
2017-03-04,1053663926,52683196,0.05,11593752000,5065288000,10979682000,3005248000,614070000,0,0,2551274000,7307358000,8541360000,-21142000,-21142000,-0.02,-0.02,0,60410000,-91883000,56855000,25382000,245410000,197036000,139.5,174,105,0.0066,0.0004,11.66,11.36,87.19,46.1,0,11.8999,0.053,0.0001,2.85,-2.59,1.6855
2016-11-26,1052367228,52618361,0.05,11658926000,5017168000,11012799000,3071538000,646127000,0,0,2600699000,7252229000,8089726000,15010000,15010000,0.01,0.01,0,152587000,-124622000,55970000,83935000,220028000,256012000,146.4,164.2,128.6,0.1491,0.0079,12.28,12.49,56.31,46.1,0,11.2242,0.0554,0.0028,2.84,-1.97,1.6334
2016-08-27,1052134264,52606713,0.05,11610969000,4938516000,10994300000,3051946000,616669000,0,0,2636827000,7220297000,8029806000,14773000,14773000,0.01,0.01,0,-147078000,-128384000,266715000,-8747000,136093000,264258000,146.6,156.8,136.4,0.2364,0.0118,11.72,13,52.36,46.1,0,11.7085,0.0531,0.0041,2.85,-7.82,1.6182
2016-05-28,1048962007,52448100,0.05,11254947000,4555185000,10663443000,2979769000,591504000,0,0,2678184000,6948762000,8184181000,-4588000,-4588000,0,0,0,159944000,-119370000,-20205000,20369000,144840000,244916000,158.2,163.8,152.6,0.2701,0.0123,11.28,14.27,49.44,46.1,0,11.7476,0.0526,0.0044,2.79,-1.62,1.5287
2016-02-27,1048406901,52420345,0.05,11277010000,4550727000,10695582000,2996895000,581428000,0,0,2717854000,6967288000,8270136000,65617000,65617000,0.06,0.06,0,327865000,-120228000,-309418000,-101781000,124471000,279358000,155.4,159.2,151.6,0.3976,0.0145,11.09,16.24,4.13,46.1,0,11.9831,0.0516,0.0054,2.7,0.93,1.5185
2015-11-28,1046463323,52323166,0.05,11718080000,4805167000,11217252000,3162997000,500828000,0,0,2760852000,7338345000,8154184000,59543000,59543000,0.06,0.06,0,327965000,-192995000,-61365000,73605000,226252000,393610000,146.2,174.8,117.6,None,0.1796,9.57,17.81,3.81,46.1,0,14.6524,0.0427,0.066,2.72,-1.25,1.5192
2015-08-29,1046265328,52313266,0.05,11979231000,5087134000,11549528000,3384580000,429703000,0,0,2759358000,7415311000,7664776000,21469000,21469000,0.02,0.02,0,-26263000,-1936143000,192924000,-1769482000,152647000,474960000,164.4,189.4,139.4,None,0.2054,8.21,54.62,4.05,46.1,0,17.2568,0.0359,0.0711,2.89,-9.58,1.503
2015-05-30,1014924539,50746226,0.05,10529774000,5830847000,10377043000,2404967000,152731000,0,0,479209000,7199832000,6647561000,18836000,18836000,0.02,0.02,0,367835000,-152492000,1590887000,1806230000,1922129000,155330000,162.9,181.4,144.4,None,0.2489,3.01,141.65,3.97,46.1,0,47.1406,0.0145,0.0781,3.19,4.19,2.4245
2015-02-28,989140531,49457026,0.05,8863252000,4221758000,8806196000,2485000000,57056000,0,0,497604000,5544567000,6847929000,1835032000,1835032000,1.88,1.78,0,175000000,-129904000,-162151000,-117055000,115899000,134839000,137.3,166.8,107.8,None,0.2816,1.15,None,20.19,46.1,0,97.1776,0.0064,0.0795,3.54,0.81,1.6989
2014-11-29,981826569,49091328,0.05,7185986000,4359967000,8978644000,2464674000,-1792658000,0,0,496539000,5739074000,6692333000,104846000,104846000,0.11,0.1,0,111728000,-166434000,101902000,47196000,232954000,170891000,111.5,132.8,90.2,None,0.047,-36.52,None,19.91,46.1,0,None,None,0.0125,3.75,-1.21,1.769
2014-08-30,981430837,49071541,0.05,6959344000,4194027000,8865869000,2410976000,-1906525000,0,0,484398000,5639216000,6522584000,127849000,127849000,0.13,0.13,0,122483000,-119986000,17258000,19755000,185758000,119728000,144.8,170,119.6,None,0.0423,-38.85,None,40.22,46.1,0,None,None,0.0103,3.71,0.06,1.7396
2014-05-31,979895316,48994765,0.05,6946517000,4198536000,8992871000,2555531000,-2046354000,0,0,504478000,5591568000,6465531000,41446000,41446000,0.04,0.04,0,239748000,-177361000,-42790000,19597000,166003000,113928000,144.3,167.6,121,None,0.0285,-41.77,None,31.37,46.1,0,None,None,0.0066,3.65,2.57,1.6429
2014-03-01,971797750,48589887,0.05,6944871000,4285125000,9058573000,2507452000,-2113702000,0,0,431227000,5707969000,6597459000,55377000,55377000,0.05,0.07,0,194128000,-78084000,-152850000,-36806000,146406000,101349000,117.3,134.8,99.8,None,0.0354,-43.5,None,20.95,46.1,0,None,None,0.0084,3.62,1.91,1.709
2013-11-30,966525581,48326279,0.05,7138167000,4446253000,9366992000,2565084000,-2228825000,0,0,438281000,5904673000,6357732000,71548000,43105000,0.05,0.04,0,244006000,-94026000,-110935000,39045000,183212000,113373000,93.8,118.4,69.2,None,0.0448,-46.12,None,15.13,46.1,0,None,None,0.011,3.58,2.7,1.7334
2013-08-31,916175148,45808757,0.05,7168990000,4491033000,9486856000,2547405000,-2317866000,0,187602000,438776000,6004346000,6278165000,32827000,30029000,0.03,0.03,0,79465000,-110721000,66521000,35265000,144167000,113809000,62.6,70.4,54.8,None,0.0433,-54.69,None,13.61,46.1,0,None,None,0.0117,3.56,-0.75,1.763
2013-06-01,909615997,45480799,0.05,6945438000,4300884000,9302962000,2478411000,-2357524000,0,184830000,444234000,5868264000,6293057000,89662000,86905000,0.1,0.09,0,184447000,-82093000,-122904000,-20550000,108902000,92692000,46.2,59.4,33,None,0.0335,-55.9,None,21,46.1,0,None,None,0.0089,3.58,2.02,1.7353
2013-03-02,904564621,45228231,0.05,7078719000,4409047000,9538153000,2578270000,-2459434000,0,182098000,464404000,5996220000,6455245000,123087000,120371000,0.13,0.12,0,220351000,-101550000,-252990000,-134189000,129452000,104126000,28.1,33.4,22.8,None,0.0167,-58.4,None,None,46.1,0,None,None,0.0042,3.59,2.57,1.7101
2012-12-01,903826414,45191320,0.05,7186142000,4472592000,9762256000,2843672000,-2576114000,0,179407000,476413000,5923370000,6237847000,61871000,59194000,0.07,0.07,0,268520000,-96427000,-2777000,169316000,263641000,110676000,22.4,26.6,18.2,None,-0.0233,-60.97,None,None,46.1,None,None,None,None,3.65,3.49,1.5728
2012-09-01,903794778,45189738,0.05,6950578000,4240927000,9593901000,2625182000,-2643323000,0,176756000,482453000,5930777000,6230884000,-38765000,-41403000,-0.05,-0.05,0,-32886000,-72653000,-14910000,-120449000,94325000,81220000,23.2,27,19.4,None,-0.0387,-62.41,None,None,46.1,None,None,None,None,3.61,-2.53,1.6155
2012-06-02,899090442,44954522,0.05,7073132000,4321851000,9682465000,2480408000,-2609333000,0,174144000,502684000,6129778000,6468287000,-28088000,-30687000,-0.03,-0.03,0,363603000,-75675000,-235439000,52489000,214774000,86958000,22.9,26.2,19.6,None,-0.0454,-61.92,None,None,46.1,None,None,None,None,3.56,6.15,1.7424
2012-03-03,898966064,44948303,0.05,7364291000,4504586000,9951047000,2570319000,-2586756000,0,171570000,528775000,6248780000,7146754000,-161250000,-163810000,-0.19,-0.19,0,10496000,-66324000,69639000,13811000,162285000,75909000,28.1,33.4,22.8,None,-0.0494,-61.37,None,None,46.1,None,None,None,None,3.5,-1.46,1.7525
2011-11-26,898454487,44922724,0.05,7557034000,4617104000,9962879000,2534387000,-2405845000,0,169035000,560963000,6286358000,6312584000,-51985000,-54509000,-0.06,-0.06,0,1982000,-57475000,125604000,70111000,148474000,67495000,22.4,26.6,18.2,None,-0.055,-57.32,None,None,46.1,None,None,None,None,3.39,-1.46,1.8218
2011-08-27,898743304,44937165,0.05,7416406000,4431883000,9774800000,2424553000,-2358394000,0,166537000,584914000,6168842000,6271091000,-92254000,-94741000,-0.11,-0.11,0,-131275000,-48966000,27967000,-152274000,78363000,49906000,23.2,27,19.4,None,-0.0581,-56.19,None,None,46.1,None,None,None,None,3.34,-4.03,1.8279
2011-05-28,890227995,44511399,0.05,7504169000,4450526000,9774406000,2437103000,-2270237000,0,164076000,611687000,6146907000,6390793000,-63082000,-65532000,-0.07,-0.07,0,385334000,-48404000,-197409000,139521000,230637000,56827000,22.9,26.2,19.6,None,-0.071,-54.69,None,None,46.1,None,None,None,None,3.29,7.38,1.8262
2011-02-26,890240871,44512043,0.05,7555850000,4411365000,9767217000,2420323000,-2211367000,0,161650000,646177000,6156820000,6456466000,-205693000,-208107000,-0.23,-0.23,0,-71553000,-53489000,94116000,-30926000,91116000,66066000,22.9,28.2,17.6,None,-0.0711,-53.31,None,None,46.1,None,None,None,None,3.23,-3.09,1.8226
2010-11-27,890242572,44512128,0.05,7815968000,4527356000,9824184000,2433833000,-2008216000,0,159262000,701497000,6089772000,6202353000,-79071000,-81451000,-0.09,-0.09,0,-46407000,-29368000,65405000,-10370000,122042000,37713000,19.7,22,17.4,None,-0.0704,-48.69,None,None,46.1,None,None,None,None,3.18,-1.89,1.8602
2010-08-28,891317046,44565852,0.05,7817183000,4444666000,9750991000,2402111000,-1933808000,0,156908000,740130000,6031759000,6161752000,-196976000,-199320000,-0.23,-0.23,0,-5758000,-37261000,-152451000,-195470000,132412000,47529000,20.6,23.6,17.6,None,-0.0693,-46.91,None,None,46.1,None,None,None,None,3.12,-1.2,1.8503
2010-05-29,886819676,44340983,0.05,8044122000,4607494000,9785088000,2345680000,-1740966000,0,154590000,781338000,6104769000,6394336000,-73684000,-75994000,-0.09,-0.09,0,519567000,-36559000,-258720000,224288000,327882000,35212000,28.2,34.8,21.6,None,-0.0589,-42.75,None,None,46.1,None,None,None,None,3.12,10.92,1.9642
2010-02-27,887670198,44383509,0.05,8049911000,4508668000,9723462000,2175692000,-1673551000,0,152305000,823088000,6185633000,6463786000,-208356000,-210632000,-0.24,-0.24,0,-100754000,-36024000,83743000,-53035000,103594000,59317000,29.2,33.2,25.2,None,-0.0619,-41.14,None,None,46.1,None,None,None,None,3.14,-3.61,2.0723
2009-11-28,887743035,44387151,0.05,8597932000,4915575000,10076083000,2478497000,-1478151000,0,150054000,872428000,6232129000,6352283000,-83862000,-86106000,-0.1,-0.1,0,-435051000,-42046000,512719000,35622000,156629000,43342000,35,44.8,25.2,None,-0.3142,-36.68,None,None,46.1,None,None,None,None,3.14,-10.78,1.9833
2009-08-29,888090443,44404522,0.05,8052678000,4264641000,9453207000,2326410000,-1400529000,0,147837000,917429000,5712547000,6321870000,-116012000,-120376000,-0.14,-0.14,0,-146856000,-26967000,158371000,-15452000,121007000,38895000,29.6,34.8,24.4,None,-0.3098,-34.87,None,None,46.1,None,None,None,None,2.93,-4.18,1.8331
2009-05-30,884963016,44248150,0.05,8019180000,4186187000,9309811000,2393601000,-1290631000,0,143499000,964632000,5486791000,6531178000,-98446000,-98471000,-0.11,-0.11,0,357598000,-15449000,-357725000,-15576000,136459000,42304000,14.3,24.4,4.2,None,-0.2944,-32.41,None,None,46.1,None,None,None,None,2.7,7.13,1.7489
2009-02-28,886038001,44301900,0.05,8326540000,4364932000,9526192000,2302427000,-1199652000,0,143499000,1017011000,5801230000,6707567000,-2293658000,-2298370000,-2.66,-2.66,0,324778000,-53789000,-267814000,3175000,152035000,59397000,7.1,10.2,4,None,-0.2763,-30.32,0.37,None,46.1,None,None,None,None,2.49,5.99,1.8958
2008-11-29,859127715,42956385,0.05,11126036000,4820354000,10014857000,2476187000,1111179000,0,288070000,2897946000,6109553000,6468601000,-243125000,-248742000,-0.3,-0.3,0,44341000,-108220000,42479000,-21400000,148860000,98505000,15.1,24.2,6,None,-0.1388,19.16,0.63,None,46.1,None,7.4225,0.074,None,2.32,-1.26,1.9467
2008-08-30,843367625,42168381,0.05,11353660000,4900609000,10008248000,2583775000,1345412000,0,341815000,2947853000,5976875000,6500244000,-221997000,-227391000,-0.27,-0.27,0,96119000,-90535000,12487000,18071000,170260000,153079000,33.3,46.4,20.2,None,-0.121,23.8,1.15,None,46.1,None,5.9555,0.0884,None,2.26,-1.35,1.8967
2008-05-31,843614282,42180714,0.05,11402682000,4898287000,9839831000,2484239000,1562851000,0,337278000,2978997000,5952423000,6612856000,-156640000,-162787000,-0.2,-0.2,0,-105328000,-93814000,195569000,-3573000,152189000,149876000,50.2,59.8,40.6,-0.7463,-0.1059,29.06,1.58,None,46.1,None,4.8568,0.1075,None,2.22,-6.05,1.9717
2008-03-01,830600823,41530041,0.05,11488023000,4921894000,9776838000,2798039000,1711185000,0,390870000,2970699000,5610489000,6746287000,-952180000,-960443000,-1.18,-1.18,0,309443000,-158295000,-169028000,-17880000,155762000,209098000,63.6,88.2,39,-0.6424,-0.0967,31.79,1.17,None,46.1,None,4.2494,0.1149,None,2.18,2.42,1.7591
2007-12-01,795328782,39766439,0.05,12550840000,5338846000,9889796000,2732805000,2661044000,0,506477000,2821045000,5919892000,6523544000,-84846000,-93040000,-0.12,-0.12,0,-276727000,-139083000,419120000,3310000,173642000,198745000,85.9,102.2,69.6,-0.0854,-0.0111,54.18,1.53,None,46.1,None,2.7476,0.1717,None,2.2,-11.96,1.9536
2007-09-01,795128705,39756435,0.05,12266127000,5118680000,9526712000,2754077000,2739415000,0,502154000,2809229000,5519777000,6599205000,-69598000,-78201000,-0.1,-0.1,0,-139632000,-1277806000,1476080000,58642000,170332000,162186000,115.4,134,96.8,-0.0406,-0.003,56.27,3.76,288.5,46.1,None,2.4672,0.1824,None,2.29,-7.59,1.8586
2007-06-02,789674376,39483718,0.05,8339986000,2931339000,6629449000,1658300000,1710537000,0,497902000,837552000,4072199000,4457810000,27634000,19503000,0.04,0.04,0,186284000,-1358560000,1177818000,5542000,111690000,117500000,121.2,131.8,110.6,0.01,0.0059,30.71,2.79,None,46.1,0,3.3581,0.1454,0.0007,2.38,1.74,1.7677
2007-03-03,538408486,26920424,0.05,7091024000,2952988000,5428178000,1589925000,1662846000,0,493717000,834257000,2909983000,4562069000,15097000,7111000,0.01,0.01,0,126400000,-104355000,-64294000,-42249000,106148000,110477000,111.1,127.2,95,-0.0041,0.0038,43.43,2.61,2.3,46.1,None,2.489,0.1649,None,2.48,0.59,1.8573
2006-12-02,532882752,26644137,0.05,7132217000,3051888000,5506942000,1836895000,1625275000,0,489601000,841349000,2784954000,4320208000,1104000,-6819000,-0.01,-0.01,0,44805000,-90096000,97056000,51765000,148397000,86814000,91.5,97.4,85.6,None,0.1791,42.62,2.15,1.91,46.1,0,2.4522,0.1592,0.0692,2.52,-1.58,1.6614
2006-09-02,532217494,26610874,0.05,7035432000,2984814000,5415799000,2203322000,1619633000,0,485208000,846095000,2299749000,4288356000,-330000,-8186000,-0.02,-0.02,0,16139000,-56309000,25710000,-14460000,96632000,66681000,88.1,94.8,81.4,None,0.1868,42.63,2.05,1.84,46.1,0,2.0272,0.1612,0.0696,2.62,-1.9,1.3547
2006-06-03,528607640,26430382,0.05,6946190000,2888743000,5327349000,2127185000,1618841000,0,481223000,849982000,2274663000,4337086000,10955000,3163000,0.01,0.01,0,121801000,-62020000,-24756000,35025000,111092000,70513000,86.4,97,75.8,None,0.1963,43.04,2.02,1.78,46.1,0,1.9995,0.1638,0.0697,2.73,1.94,1.358
2006-03-04,528880621,26444031,0.05,6988371000,2884812000,5381450000,2143324000,1606921000,0,477301000,849265000,2546206000,4771326000,1246373000,1238645000,2.35,2.43,0,80407000,-98902000,-10568000,-29063000,76067000,96601000,75.5,82,69,None,0.2089,42.72,None,9.68,46.1,0,2.254,0.1616,0.0715,2.83,-0.61,1.346
2005-11-26,525429005,26271450,0.05,5836251000,2962459000,5483933000,1774310000,352318000,0,473443000,870895000,2727383000,4145683000,-5220000,-12500000,-0.02,-0.02,0,22872000,-76071000,68235000,15036000,105130000,97439000,75.6,85.6,65.6,None,0.0438,-4.61,None,9.69,46.1,0,None,None,0.0124,2.89,-2.84,1.6696
2005-08-27,525166421,26258321,0.05,5705883000,2851415000,5356471000,1542142000,349412000,0,464312000,868938000,2813132000,4132523000,-1571000,-17096000,-0.03,-0.03,0,141046000,-33965000,-152024000,-44943000,90094000,51950000,87.8,96.4,79.2,None,0.045,-4.38,None,10.45,46.1,0,None,None,0.0127,2.9,3.39,1.849
2005-05-28,520952399,26047619,0.05,5847557000,2974208000,5486688000,1549569000,360869000,0,465180000,861620000,2929405000,4221436000,33424000,25249000,0.05,0.05,0,172840000,-22146000,-178478000,-27784000,135037000,41795000,77.3,84.8,69.8,None,0.0459,-4,None,8.22,46.1,0,None,None,0.0138,2.83,5.03,1.9194
2005-02-26,520946894,26047344,0.05,5932583000,3006754000,5609649000,1671737000,322934000,0,459243000,864015000,2928498000,4340840000,228592000,213264000,0.41,0.39,0,-5452000,-37306000,109811000,67053000,162821000,70337000,72.2,76.2,68.2,None,0.0499,-5.23,None,19,46.1,0,None,None,0.0156,2.77,-2.91,1.7986
2004-11-27,520602938,26030146,0.05,5676696000,2896416000,5593624000,1712695000,83072000,0,443376000,864416000,2867000000,4107336000,288000,-8432000,-0.02,-0.02,0,291410000,2753000,-605280000,-311117000,95768000,44627000,79.3,91.6,67,None,0.0217,-13.84,None,12.02,46.1,0,None,None,0.0058,2.75,9.48,1.6911
2004-08-28,517681387,25884069,0.05,6282670000,3433882000,6205281000,1710121000,77389000,0,434682000,863072000,3457152000,4123906000,9879000,1331000,0,0,0,15929000,-46097000,-63098000,-93266000,406885000,40740000,97.6,107.6,87.6,None,0.0327,-13.8,None,16.83,46.1,0,None,None,0.0102,2.68,-0.96,2.008
2004-05-29,517294655,25864732,0.05,6359031000,3501044000,6297688000,1749602000,61343000,0,426159000,861593000,3497174000,4244357000,63719000,55337000,0.11,0.1,0,216559000,-38335000,-12828000,165396000,500151000,35088000,102.8,115,90.6,None,0.0295,-14.1,None,46.73,46.1,0,None,None,0.0091,2.67,7.02,2.0011
2004-02-28,518649806,25932490,0.05,6245634000,3377997000,6253911000,1483750000,-8277000,0,417803000,861207000,3697352000,4396346000,59205000,50364000,0.1,0.11,0,127205000,-49625000,-17265000,60315000,334755000,52496000,116.5,128,105,None,0.0133,-16.43,None,None,46.1,0,None,None,0.0035,2.65,2.88,2.2767
2003-11-29,516449514,25822475,0.05,6338161000,3427112000,6397413000,1678917000,-59252000,0,409611000,869038000,3699382000,4105844000,73594000,65536000,0.13,0.12,0,161507000,-40860000,-106138000,14509000,274440000,39679000,110.3,126,94.6,None,0.005,-18.16,None,None,46.1,None,None,None,None,2.62,4.72,2.0413
2003-08-30,516010629,25800531,0.05,6247567000,3329483000,6369961000,1638533000,-142108000,19714000,401579000,873142000,3701895000,4052091000,-10598000,-18498000,-0.04,-0.04,0,-110997000,-26533000,54719000,-82811000,259931000,29733000,87.2,101,73.4,None,-0.0094,-21.07,None,None,46.1,None,None,None,None,2.59,-5.45,2.032
2003-05-31,515408556,25770427,0.05,6239100000,3296552000,6360047000,1592790000,-140636000,19689000,393705000,879725000,3710672000,4046168000,-38822000,-38848000,-0.08,-0.08,0,49800000,-125132000,52753000,-22579000,342742000,128760000,60.7,78,43.4,None,-0.0246,-20.73,None,None,46.1,None,None,None,None,2.55,-3.06,2.0697
2003-03-01,515367806,25768390,0.05,6133515000,3243887000,6226181000,1566998000,-112329000,19663000,393705000,884303000,3589865000,4139961000,6998000,-8315000,-0.01,-0.01,0,145004000,-22127000,5482000,128359000,365321000,31488000,50.7,61,40.4,None,-0.0178,-19.64,None,None,46.1,None,None,None,None,2.51,4.41,2.0701
2002-11-30,515115664,25755783,0.05,6287869000,3293843000,6373627000,1809005000,-105396000,19638000,378417000,896877000,3587432000,3879523000,-16367000,-23813000,-0.05,-0.05,0,165512000,-22050000,-177380000,-33918000,236962000,24956000,44.4,53,35.8,None,-0.059,-18.78,None,None,46.1,None,None,None,None,2.46,5.46,1.8208
2002-08-31,515126181,25756309,0.05,6336229000,3241926000,6408253000,1804003000,-91636000,19612000,370997000,904435000,3630812000,3856320000,-105291000,-107580000,-0.21,-0.21,0,-43246000,-24603000,-47790000,-115639000,270880000,27819000,49.9,64.8,35,None,-0.0728,-17.96,None,None,46.1,None,None,None,None,2.39,-2.76,1.7971
2002-06-01,515197846,25759892,0.05,6469238000,3324732000,6429343000,1825540000,20309000,19586000,368734000,913839000,3659585000,3925116000,2584000,-4671000,-0.01,-0.01,0,38113000,-3434000,7785000,42464000,386519000,20244000,72.3,84.4,60.2,None,-0.0926,-13.53,None,None,46.1,None,None,None,None,2.32,0.69,1.8212
2002-03-02,515113894,25755694,0.05,6479208000,3289545000,6450031000,1765283000,9616000,19561000,361504000,925260000,3670930000,4037860000,-257895000,-257895000,-0.57,-0.57,0,326165000,-5504000,-70878000,249783000,344055000,28707000,71.2,101.2,41.2,None,-0.1206,-13.66,None,None,46.1,None,None,None,None,2.21,11.55,1.8635
2001-12-01,515085296,25754264,0.05,6733356000,3310229000,6409091000,1927726000,304729000,19536000,354221000,986179000,3530175000,3732079000,-112763000,-112763000,-0.23,-0.23,0,-261501000,-16663000,263296000,-14868000,94272000,19176000,130.8,167.8,93.8,None,-0.1248,-1.92,31.9,None,46.1,None,None,None,None,2.11,-10.9,1.7172
2001-09-01,515957766,25797888,0.05,6834284000,3317518000,6361618000,1912298000,453156000,19510000,347342000,1009842000,3494237000,3691074000,-245921000,-245921000,-0.54,-0.54,0,-94063000,-99016000,222141000,29062000,109140000,104200000,171.1,194.8,147.4,None,-0.1167,4.1,None,None,46.1,None,33.0224,0.0155,None,1.96,-7.69,1.7348
2001-06-02,493346010,24667300,0.05,7401512000,3204444000,7483796000,1796119000,-101741000,19457000,340654000,1042969000,3869527000,3710133000,-211102000,-211102000,-0.56,-0.56,0,45742000,463714000,-521668000,-12212000,80078000,23100000,144.1,181.2,107,None,-0.1321,-17.93,None,None,46.1,None,None,None,None,1.77,0.92,1.7841
2001-03-03,394341787,19717089,0.05,7913911000,3616832000,8248889000,1660955000,-354435000,19457000,333974000,1067339000,4786195000,4103519000,-331674000,-331674000,-0.98,-0.98,0,58306000,-5998000,-77504000,-25196000,92290000,53581000,78.44,121.88,35,None,-0.1796,-34.91,None,None,46.1,None,None,None,None,1.64,0.24,2.1776
2000-11-25,341230563,17061528,0.05,8501661000,3507206000,8645858000,2026988000,-163654000,19457000,326995000,1188029000,4939279000,3531691000,-105713000,-105713000,-0.34,-0.34,0,-187268000,703881000,-471422000,45191000,117486000,18993000,71.88,95,48.75,None,-0.2358,-28.76,None,None,46.1,None,None,None,None,1.39,-12.09,1.7303
2000-08-26,332008363,16600418,0.05,9636482000,3470944000,9780534000,2505130000,-163509000,19457000,320653000,1246069000,5489621000,3439469000,-456466000,-623823000,-1.97,-1.97,0,-599526000,-237000,557141000,-42622000,72295000,41068000,125,170,80,None,-0.2356,-29.17,None,None,46.1,None,None,None,None,1.31,-38.59,1.3855
2000-05-27,329671633,16483581,0.05,9338684000,2986709000,9562914000,2397455000,-243687000,19457000,314211000,1279296000,5347636000,3442186000,-695371000,-695371000,-2.69,-2.69,0,27692000,-19993000,-72539000,-64840000,114917000,18862000,132.5,170,95,None,-0.1863,-33.85,17.57,None,46.1,None,None,None,None,1.28,0.54,1.2458
2000-02-26,329671633,16483581,0.05,9909847000,3015487000,9457881000,2295526000,432509000,19457000,308250000,1311123000,5388647000,2563238000,-946371000,-946371000,-3.67,-3.67,0,-161391000,85036000,164651000,88296000,179757000,1271000,196.25,265,127.5,-0.7089,-0.1071,7.54,3.92,None,46.1,None,43.3663,0.0125,None,1.26,-9.87,1.3136
1999-11-27,329491633,16474581,0.05,11029790000,3721129000,9873406000,2638875000,1125040000,31344000,300000000,3218438000,5808904000,3645080000,-252285000,-252285000,-0.98,-0.98,0.115,-2979000,-222239000,216533000,-8685000,92004000,93917000,246.25,402.5,90,-0.0555,-0.012,50.08,1.31,16.42,46.1,None,7.0408,0.0748,None,1.34,-5.88,1.4101
1999-08-28,258927199,12946359,0.05,10716437000,4022878000,8277893000,2297862000,2438544000,0,0,3274620000,5412770000,3506129000,-15402000,-15402000,-0.06,-0.06,0.115,-215218000,-97556000,339933000,27159000,98573000,209956000,444.38,538.75,350,0.0746,0.0211,188.36,1.91,49.38,43.8,0.561,2.2197,0.2276,0.0153,1.38,-32.84,1.7507
1999-05-29,258907899,12945394,0.05,10677814000,3833682000,7672470000,3672549000,3005344000,0,0,3559144000,2862722000,3624500000,81015000,81015000,0.31,0.31,0.115,121865000,-317374000,183974000,-11535000,71414000,268143000,627.5,835,420,0.0456,0.0144,232.16,2.75,65.36,41.5,0.8699,0.9525,0.2815,0.01,1.43,-11.3,1.0439
1999-02-27,258883816,12944190,0.05,10421741000,3802351000,7444450000,3690478000,2953732000,23559000,0,3547463000,3304240000,3565260000,58645000,58645000,0.22,0.17,0.12,68027000,-1506583000,1423690000,-14866000,82949000,100936000,906.9,1022.6,791.2,0.049,0.0167,228.19,4.01,58.89,39.2,0.7965,1.1187,0.2834,0.0113,1.48,-2.54,1.0303
1998-11-28,258745913,12937295,0.05,8259205000,3461640000,5334003000,1512029000,2925202000,0,0,1931821000,3228860000,3122930000,86857000,86857000,0.34,0.33,0.1075,-2494000,-371025000,315708000,-57811000,97815000,342577000,826.2,981.2,671.2,0.0701,0.0258,226.11,3.73,58.18,36.8,0.5461,1.1038,0.3542,0.0166,1.56,-26.67,2.2894
1998-08-29,258477918,12923895,0.05,7937004000,3417409000,5074654000,1654142000,2862350000,0,0,1966570000,3029179000,3011029000,-92653000,-92653000,-0.36,-0.36,0.1075,38349000,-157554000,163030000,43825000,155626000,127685000,797.6,902.6,692.6,0.0642,0.0242,221.48,3.46,30.33,34.65,0.5909,1.0583,0.3606,0.0153,1.58,-6.91,2.066
1998-05-30,258414318,12920715,0.05,7851489000,3419047000,4869586000,1600322000,2981903000,0,0,1967036000,2834031000,3032681000,90837000,90837000,0.35,0.34,0.1075,-9030000,-227293000,257156000,20833000,111801000,205129000,663.1,731.2,595,0.1201,0.0454,230.78,2.94,26.42,32.5,0.3154,0.9504,0.3798,0.0289,1.57,-16.57,2.1365
1998-02-28,258310018,12915500,0.05,7655346000,3378308000,4738882000,1770931000,2916464000,0,0,1967306000,2551418000,3190639000,119687000,119687000,0.46,None,0.11,202346000,-152985000,-41607000,7754000,90968000,132104000,610.1,687.6,532.6,0.1168,0.0443,225.81,2.79,36.53,30.35,0.3278,0.8748,0.381,0.0278,1.59,5.44,1.9076
1997-11-29,128911067,12891106,0.1,7278755000,3121555000,4461663000,1524619000,2817092000,0,0,1963317000,2569148000,2885666000,67894000,67894000,0.54,None,0.2,274141000,-122743000,-75624000,75774000,83214000,93932000,580,659.4,500.6,0.0794,0.0303,218.53,2.81,36.71,28.15,0.4831,0.912,0.387,0.0191,1.59,13.98,2.0474
1997-08-30,124710688,12471068,0.1,7096580000,2996047000,4524427000,1341277000,2572153000,0,0,1960637000,2814954000,2634200000,60613000,60613000,0.49,None,0.2,63508000,-427496000,367725000,3737000,7440000,132883000,496.9,543.8,450,0.0805,0.0302,206.25,2.41,32.91,26.15,0.5108,1.0944,0.3624,0.0187,1.62,-5.56,2.2337
1997-05-31,122948422,12294842,0.1,6513849000,2814061000,3979472000,1245973000,2534377000,0,0,1641931000,2388115000,2664600000,68241000,68241000,0.56,None,0.2,151604000,-99992000,-54951000,-3339000,3703000,111644000,452.5,493.8,411.2,0.0824,0.0311,206.13,2.23,33.77,24.15,0.5316,0.9423,0.3891,0.0183,1.7,3.25,2.2585
1997-03-01,122910205,12291020,0.1,6416981000,2771499000,3928296000,1172010000,2488685000,0,0,1644639000,2415652000,2657182000,10043000,10043000,0.08,None,0.2,103856000,104152000,-209680000,-1672000,7042000,34607000,404.38,432.5,376.25,0.078,0.0292,202.48,2.92,20.84,22.15,0.6167,0.9707,0.3878,0.0166,1.77,5.63,2.3647
1996-11-30,83929950,8392995,0.1,3346895000,1656694000,2183829000,533183000,1163066000,0,0,376891000,1536839000,1484641000,37409000,37409000,0.45,None,0.19,9566000,-148411000,138152000,-693000,8714000,120310000,361.25,408.75,313.75,0.1433,0.0532,138.58,2.66,19.22,20.15,0.3799,1.3214,0.3475,0.0283,1.88,-13.19,3.1072
1996-08-31,83909074,8390907,0.1,3102481000,1520467000,1960844000,464123000,1141637000,0,0,372323000,1382859000,1423076000,35209000,35209000,0.42,None,0.18,7214000,-174785000,167755000,184000,9407000,115790000,304.38,336.25,272.5,0.1424,0.0541,136.06,2.28,16.63,18.25,0.3805,1.2113,0.368,0.0282,1.92,-12.94,3.276
1996-06-01,83880828,8388082,0.1,2922525000,1470744000,1801092000,691833000,1121433000,0,0,340736000,995942000,1405302000,32716000,32716000,0.39,None,0.185,105658000,-109387000,9821000,6092000,9223000,100519000,314.38,342.5,286.25,0.1416,0.0551,133.69,2.39,16.55,16.45,0.3855,0.8881,0.3837,0.0279,1.98,0.61,2.1259
1996-03-02,83880661,8388066,0.1,2841995000,1465048000,1738376000,629999000,1103619000,0,0,338395000,994321000,1430981000,56994000,56994000,0.68,None,0.18,145544000,-134796000,-35890000,-25142000,3131000,108204000,322.5,342.5,302.5,0.1501,0.0594,131.57,2.55,17.43,14.6,0.3637,0.901,0.3883,0.0292,2.04,4.45,2.3255
1995-12-02,83758467,8375846,0.1,2791902000,1535077000,1732219000,687745000,1059683000,0,0,322282000,971253000,1331796000,32660000,32660000,0.39,None,0.17,-59077000,-106032000,180036000,14927000,28273000,83150000,296.25,326.25,266.25,0.1498,0.0601,126.52,2.37,16.64,12.8,0.367,0.9166,0.3796,0.0289,2.08,-16.98,2.232
1995-09-02,83758467,8375846,0.1,2566868000,1373826000,1520754000,475531000,1046114000,0,0,323361000,967808000,1328399000,30910000,30910000,0.37,None,0.17,-11223000,-45274000,60163000,3666000,13346000,61043000,266.25,290,242.5,0.1474,0.0619,124.9,2.17,15.39,11.1,0.3704,0.9251,0.4075,0.0291,2.12,-8.63,2.889
1995-06-03,83757967,8375796,0.1,2497564000,1359099000,1469873000,520377000,1027691000,0,0,284973000,871262000,1354841000,38383000,38383000,0.46,None,0.17,73373000,-46487000,-24354000,2532000,9680000,62723000,238.75,255,222.5,0.1469,0.0637,122.7,1.98,14.3,9.4,0.3691,0.8478,0.4115,0.0301,2.11,1.27,2.6118
1995-03-04,83806585,8380658,0.1,2472607000,1373220000,1460795000,577225000,1011812000,0,0,254012000,805984000,1353766000,53254000,53254000,0.63,None,0.17,59220000,-189961000,122749000,-7992000,7148000,62498000,240,263.75,216.25,0.1447,None,120.73,2.08,109.09,7.7,0.3705,0.7966,0.4092,0.0312,2.09,-0.39,2.379
1994-11-26,84291367,8429136,0.1,2123346000,1214826000,1151471000,418916000,971875000,0,0,134545000,663598000,1093811000,26928000,26928000,0.32,None,0.15,59756000,-27196000,-27340000,5220000,15140000,46937000,220,240,200,0.0173,None,115.3,1.94,None,6,3.0663,0.6828,0.4577,0.0041,1.98,1.52,2.8999
1994-08-27,84291367,8429136,0.1,2058450000,1168608000,1101553000,363653000,956897000,0,0,119904000,676193000,1035132000,27124000,27124000,0.32,None,0.15,16600000,-39658000,26523000,3465000,9920000,42865000,201.88,215,188.75,None,None,113.52,1.79,None,4.5,None,0.7067,0.4649,None,None,-3.12,3.2135
1994-05-28,85459065,8545906,0.1,2034604000,1159649000,1069332000,399901000,965272000,0,0,124920000,611349000,1051142000,33980000,33980000,0.4,None,0.15,54667000,-37688000,-27927000,-10948000,6455000,30365000,192.5,203.75,181.25,None,None,112.95,1.73,None,3,None,0.6333,0.4744,None,None,2.84,2.8998
1994-02-26,85620688,8562068,0.1,1989070000,1125425000,1034356000,362209000,954714000,0,0,126042000,613418000,878004000,-71416000,-71416000,-0.82,None,0.15,82113000,-70315000,1412000,13210000,17403000,30429000,173.13,193.75,152.5,None,None,111.51,1.42,None,1.5,None,0.6425,0.48,None,None,6.04,3.1071
1993-11-27,88081859,8808185,0.1,2054881000,1200848000,977257000,346252000,1077624000,0,0,140894000,557670000,None,None,None,None,None,0,None,None,None,None,7196000,0,165,177.5,152.5,None,None,122.34,None,None,0,None,0.5175,0.5244,None,None,None,3.4681
