"Quarter end","Shares","Shares split adjusted","Split factor","Assets","Current Assets","Liabilities","Current Liabilities","Shareholders equity","Non-controlling interest","Preferred equity","Goodwill & intangibles","Long-term debt","Revenue","Earnings","Earnings available for common stockholders","EPS basic","EPS diluted","Dividend per share","Cash from operating activities","Cash from investing activities","Cash from financing activities","Cash change during period","Cash at end of period","Capital expenditures","Price","Price high","Price low","ROE","ROA","Book value of equity per share","P/B ratio","P/E ratio","Cumulative dividends per share","Dividend payout ratio","Long-term debt to equity ratio","Equity to assets ratio","Net margin","Asset turnover","Free cash flow per share","Current ratio"
2019-06-29,165555527,165555527,1,9974000000,3831000000,10928000000,2876000000,-970000000,16000000,0,1332000000,5819000000,1860000000,207000000,207000000,1.25,1.18,0.57,251000000,-58000000,-110000000,67000000,964000000,63000000,154.25,169.3,139.21,None,0.1071,-5.86,None,26.69,69.91,0.3491,None,None,0.1346,0.8,1.14,1.3321
2019-03-30,164786286,164786286,1,9993000000,3714000000,11083000000,2979000000,-1108000000,18000000,0,3276000000,5287000000,1657000000,151000000,151000000,0.92,0.86,0.57,251000000,-432000000,-201000000,-360000000,897000000,66000000,127.78,144.94,110.61,None,0.1074,-6.72,None,22.78,69.34,0.3486,None,None,0.1328,0.81,1.12,1.2467
2018-12-31,163871288,163871288,1,9409000000,4272000000,10685000000,3096000000,-1293000000,17000000,0,2744000000,5289000000,2253000000,422000000,422000000,2.58,2.44,0.52,812000000,-70000000,-314000000,406000000,1257000000,69000000,121.11,133.97,108.25,None,0.1064,-7.89,None,None,68.77,0.3509,None,None,0.1316,0.81,4.53,1.3798
2018-09-29,163527868,163527868,1,8963000000,3664000000,10358000000,3088000000,-1411000000,16000000,0,2838000000,5095000000,1862000000,247000000,247000000,1.52,1.43,0.52,338000000,-40000000,-388000000,-90000000,851000000,46000000,122.65,130.34,114.95,None,-0.0035,-8.63,None,None,68.25,None,None,None,None,0.8,1.79,1.1865
2018-06-30,162266801,162266801,1,8881000000,3581000000,10373000000,2922000000,-1507000000,15000000,0,2868000000,5298000000,1760000000,180000000,180000000,1.11,1.05,0.52,425000000,-67000000,-227000000,83000000,941000000,41000000,110.78,118.37,103.18,None,-0.0076,-9.29,None,None,67.73,None,None,None,None,0.79,2.37,1.2255
2018-03-31,162135260,162135260,1,9051000000,3621000000,10590000000,3096000000,-1554000000,15000000,0,2971000000,5304000000,1468000000,117000000,117000000,0.73,0.69,0.52,-500000000,-1089000000,1149000000,-410000000,858000000,41000000,99.74,110.29,89.18,None,-0.0135,-9.58,None,None,67.21,None,None,None,None,0.77,-3.34,1.1696
2017-12-31,161307525,161307525,1,8208000000,3950000000,9935000000,2931000000,-1742000000,15000000,0,1799000000,4419000000,1957000000,-575000000,-575000000,-3.54,-3.54,0.47,761000000,-33000000,-185000000,551000000,1268000000,21000000,89.93,95.3,84.56,None,-0.0186,-10.8,None,23,66.69,None,None,None,None,0.77,4.59,1.3477
2017-09-30,161999802,161999802,1,8618000000,3336000000,9436000000,2563000000,-830000000,12000000,0,1828000000,4423000000,1645000000,212000000,212000000,1.3,1.25,0.47,270000000,-226000000,-152000000,-88000000,717000000,85000000,88.31,93.75,82.86,None,0.0792,-5.12,None,23.3,66.22,0.4472,None,None,0.1053,0.75,1.14,1.3016
2017-07-01,162653552,162653552,1,8295000000,3211000000,9271000000,2410000000,-988000000,12000000,0,1617000000,4421000000,1497000000,131000000,131000000,0.8,0.78,0.47,173000000,-68000000,-151000000,-24000000,805000000,53000000,84.39,89.15,79.63,None,0.0769,-6.07,None,23.31,65.75,0.4486,None,None,0.104,0.74,0.74,1.3324
2017-04-01,163468857,163468857,1,8140000000,3073000000,9177000000,2385000000,-1050000000,13000000,0,1615000000,4414000000,1281000000,77000000,77000000,0.47,0.45,0.47,142000000,-121000000,-234000000,-201000000,829000000,68000000,81.96,87,76.92,None,0.0736,-6.42,None,25.06,65.28,0.4529,None,None,0.1012,0.73,0.45,1.2885
2016-12-31,164744310,164744310,1,8463000000,3468000000,9415000000,2668000000,-964000000,12000000,0,1549000000,4392000000,1883000000,244000000,244000000,1.47,1.43,0.41,513000000,-281000000,-851000000,-657000000,1030000000,55000000,77.65,84,71.29,None,0.0647,-5.85,None,22.84,64.81,0.492,None,None,0.0927,0.7,2.78,1.2999
2016-10-01,165963465,165963465,1,8619000000,3804000000,9267000000,2161000000,-659000000,11000000,0,1366000000,5044000000,1532000000,192000000,192000000,1.15,1.13,0.41,348000000,-57000000,-140000000,142000000,1687000000,46000000,71.54,78.32,64.77,None,0.0689,-3.97,None,25.19,64.4,0.4697,None,None,0.1019,0.68,1.82,1.7603
2016-07-02,166725634,166725634,1,8467000000,3547000000,9145000000,2045000000,-689000000,11000000,0,1421000000,5028000000,1430000000,107000000,107000000,0.62,0.61,0.41,291000000,-41000000,-628000000,-395000000,1545000000,46000000,69.7,76.32,63.08,None,0.061,-4.13,None,23.95,63.99,0.524,None,None,0.0904,0.67,1.47,1.7345
2016-04-02,174604364,174604364,1,9049000000,4001000000,9186000000,2032000000,-147000000,10000000,0,1259000000,5023000000,1193000000,17000000,17000000,0.1,0.1,0.41,13000000,-623000000,577000000,-40000000,1940000000,51000000,68.23,76.11,60.36,None,0.0638,-0.84,None,21.66,63.58,0.4944,None,None,0.0976,0.65,-0.22,1.969
2015-12-31,174337851,174337851,1,8387000000,4582000000,8483000000,2193000000,-106000000,10000000,0,469000000,4386000000,1682000000,279000000,279000000,1.6,1.56,0.41,414000000,-399000000,-227000000,-220000000,1980000000,43000000,68.84,72.45,65.24,None,0.0696,-0.61,None,27.43,63.17,0.4484,None,None,0.1071,0.65,2.13,2.0894
2015-10-03,176561670,176561670,1,8086000000,4787000000,8384000000,2029000000,-307000000,9000000,0,473000000,4386000000,1422000000,115000000,115000000,0.58,0.57,0.34,300000000,-67000000,-1119000000,-912000000,2200000000,49000000,63.2,69.61,56.79,None,0.0574,-1.74,7.2,24.98,62.76,0.5183,None,None,0.1011,0.57,1.42,2.3593
2015-07-04,206777008,206777008,1,9160000000,5632000000,7337000000,1971000000,1815000000,8000000,0,475000000,3393000000,1368000000,142000000,142000000,0.68,0.68,0.34,140000000,-44000000,-354000000,-241000000,3112000000,48000000,59.84,62.53,57.14,0.2291,0.0548,8.78,6.05,11.8,62.42,0.5276,1.8694,0.1981,0.1069,0.51,0.44,2.8574
2015-04-04,210942389,210942389,1,9425000000,5884000000,7331000000,1977000000,2086000000,8000000,0,428000000,3392000000,1223000000,74000000,74000000,0.34,0.34,0.34,151000000,-18000000,-682000000,-601000000,3353000000,32000000,66.2,70,62.41,0.4095,0.1135,9.89,5.25,12.68,62.08,0.2448,1.6261,0.2213,0.235,0.48,0.56,2.9762
2014-12-31,216679202,216679202,1,10423000000,6879000000,7657000000,2250000000,2735000000,31000000,0,406000000,3396000000,1251000000,201000000,201000000,0.88,0.92,0.34,-700000000,3306000000,-1441000000,1109000000,3954000000,48000000,63.19,67.87,58.5,0.3765,0.1127,12.62,4.74,11.26,61.74,0.2403,1.2417,0.2624,0.2209,0.51,-3.45,3.0573
2014-09-27,240722357,240722357,1,12195000000,7168000000,8953000000,3024000000,3211000000,31000000,0,407000000,3401000000,1436000000,147000000,147000000,0.6,0.59,0.34,-115000000,-50000000,164000000,-31000000,2845000000,42000000,63.15,67.41,58.89,0.3911,0.1212,13.34,3.83,10.22,61.4,0.2202,1.0592,0.2633,0.2019,0.6,-0.65,2.3704
2014-06-28,250878592,250878592,1,11868000000,7066000000,7699000000,2924000000,4139000000,30000000,0,407000000,2446000000,1393000000,824000000,824000000,3.25,3.22,0.31,84000000,-30000000,-324000000,-265000000,2876000000,37000000,65.15,67.8,62.5,0.451,0.135,16.5,4.46,16.71,61.06,0.1972,0.591,0.3488,0.2049,0.66,0.19,2.4166
2014-03-29,254207875,254207875,1,11615000000,6781000000,7868000000,3026000000,3717000000,30000000,0,1634000000,2462000000,1801000000,127000000,127000000,0.5,0.49,0.31,46000000,-18000000,-114000000,-84000000,3141000000,21000000,64.91,67.11,62.72,0.322,0.0867,14.62,4.5,15.87,60.75,0.2967,0.6624,0.32,0.1213,0.72,0.1,2.2409
2013-12-31,253865362,253865362,1,11851000000,7020000000,8162000000,3220000000,3659000000,30000000,0,1596000000,2457000000,2504000000,342000000,342000000,1.32,1.31,0.31,741000000,1127000000,-382000000,1504000000,3225000000,15000000,63.44,67.5,59.38,0.3596,0.0903,14.41,6.14,16.06,60.44,0.2717,0.6715,0.3088,0.1264,0.71,2.86,2.1801
2013-09-28,258712629,258712629,1,12058000000,6580000000,9353000000,2840000000,2676000000,29000000,0,1599000000,2458000000,2112000000,307000000,307000000,1.17,1.16,0.31,152000000,575000000,-484000000,264000000,1721000000,36000000,57.2,60.39,54.01,0.3696,0.0883,10.34,5.45,16.3,60.13,0.2669,0.9185,0.2219,0.1266,0.7,0.45,2.3169
2013-06-29,265854476,265854476,1,12160000000,6841000000,9341000000,2794000000,2791000000,28000000,0,1598000000,2452000000,2107000000,258000000,258000000,0.96,0.94,0.26,82000000,452000000,-553000000,-13000000,1457000000,28000000,60.09,64.69,55.5,0.3046,0.0802,10.5,5.27,18.9,59.82,0.2867,0.8785,0.2295,0.1144,0.7,0.2,2.4485
2013-03-30,271657794,271657794,1,12597000000,7366000000,9475000000,2889000000,3097000000,25000000,0,1603000000,2450000000,1973000000,192000000,192000000,0.7,0.68,0.26,-31000000,-144000000,212000000,2000000,1470000000,46000000,59.98,64.03,55.94,0.2602,0.074,11.4,5.07,20.06,59.56,0.3038,0.7911,0.2459,0.1051,0.7,-0.28,2.5497
2012-12-31,275983331,275983331,1,12679000000,7401000000,9389000000,3335000000,3265000000,25000000,0,1619000000,1859000000,2441000000,336000000,336000000,1.19,1.17,0.26,564000000,-545000000,-343000000,-311000000,1468000000,0,52.73,55.68,49.77,0.2338,0.0714,11.83,3.82,22.06,59.3,0.3087,0.5694,0.2575,0.1013,0.71,2.04,2.2192
2012-09-29,280500435,280500435,1,12020000000,7271000000,8123000000,3125000000,3872000000,25000000,0,1460000000,1860000000,2153000000,206000000,206000000,0.73,0.72,0.26,182000000,156000000,-356000000,7000000,1779000000,39000000,48.48,51.79,45.18,0.1713,0.0576,13.8,3.61,23.65,59.04,0.3705,0.4804,0.3221,0.0866,0.67,0.51,2.3267
2012-06-30,286306457,286306457,1,12193000000,7223000000,8320000000,2990000000,3848000000,25000000,0,1466000000,1861000000,2148000000,182000000,182000000,0.62,0.61,0.22,253000000,34000000,-195000000,52000000,1772000000,43000000,49.09,51.46,46.73,0.1353,0.0488,13.44,3.51,20.12,58.78,0.4129,0.4836,0.3156,0.0778,0.63,0.73,2.4157
2012-03-31,292062138,292062138,1,12443000000,7377000000,8333000000,3583000000,4085000000,25000000,0,1472000000,1126000000,1956000000,157000000,157000000,0.5,0.49,0.22,69000000,1152000000,-1411000000,-161000000,1720000000,49000000,48.35,51.76,44.94,0.1478,0.0577,13.99,2.95,14.26,58.56,0.2516,0.2756,0.3283,0.0989,0.58,0.07,2.0589
2011-12-31,317969760,317969760,1,13929000000,8768000000,8655000000,3815000000,5214000000,60000000,0,1476000000,1130000000,2159000000,184000000,184000000,0.58,0.57,0.22,45000000,1254000000,-1181000000,96000000,1881000000,83000000,44.02,47.41,40.62,0.1901,0.0761,16.4,2.35,12.13,58.34,7.8189,0.2167,0.3743,0.1412,0.54,-0.12,2.2983
2011-10-01,325536070,325536070,1,14771000000,9715000000,8613000000,4169000000,6098000000,60000000,0,1549000000,1538000000,2105000000,128000000,128000000,0.38,0.38,0.22,470000000,-120000000,-734000000,-418000000,1785000000,41000000,42.54,46.37,38.71,0.1688,0.0699,18.73,2.17,11.82,58.12,7.091,0.2522,0.4128,0.127,0.55,1.32,2.3303
2011-07-02,343136511,343136511,1,15597000000,10269000000,8773000000,4131000000,6739000000,85000000,0,1575000000,1548000000,2055000000,349000000,349000000,1.02,1,0,102000000,25000000,-694000000,-561000000,2203000000,30000000,45.64,47.87,43.42,0.1452,0.0597,19.64,2.46,14.77,57.9,7.1416,0.2297,0.4321,0.0978,0.61,0.21,2.4858
2011-04-02,339529896,339529896,1,16560000000,10861000000,10154000000,4904000000,6310000000,96000000,0,1625000000,2093000000,1884000000,497000000,497000000,1.47,1.44,26.25,231000000,1267000000,-2919000000,-1444000000,2764000000,26000000,40.86,44.69,37.04,0.1124,0.0457,18.58,1.26,21.97,57.9,8.4002,0.3317,0.381,0.0658,0.69,0.6,2.2147
2010-12-31,336710130,336710130,1,25577000000,17154000000,14590000000,8710000000,10885000000,102000000,0,3276000000,2194000000,3934000000,293000000,293000000,0.85,0.81,0,619000000,196000000,-530000000,360000000,4208000000,156000000,58.91,64.26,53.55,0.0612,0.0249,32.33,1.89,40.07,31.65,0,0.2016,0.4256,0.0328,0.76,1.38,1.9695
2010-10-02,2349381030,335625861,0.142857,25925000000,17373000000,15379000000,8709000000,10441000000,105000000,0,3218000000,2864000000,4890000000,109000000,109000000,0.05,0.05,0,188000000,222000000,487000000,955000000,3848000000,33000000,53.3,61.18,45.43,0.0479,0.019,31.11,1.76,44.79,31.65,0,0.2743,0.4027,0.0229,0.83,0.46,1.9948
2010-07-03,2333888938,333412705,0.142857,24812000000,16014000000,14592000000,7887000000,10116000000,104000000,0,3350000000,2907000000,5414000000,162000000,162000000,0.07,0.07,0,242000000,-9000000,-474000000,-295000000,2893000000,76000000,49,54.25,43.75,0.0388,0.0153,30.34,1.64,63.64,31.65,0,0.2874,0.4077,0.0178,0.86,0.5,2.0304
2010-04-03,2324084852,332012122,0.142857,25260000000,15896000000,15215000000,7873000000,9944000000,101000000,0,2830000000,3372000000,5044000000,69000000,69000000,0.03,0.03,0,485000000,-163000000,49000000,319000000,3188000000,42000000,50.05,57.82,42.28,0.0255,0.0099,29.95,1.69,None,31.65,0,0.3391,0.3937,0.0115,0.86,1.33,2.0191
2009-12-31,2312879064,330411295,0.142857,25603000000,16032000000,15720000000,8261000000,9775000000,108000000,0,2823000000,3365000000,5723000000,142000000,142000000,0.06,0.06,0,877000000,-1063000000,-12000000,-181000000,2869000000,72000000,59.6,65.52,53.69,-0.0053,-0.002,29.58,2.01,None,31.65,None,0.3442,0.3818,None,0.87,2.44,1.9407
2009-10-03,2310943519,330134788,0.142857,25049000000,15325000000,15132000000,7600000000,9810000000,107000000,0,2823000000,3901000000,5453000000,12000000,12000000,0.01,0.01,0,616000000,-529000000,37000000,169000000,3050000000,31000000,53.76,66.15,41.37,-0.4031,-0.1484,29.72,1.85,None,31.65,None,0.3977,0.3916,None,0.9,1.77,2.0164
2009-07-04,2295364214,327909173,0.142857,25104000000,15714000000,15481000000,8184000000,9523000000,100000000,0,2822000000,3899000000,5497000000,26000000,26000000,0.01,0.01,0,150000000,-655000000,-17000000,-384000000,2881000000,63000000,39.2,48.65,29.75,-0.3957,-0.1523,29.04,1.37,None,31.65,None,0.4094,0.3793,None,0.91,0.27,1.9201
2009-04-04,2292406133,327486590,0.142857,25763000000,15711000000,16306000000,9056000000,9366000000,91000000,0,2822000000,3878000000,5371000000,-231000000,-231000000,-0.1,-0.1,0.05,-1014000000,1579000000,-218000000,201000000,3265000000,68000000,27.75,34.65,20.86,-0.3514,-0.1421,28.6,0.95,None,31.65,None,0.4141,0.3635,None,0.93,-3.3,1.7349
2008-12-31,2276565942,325223706,0.142857,27869000000,17363000000,18362000000,10620000000,9507000000,0,0,2837000000,4092000000,7136000000,-3657000000,-3657000000,-1.58,-1.58,0.05,201000000,46000000,-77000000,90000000,3064000000,105000000,36.82,52.64,21,-0.3112,-0.1317,29.23,0.81,None,31.3,None,0.4304,0.3411,None,0.94,0.3,1.6349
2008-09-27,2266343683,323763383,0.142857,33119000000,19868000000,18460000000,11873000000,14659000000,0,0,4351000000,3988000000,7480000000,-397000000,-397000000,-0.18,-0.18,0.05,180000000,191000000,-83000000,217000000,2974000000,40000000,59.57,73.5,45.64,-0.0322,-0.0143,45.28,1.27,None,30.95,None,0.2721,0.4426,None,0.96,0.43,1.6734
2008-06-28,2265382677,323626097,0.142857,33739000000,20219000000,18535000000,11574000000,15204000000,0,0,4358000000,3971000000,8082000000,4000000,4000000,-0.01,-0.01,0.05,208000000,4000000,-74000000,64000000,2757000000,120000000,61.53,72.66,50.4,-0.002,-0.0009,46.98,1.31,None,30.6,None,0.2612,0.4506,None,0.99,0.27,1.7469
2008-03-29,2255223887,322174841,0.142857,34133000000,20483000000,18953000000,11776000000,15180000000,0,0,4517000000,4074000000,7448000000,-194000000,-194000000,-0.09,-0.09,0.05,-347000000,553000000,-411000000,-59000000,2693000000,106000000,88.13,113.4,62.86,-0.0041,-0.0018,47.12,1.84,None,30.25,None,0.2684,0.4447,None,1,-1.41,1.7394
2007-12-31,2254786558,322112365,0.142857,34812000000,22222000000,19365000000,12500000000,15447000000,0,0,4499000000,3991000000,9646000000,100000000,100000000,0.04,0.04,0.05,457000000,346000000,-379000000,437000000,2752000000,91000000,120.92,137.76,104.09,-0.0033,-0.0014,47.96,2.62,90.92,29.9,None,0.2584,0.4437,None,1.04,1.14,1.7778
2007-09-29,2284320984,326331569,0.142857,34769000000,21665000000,19725000000,12901000000,15044000000,0,0,4676000000,2628000000,8811000000,60000000,60000000,0.03,0.03,0.05,342000000,-497000000,-402000000,-455000000,2315000000,73000000,120.72,132.16,109.27,0.0306,0.0131,46.1,2.64,31.36,29.55,0.9792,0.1747,0.4327,0.0124,1.06,0.82,1.6793
2007-06-30,2293588732,327655533,0.142857,34613000000,21809000000,19650000000,12876000000,14963000000,0,0,4589000000,2590000000,8732000000,-28000000,-28000000,-0.01,-0.01,0.05,-97000000,439000000,84000000,429000000,2770000000,159000000,127.75,134.26,121.24,0.0863,0.0376,45.67,2.85,16.44,29.2,0.3407,0.1731,0.4323,0.0344,1.09,-0.78,1.6938
2007-03-31,2314618544,330659792,0.142857,36370000000,23719000000,21571000000,14829000000,14799000000,0,0,4454000000,2596000000,9433000000,-181000000,-181000000,-0.08,-0.08,0.05,8000000,2091000000,-2529000000,-475000000,2737000000,38000000,134.26,146.37,122.15,0.1684,0.0753,44.76,2.67,13.14,28.85,0.1625,0.1754,0.4069,0.0661,1.14,-0.09,1.5995
2006-12-31,2390406528,341486647,0.142857,38593000000,30975000000,21451000000,15425000000,17142000000,0,0,0,2704000000,11387000000,623000000,623000000,0.26,0.25,0.05,694000000,-63000000,-578000000,197000000,3212000000,231000000,162.64,184.1,141.19,0.2149,0.0991,50.2,3.28,13.91,28.5,0.1194,0.1577,0.4442,0.0854,1.16,1.36,2.0081
2006-09-30,2417465227,345352175,0.142857,37408000000,29599000000,20270000000,13591000000,17138000000,0,0,0,3780000000,10603000000,968000000,968000000,0.4,0.39,0.05,1590000000,-815000000,-1157000000,-386000000,3015000000,139000000,154.74,178.85,130.62,0.2506,0.1172,49.62,3.13,11.22,28.15,0.0985,0.2206,0.4581,0.1011,1.16,4.2,2.1778
2006-07-01,2450037067,350005295,0.142857,36004000000,28428000000,18727000000,12054000000,17277000000,0,0,0,3758000000,10876000000,1384000000,1384000000,0.56,0.55,0.04,512000000,-715000000,-600000000,-799000000,3401000000,83000000,151.38,169.68,133.07,0.3031,0.1427,49.36,3.22,12.08,27.8,0.0789,0.2175,0.4799,0.1233,1.16,1.23,2.3584
2006-04-01,2469947370,352849624,0.142857,35709000000,28114000000,19129000000,12448000000,16580000000,0,0,0,3774000000,10013000000,686000000,686000000,0.28,0.27,0.04,687000000,532000000,-803000000,426000000,4200000000,111000000,157.12,172.69,141.54,0.2872,0.1334,46.99,3.37,12.47,27.52,0.0869,0.2276,0.4643,0.1182,1.13,1.63,2.2585
2005-12-31,2499612495,357087499,0.142857,35649000000,27869000000,18976000000,12488000000,16673000000,0,0,0,3806000000,10433000000,1202000000,1202000000,0.48,0.46,0.04,2026000000,-969000000,-112000000,918000000,3774000000,100000000,155.54,174.93,136.15,0.3008,0.1383,46.69,3.51,13.89,27.24,0.0866,0.2283,0.4677,0.1243,1.11,5.39,2.2317
2005-10-01,2490794618,355827802,0.142857,33462000000,23822000000,17696000000,11358000000,15766000000,0,0,0,3975000000,9424000000,1751000000,1751000000,0.71,0.69,0.04,1123000000,-1305000000,-1083000000,-1300000000,2856000000,149000000,147.14,167.93,126.35,0.2797,0.1261,44.31,3.54,18.94,26.96,1.3528,0.2521,0.4712,0.1263,1,2.74,2.0974
2005-07-02,2469050270,352721467,0.142857,32269000000,23216000000,17618000000,10277000000,14651000000,0,0,0,4973000000,8825000000,933000000,933000000,0.38,0.37,0.04,1018000000,-686000000,49000000,360000000,4156000000,133000000,118.06,134.75,101.36,0.1979,0.0855,41.54,3,25.95,26.68,1.9765,0.3394,0.454,0.0886,0.97,2.51,2.259
2005-04-02,2452226214,350318030,0.142857,30983000000,21686000000,17205000000,10304000000,13778000000,0,0,0,4577000000,8161000000,692000000,692000000,0.28,0.28,0.04,438000000,576000000,-44000000,950000000,3796000000,98000000,112.73,122.64,102.83,0.1195,0.0502,39.33,2.96,25.97,26.4,3.3642,0.3322,0.4447,0.0522,0.96,0.97,2.1046
2004-12-31,2450481840,350068834,0.142857,30889000000,21082000000,17558000000,10573000000,13331000000,0,0,0,4578000000,5438000000,647000000,647000000,0.28,0.26,2.1,None,None,None,-245000000,10556000000,-178000000,126.81,140.21,113.4,0.1147,0.0472,38.08,3.09,31.78,26.12,3.5437,0.3434,0.4316,0.0489,0.96,None,1.9939
2004-10-02,2365076886,337868126,0.142857,34550000000,21990000000,19400000000,10593000000,13847000000,1303000000,0,0,6259000000,8624000000,479000000,479000000,0.2,0.2,0.04,1269000000,-142000000,989000000,2134000000,10801000000,220000000,114.1,131.39,96.81,0.1041,0.0419,40.98,2.93,38.81,11.42,0.274,0.452,0.4008,0.0405,1.03,3.1,2.0759
2004-07-03,2362541169,337505881,0.142857,32171000000,19227000000,19047000000,9638000000,13124000000,0,0,0,6697000000,8700000000,-203000000,-203000000,-0.09,-0.09,0.04,994000000,-232000000,-363000000,391000000,8667000000,137000000,129.75,146.23,113.26,0.0795,0.0318,38.89,3.31,33.1,11.14,0.3709,0.5103,0.4079,0.0315,1.01,2.54,1.9949
2004-04-03,2344190329,334884333,0.142857,32350000000,18768000000,19227000000,9608000000,13123000000,0,0,0,6679000000,8561000000,609000000,609000000,0.26,0.25,0.04,858000000,128000000,-581000000,399000000,8276000000,177000000,115.81,132.3,99.33,0.1075,0.0427,39.19,3.05,43.54,10.86,0.2803,0.509,0.4057,0.0451,0.95,2.03,1.9534
2003-12-31,2340651138,334378734,0.142857,32098000000,17907000000,19409000000,9433000000,12689000000,0,0,0,6675000000,8023000000,489000000,489000000,0.21,0.21,0.04,894000000,194000000,-317000000,789000000,7877000000,116000000,91.73,100.8,82.67,0.0746,0.0292,37.95,2.55,54.6,10.58,0.4171,0.526,0.3953,0.033,0.88,2.33,1.8983
2003-09-27,2327767030,332538147,0.142857,30471000000,16377000000,18520000000,8817000000,11951000000,0,0,0,7167000000,6829000000,116000000,116000000,0.05,0.05,0.04,1101000000,-86000000,-166000000,875000000,7088000000,91000000,74.83,88.9,60.76,0.0498,0.019,35.94,2.1,44.54,10.3,0.6426,0.5997,0.3922,0.0217,0.88,3.04,1.8574
2003-06-28,2327241100,332463014,0.142857,29905000000,15574000000,18047000000,8324000000,11858000000,0,0,0,6686000000,6163000000,119000000,119000000,0.05,0.05,0.04,297000000,-353000000,-31000000,-77000000,6213000000,161000000,61.81,69.3,54.32,0.0501,0.0189,35.67,1.8,None,10.02,0.6464,0.5638,0.3965,0.0219,0.86,0.41,1.871
2003-03-29,2315715081,330816440,0.142857,29920000000,16213000000,18558000000,8457000000,11362000000,0,0,0,7184000000,6043000000,169000000,169000000,0.07,0.07,0.04,479000000,222000000,-952000000,-217000000,6290000000,87000000,62.27,70.56,53.97,-0.1661,-0.0615,34.35,1.83,None,9.74,None,0.6323,0.3797,None,0.88,1.18,1.9171
2002-12-31,2315531433,330790205,0.142857,31152000000,17134000000,19913000000,9810000000,11239000000,0,0,0,7189000000,7546000000,174000000,174000000,0.07,0.07,0.04,None,None,None,None,None,0,68.42,85.75,51.1,-0.2132,-0.0806,33.98,1.99,None,9.46,None,0.6396,0.3608,None,0.87,None,1.7466
2002-09-28,2300968823,328709832,0.142857,30221000000,16577000000,18909000000,9517000000,11312000000,0,0,0,7450000000,6371000000,111000000,111000000,0.05,0.05,0.04,136000000,-117000000,-109000000,-108000000,6284000000,110000000,90.89,112.35,69.44,-0.3176,-0.1241,34.41,2.7,None,9.18,None,0.6586,0.3743,None,0.84,0.08,1.7418
2002-06-29,2299029491,328432784,0.142857,30163000000,16613000000,19122000000,9827000000,11041000000,0,0,0,7414000000,6741000000,-2321000000,-2321000000,-1.02,-1.02,0.04,527000000,-87000000,75000000,513000000,6392000000,98000000,105.94,119.84,92.05,-0.4162,-0.1672,33.62,2.64,None,8.9,None,0.6715,0.366,None,0.85,1.31,1.6905
2002-03-30,2270800845,324400121,0.142857,31752000000,16268000000,18731000000,9588000000,13021000000,0,0,0,7460000000,6021000000,-449000000,-449000000,-0.2,-0.2,0.04,162000000,-118000000,-292000000,-203000000,5879000000,98000000,93.59,113.68,73.5,-0.269,-0.1116,40.14,2.22,None,8.62,None,0.5729,0.4101,None,0.82,0.2,1.6967
2001-12-31,2270366816,324338116,0.142857,33398000000,None,19707000000,None,13691000000,0,0,0,8372000000,7324000000,-1237000000,-1237000000,-0.55,-0.55,0.04,None,None,None,None,None,0,115.53,131.53,99.54,-0.2585,-0.1079,42.21,2.57,None,8.34,None,0.6115,0.4099,None,0.82,None,None
2001-09-29,2225734569,317962081,0.142857,34259000000,18981000000,19975000000,11345000000,14284000000,0,0,0,6608000000,7406000000,-1408000000,-1408000000,-0.64,-0.64,0.04,286000000,2047000000,-1589000000,920000000,5371000000,253000000,115.12,136.08,94.15,-0.1558,-0.0663,44.92,2.23,None,8.06,None,0.4626,0.4169,None,0.85,0.1,1.6731
2001-06-30,2212943842,316134834,0.142857,38728000000,19514000000,22427000000,12925000000,16301000000,0,0,0,6814000000,7522000000,-759000000,-759000000,-0.35,-0.35,0.04,926000000,43000000,-641000000,404000000,4451000000,304000000,95.76,118.37,73.15,-0.0347,-0.0152,51.56,1.81,105.23,7.78,None,0.418,0.4209,None,0.85,1.97,1.5098
2001-03-31,2196163529,313737647,0.142857,39521000000,18669000000,22877000000,13622000000,16644000000,0,0,0,6673000000,7752000000,-533000000,-533000000,-0.24,-0.24,0.04,56000000,239000000,540000000,746000000,4047000000,505000000,135.76,174.51,97.02,0.0174,0.0079,53.05,2.28,34.23,7.5,1.039,0.4009,0.4211,0.0092,0.85,-1.43,1.3705
2000-12-31,2192725028,313246432,0.142857,42343000000,None,23731000000,None,18612000000,0,0,0,4293000000,10064000000,135000000,135000000,0.07,0.05,0.04,None,None,None,None,None,0,159.39,208.32,110.46,0.0648,0.0301,59.42,2.41,32.37,7.22,0.2643,0.2307,0.4396,0.0351,0.86,None,None
2000-09-30,2184365601,312052229,0.142857,44177000000,19423000000,23519000000,15470000000,20658000000,0,0,0,3106000000,9493000000,531000000,531000000,0.24,0.23,0.04,-209000000,-452000000,342000000,-326000000,2757000000,991000000,234.05,277.69,190.4,0.0775,0.036,66.2,3.4,64.3,6.94,0.2261,0.1504,0.4676,0.0425,0.85,-3.85,1.2555
2000-07-01,2180619024,311517003,0.142857,45641000000,20001000000,24168000000,14781000000,21473000000,0,0,0,3086000000,9255000000,204000000,204000000,0.09,0.09,0.04,-37000000,-1318000000,1294000000,-192000000,3083000000,1032000000,284.06,367.85,200.27,0.06,0.0272,68.93,4.25,75.15,6.66,0.3042,0.1437,0.4705,0.0319,0.85,-3.43,1.3532
2000-04-01,717414007,307463146,0.428571,43159000000,18659000000,22589000000,13390000000,20570000000,0,0,0,3086000000,8768000000,448000000,448000000,0.63,0.59,0.12,-895000000,-574000000,1270000000,-262000000,3275000000,688000000,352.38,429.94,274.82,0.0673,0.0299,66.9,6.6,115.28,6.38,0.2905,0.15,0.4766,0.0337,0.89,-5.15,1.3935
1999-12-31,714636270,306272687,0.428571,37327000000,None,20983000000,None,16344000000,0,0,0,3089000000,8498000000,349000000,349000000,0.58,0.56,0.12,None,None,None,None,None,0,273.56,348.81,198.31,0.057,0.0246,53.36,4.95,114.94,6.1,0.3722,0.189,0.4379,0.0264,0.93,None,None
1999-10-02,609093685,261040150,0.428571,34272000000,16015000000,19836000000,11898000000,14436000000,0,0,0,3114000000,7688000000,91000000,91000000,0.14,0.14,0.12,-156000000,1185000000,-374000000,734000000,3092000000,381000000,214.06,236.81,191.31,0.0471,0.0202,55.3,4.07,99.72,5.82,0.4634,0.2157,0.4212,0.0204,0.99,-2.06,1.346
1999-07-03,607196695,260227155,0.428571,31747000000,15058000000,18069000000,10726000000,13678000000,0,0,0,3119000000,7513000000,206000000,206000000,0.35,0.33,0.12,1158000000,-714000000,223000000,644000000,2358000000,572000000,201.67,231.28,172.06,0.0444,0.0189,52.56,4.04,None,5.54,0.5142,0.228,0.4308,0.0186,1.02,2.25,1.4039
1999-04-03,603003471,258430059,0.428571,29663000000,13605000000,16775000000,10341000000,12888000000,0,0,0,2629000000,7232000000,171000000,171000000,0.28,0.28,0.12,676000000,-141000000,-201000000,261000000,1714000000,234000000,163.24,180.53,145.95,-0.0791,-0.0335,49.87,3.45,None,5.26,None,0.204,0.4345,None,1.03,1.71,1.3156
1998-12-31,601948574,257977960,0.428571,28728000000,13531000000,16506000000,11440000000,12222000000,0,0,0,2633000000,8337000000,159000000,159000000,0.26,0.27,0.12,1158000000,-808000000,-187000000,196000000,1453000000,695000000,119.81,150.06,89.55,-0.0774,-0.0336,47.38,2.59,None,4.98,None,0.2154,0.4254,None,1.03,1.79,1.1828
1998-09-26,600177725,257219025,0.428571,28930000000,14220000000,17040000000,12285000000,11890000000,0,0,0,2133000000,7152000000,27000000,27000000,0.05,0.04,0.12,130000000,-646000000,559000000,80000000,1257000000,577000000,110.69,128.33,93.05,-0.063,-0.0283,46.23,2.35,None,4.7,None,0.1794,0.411,None,1.04,-1.74,1.1575
1998-06-27,598117115,256335906,0.428571,28672000000,13752000000,16600000000,11529000000,12072000000,0,0,0,2129000000,7023000000,-1328000000,-1328000000,-2.22,-2.22,0.12,-310000000,-930000000,919000000,-332000000,1177000000,815000000,128.12,143.8,112.44,-0.0432,-0.0203,47.09,2.43,32.88,4.42,None,0.1764,0.421,None,1.07,-4.39,1.1928
1998-03-28,597676024,256146867,0.428571,28067000000,13624000000,14540000000,9478000000,13527000000,0,0,0,2127000000,6886000000,180000000,180000000,0.3,0.3,0.12,43000000,-581000000,627000000,64000000,1509000000,627000000,137.53,153.72,121.33,0.079,0.0385,52.81,2.65,31.02,4.14,0.2768,0.1572,0.482,0.0345,1.12,-2.28,1.4374
1997-12-31,597503874,256073089,0.428571,27278000000,None,14006000000,None,13272000000,0,0,0,2144000000,8278000000,321000000,321000000,0.57,0.49,0.12,None,None,None,None,None,0,150.87,175.44,126.3,0.0927,0.0455,51.83,2.95,35.92,3.86,0.2424,0.1615,0.4865,0.0396,1.15,None,None
1997-09-27,596948687,255835151,0.428571,26642000000,12897000000,13554000000,8652000000,13088000000,0,0,0,1905000000,7353000000,266000000,266000000,0.44,0.44,0.12,845000000,-528000000,-2000000,315000000,1768000000,831000000,182.51,211.03,154,0.0888,0.0436,51.16,3.71,46.01,3.58,0.2604,0.1456,0.4913,0.0376,1.16,0.05,1.4906
1997-06-28,595328216,255140664,0.428571,25473000000,12369000000,12926000000,8379000000,12547000000,0,0,0,1907000000,7521000000,268000000,268000000,0.44,0.44,0.12,650000000,-624000000,-153000000,-127000000,1453000000,531000000,156.12,184.19,128.05,0.086,0.0424,49.18,3.31,37.17,3.3,0.275,0.152,0.4926,0.0366,1.16,0.47,1.4762
1997-03-29,594270540,254687374,0.428571,24349000000,11822000000,12338000000,8053000000,12011000000,0,0,0,1908000000,6642000000,325000000,325000000,0.53,0.53,0.12,435000000,-382000000,14000000,67000000,1580000000,521000000,144.38,162.75,126,0.0923,0.0457,47.16,3.12,32.57,3.02,0.2493,0.1589,0.4933,0.0396,1.15,-0.34,1.468
1996-12-31,593866999,254514428,0.428571,24076000000,11319000000,12281000000,7995000000,11795000000,0,0,0,1931000000,7685000000,238000000,238000000,0.39,0.39,0.12,1649000000,-590000000,-728000000,331000000,1513000000,593000000,125.72,148.47,102.97,0.0984,0.0486,46.34,2.69,25.06,2.74,0.2261,0.1637,0.4899,0.0413,1.18,4.15,1.4158
1996-09-28,592895581,254098106,0.428571,23892000000,10815000000,12019000000,7860000000,11873000000,0,0,0,1926000000,6498000000,206000000,206000000,0.34,0.34,0.12,886000000,-622000000,-23000000,241000000,1182000000,579000000,134.46,159.83,109.08,0.1168,0.0576,46.73,2.9,21.99,2.46,0.1846,0.1622,0.4969,0.0489,1.18,1.21,1.376
1996-06-29,592583494,253964354,0.428571,23595000000,10453000000,11839000000,7637000000,11756000000,0,0,0,1948000000,6835000000,326000000,326000000,0.54,0.54,0.1,704000000,-858000000,250000000,96000000,941000000,737000000,137.39,156.64,118.14,0.1455,0.0714,46.29,3.03,20.52,2.18,0.1445,0.1657,0.4982,0.0586,1.22,-0.13,1.3687
1996-03-30,592011609,253719261,0.428571,23376000000,10527000000,11883000000,7784000000,11493000000,0,0,0,1956000000,6955000000,384000000,384000000,0.63,0.63,0.1,951000000,-836000000,5000000,120000000,845000000,822000000,121.33,137.67,105,0.1658,0.0809,45.3,2.78,18.25,1.95,0.1319,0.1702,0.4917,0.0641,1.26,0.51,1.3524
1995-12-31,591696173,253584074,0.428571,22801000000,None,11753000000,None,11048000000,0,0,0,1949000000,7298000000,432000000,432000000,0.72,0.64,0.1,None,None,None,None,None,0,155.61,180.55,130.67,0.1728,0.0846,43.57,3.67,21.79,1.71,0.1326,0.1764,0.4845,0.0659,1.28,None,None
1995-09-30,590963485,253270065,0.428571,21982000000,10050000000,11240000000,7384000000,10742000000,0,0,0,1961000000,6851000000,496000000,496000000,0.81,0.81,0.1,787000000,-996000000,115000000,-94000000,666000000,1096000000,174.13,192.5,155.75,0.1898,0.0945,42.41,4.41,25.73,1.48,0.1391,0.1826,0.4887,0.0712,1.33,-1.22,1.3611
1995-07-01,589788263,252766398,0.428571,20465000000,10298000000,10486000000,7364000000,9979000000,0,0,0,1519000000,6877000000,481000000,481000000,0.79,0.79,0.1,562000000,-1373000000,721000000,-90000000,760000000,1107000000,139.28,158.39,120.17,0.1934,0.0951,39.48,3.71,21.79,1.25,0.1373,0.1522,0.4876,0.0699,1.36,-2.16,1.3984
1995-04-01,588573987,252245994,0.428571,18944000000,9656000000,9479000000,6873000000,9465000000,0,0,0,1126000000,6011000000,372000000,372000000,0.61,0.61,0.1,639000000,-1117000000,587000000,109000000,850000000,969000000,137.38,151.08,123.67,0.1958,None,37.52,3.81,18.63,1.01,0.135,0.119,0.4996,0.0693,1.38,-1.31,1.4049
1994-12-31,588266574,252114246,0.428571,17536000000,8925000000,8440000000,5917000000,9096000000,0,0,0,1127000000,6453000000,515000000,515000000,0.85,0.85,0.14,1530000000,-1517000000,-6000000,7000000,741000000,819000000,128.48,142.64,114.33,0.2034,None,36.08,4.12,None,0.78,0.1234,0.1239,0.5187,0.0701,1.39,2.82,1.5084
1994-10-01,569168059,243929168,0.428571,16558000000,8471000000,8943000000,6302000000,7615000000,0,0,0,1148000000,5660000000,380000000,380000000,0.65,0.65,0.07,680000000,-1004000000,375000000,51000000,734000000,848000000,115.65,130.08,101.22,None,None,31.22,3.89,None,0.45,None,0.1508,0.4599,None,None,-0.69,1.3442
1994-07-02,565821503,242494930,0.428571,15456000000,7767000000,8248000000,5615000000,7208000000,0,0,0,1216000000,5439000000,367000000,367000000,0.63,0.63,0.07,260000000,-956000000,651000000,-45000000,683000000,990000000,112.15,126,98.3,None,None,29.72,3.97,None,0.29,None,0.1687,0.4664,None,None,-3.01,1.3833
1994-04-02,558457255,239338823,0.428571,14301000000,7161000000,7539000000,4837000000,6762000000,0,0,0,1373000000,4693000000,298000000,298000000,1.03,1.03,0.055,82000000,-491000000,251000000,-158000000,728000000,480000000,114.43,127.94,100.92,None,None,28.25,4.27,None,0.13,None,0.203,0.4728,None,None,-1.66,1.4805
1993-12-31,278781510,238955579,0.857143,13498000000,6713000000,7089000000,4389000000,6409000000,0,0,0,1360000000,None,None,None,None,None,0,None,None,None,None,886000000,0,112.16,125.42,98.89,None,None,26.82,None,None,0,None,0.2122,0.4748,None,None,None,1.5295
