"Quarter end","Shares","Shares split adjusted","Split factor","Assets","Current Assets","Liabilities","Current Liabilities","Shareholders equity","Non-controlling interest","Preferred equity","Goodwill & intangibles","Long-term debt","Revenue","Earnings","Earnings available for common stockholders","EPS basic","EPS diluted","Dividend per share","Cash from operating activities","Cash from investing activities","Cash from financing activities","Cash change during period","Cash at end of period","Capital expenditures","Price","Price high","Price low","ROE","ROA","Book value of equity per share","P/B ratio","P/E ratio","Cumulative dividends per share","Dividend payout ratio","Long-term debt to equity ratio","Equity to assets ratio","Net margin","Asset turnover","Free cash flow per share","Current ratio"
2019-06-30,145437765,145437765,1,8776050000,2623251000,5820779000,1955115000,2955271000,0,0,4924940000,2946493000,1810706000,198085000,198085000,1.36,1.35,0.48,208709000,-69755000,-60596000,78312000,321326000,51507000,94.59,100.43,88.75,0.2132,0.0704,20.32,4.85,26.35,37.96,0.4636,0.997,0.3367,0.0885,0.79,1.08,1.3417
2019-03-31,145329437,145329437,1,8657911000,2529466000,5820458000,1946922000,2837453000,0,0,4926413000,2940967000,1724757000,105705000,105705000,0.73,0.72,0.48,24524000,-217690000,36067000,-153207000,243014000,36952000,81.83,94.57,69.09,0.1946,0.0641,19.52,4.28,22.06,37.48,0.5123,1.0365,0.3277,0.0801,0.8,-0.09,1.2992
2018-12-31,144940620,144940620,1,8365771000,2503754000,5597105000,1827421000,2768666000,0,0,4811584000,2943660000,1525042000,141568000,141568000,0.96,0.91,0.48,364161000,-35355000,-148525000,186944000,396221000,35211000,77.72,89.61,65.83,0.1782,0.0636,19.1,4.14,16.61,37,0.4944,1.0632,0.331,0.0816,0.78,2.27,1.3701
2018-09-30,146332674,146332674,1,8461770000,2459049000,5713836000,1890305000,2747934000,0,0,4915448000,2981923000,1747403000,157305000,157305000,1.07,1.05,0.48,240398000,-35922000,-232476000,-33537000,209277000,35922000,81.05,90.26,71.84,0.2012,0.0761,18.78,4.21,16.99,36.52,0.3929,1.0852,0.3247,0.0969,0.79,1.4,1.3009
2018-06-30,147703621,147703621,1,8473170000,2447728000,5632579000,1813927000,2840591000,0,0,4943970000,2974940000,1798094000,139959000,139959000,0.92,0.91,0.47,158881000,-61886000,-227734000,-124408000,242814000,37957000,85.17,98.63,71.71,0.1873,0.0744,19.23,2.96,17.38,36.04,0.3856,1.0473,0.3352,0.0964,0.77,0.82,1.3494
2018-03-31,154677787,154677787,1,10543040000,2951999000,6097418000,2080588000,4445622000,0,0,6292667000,3032003000,1921579000,131435000,131435000,0.85,0.84,0.47,35195000,-136022000,-289103000,-386742000,367222000,55996000,101.69,109.06,94.33,0.1795,0.0734,28.74,3.58,19.75,35.57,0.3723,0.682,0.4217,0.0971,0.76,-0.13,1.4188
2017-12-31,154424436,154424436,1,10657653000,3207120000,6274473000,2298193000,4383180000,0,0,6201839000,2986702000,2017438000,296448000,296448000,1.9,1.88,0.47,319594000,201158000,-87539000,431925000,753964000,39870000,95.47,101.44,89.5,0.1946,0.0779,28.38,3.48,22.1,35.1,0.3484,0.6814,0.4113,0.1037,0.75,1.81,1.3955
2017-09-30,155791090,155791090,1,10493390000,2868771000,6217700000,2167256000,4275690000,0,0,6374879000,2985048000,2006275000,178912000,178912000,1.15,1.14,0.47,268017000,-55428000,-197634000,20451000,322039000,55428000,86.47,92.74,80.21,0.168,0.0658,27.45,3.31,21.56,34.63,0.412,0.6981,0.4075,0.0891,0.74,1.36,1.3237
2017-06-30,155734275,155734275,1,10292423000,2759584000,6219989000,2215346000,4072434000,0,0,6321941000,2925472000,1993351000,164058000,164058000,1.05,1.04,0.44,155877000,-51137000,-216273000,-113942000,301588000,45129000,80.44,84.4,76.47,0.1608,0.0628,26.15,3.17,21.57,34.16,0.4363,0.7184,0.3957,0.0861,0.73,0.71,1.2457
2017-03-31,155669697,155669697,1,10238308000,2761919000,6284893000,2319203000,3953415000,0,0,6290827000,2887962000,1813372000,172247000,172247000,1.11,1.09,0.44,78071000,81780000,-93293000,66384000,415530000,40986000,78.99,82.56,75.42,0.1525,0.0602,25.4,3.23,24.08,33.72,0.4649,0.7305,0.3861,0.0833,0.72,0.24,1.1909
2016-12-31,155502313,155502313,1,10115991000,2589191000,6316245000,1940318000,3799746000,0,0,6365600000,3206637000,1777961000,161162000,161162000,1.04,1.05,0.44,289029000,-942461000,484288000,-165609000,349146000,41659000,71.33,77.13,65.53,0.1357,0.0545,24.44,2.92,22.72,33.28,0.5249,0.8439,0.3756,0.0749,0.73,1.59,1.3344
2016-09-30,155346834,155346834,1,9298283000,2738967000,5509383000,1891071000,3788900000,0,0,5515692000,2613761000,1707763000,130084000,130084000,0.84,0.83,0.44,231665000,-66110000,98491000,259615000,514755000,38949000,70.6,74.9,66.3,0.1319,0.0546,24.39,2.95,20.17,32.84,0.5389,0.6898,0.4075,0.0729,0.75,1.24,1.4484
2016-06-30,155215908,155215908,1,8979092000,2379756000,5265357000,1640367000,3713735000,0,0,5534393000,2607066000,1686345000,118290000,118290000,0.76,0.76,0.42,207868000,-69415000,-127678000,11420000,255140000,30237000,66.84,72.03,61.64,0.1492,0.0622,23.93,2.8,13.9,32.4,0.4776,0.702,0.4136,0.0803,0.77,1.14,1.4507
2016-03-31,155148745,155148745,1,8980895000,2345756000,5282762000,1648809000,3698133000,0,0,5578017000,2610642000,1622273000,99356000,99356000,0.64,0.64,0.42,133413000,-425857000,178507000,-118465000,243720000,36611000,58.75,66.59,50.91,0.2095,0.088,23.84,2.5,10.78,31.98,0.3395,0.7059,0.4118,0.1107,0.79,0.62,1.4227
2015-12-31,155009407,155009407,1,8619763000,2420779000,4975188000,1367182000,3644575000,0,0,5150612000,2617342000,1694600000,141825000,141825000,0.91,0.91,0.42,294346000,-615584000,19080000,-300488000,362185000,37839000,61.54,66.57,56.51,0.2419,0.1017,23.51,2.67,11.09,31.56,0.2954,0.7181,0.4228,0.125,0.81,1.65,1.7706
2015-09-30,154965665,154965665,1,8478820000,2814829000,4912516000,1668699000,3566304000,0,0,4672092000,2224943000,1787582000,186098000,186098000,1.2,1.19,0.42,200577000,-33454000,-86034000,67505000,662673000,37768000,63.01,70.03,55.99,0.2486,0.1035,23.01,2.74,10.98,31.14,0.2865,0.6239,0.4206,0.1284,0.81,1.05,1.6868
2015-06-30,156465420,156465420,1,8466817000,2737125000,4874335000,1613705000,3592482000,0,0,4731832000,2225063000,1758628000,332396000,332396000,2.1,2.07,0.4,206141000,455091000,-608329000,56682000,595168000,42125000,73.59,77.77,69.4,0.255,0.1073,22.96,3.3,14.9,30.72,0.2737,0.6194,0.4243,0.1293,0.83,1.05,1.6962
2015-03-31,160382513,160382513,1,8646705000,2671551000,5067595000,1782054000,3579110000,0,0,4773176000,2217874000,1715501000,209510000,209510000,1.3,1.28,0.4,134049000,157385000,-416603000,-143095000,538486000,21915000,71.55,74.5,68.59,0.2185,0.0929,22.32,3.15,15.59,30.32,0.3128,0.6197,0.4139,0.1087,0.85,0.7,1.4991
2014-12-31,163045137,163045137,1,9090385000,2896822000,5389660000,2039354000,3700725000,0,0,4861077000,2253041000,1727876000,169294000,169294000,1.02,1.01,0.4,425060000,-476924000,49020000,-24653000,681581000,49074000,75.26,82.76,67.76,0.2031,0.0873,22.7,3.17,16.05,29.92,3.4446,0.6088,0.4071,0.1,0.87,2.31,1.4205
2014-09-30,165362322,165362322,1,8959186000,3116331000,5037247000,1393964000,3921939000,0,0,4773549000,2570257000,2092467000,231844000,231844000,1.4,1.38,0.4,290243000,-76001000,-38534000,158846000,706234000,27168000,85.08,90.22,79.94,0.1888,0.0859,23.72,3.64,17.47,29.52,3.3376,0.6554,0.4378,0.0971,0.88,1.59,2.2356
2014-06-30,166549412,166549412,1,8795074000,2903529000,4898448000,1231700000,3896626000,0,0,4630245000,2596344000,2047738000,213959000,213959000,1.29,1.27,0.375,276785000,-103169000,-114201000,61349000,547388000,43247000,84.9,90.11,79.69,0.1829,0.0859,23.4,3.77,15.41,29.12,3.1863,0.6663,0.443,0.0997,0.86,1.4,2.3573
2014-03-31,166488958,166488958,1,8664390000,2701709000,4916312000,1231409000,3748078000,0,0,4641901000,2602334000,1884647000,160138000,160138000,0.94,0.93,14.875,-16164000,-146216000,-151774000,-317843000,486039000,32171000,74.18,81.02,67.34,0.1966,0.0941,22.51,2.35,12.83,28.75,2.7954,0.6943,0.4326,0.1112,0.85,-0.29,2.194
2013-12-31,170017999,170017999,1,10838172000,3240162000,5460776000,1615580000,5377396000,0,0,5855396000,2599201000,2209128000,193963000,193963000,1.14,1.11,0.38,422961000,-201810000,-154707000,64058000,803882000,63744000,91.05,97,85.1,0.1966,0.0953,31.63,2.94,16.35,13.87,0.2473,0.4834,0.4962,0.1149,0.83,2.11,2.0056
2013-09-30,170365768,170365768,1,10665130000,3263170000,5380705000,2018537000,5284425000,0,0,5711461000,2190156000,2252349000,269114000,269114000,1.58,1.56,0.375,349016000,-110358000,-112479000,133874000,739824000,56389000,84.41,92.87,75.96,0.1943,0.093,31.02,2.89,15.87,13.49,0.2525,0.4145,0.4955,0.1182,0.79,1.72,1.6166
2013-06-30,170672366,170672366,1,10349256000,3048885000,5368384000,1975099000,4980872000,0,0,5670351000,2189811000,2228763000,330049000,330049000,1.93,1.91,0.35,305675000,-110091000,-158684000,34591000,605950000,44340000,74.1,80.75,67.45,0.1894,0.0919,29.18,2.66,16.25,13.12,0.2587,0.4396,0.4813,0.1154,0.8,1.53,1.5437
2013-03-31,171103311,171103311,1,10234914000,2919863000,5473133000,1951458000,4761781000,0,0,5656209000,2189521000,2039573000,210003000,210003000,1.21,1.2,0.35,76865000,-46609000,-252672000,-228717000,571359000,43370000,70.01,74.62,65.4,0.165,0.0817,27.83,2.49,15.88,12.77,0.2924,0.4598,0.4652,0.1021,0.8,0.2,1.4962
2012-12-31,174679432,174679432,1,10443943000,3027844000,5524713000,1986628000,4919230000,0,0,5740070000,2189350000,1675768000,159860000,159860000,0.89,0.9,0.35,584715000,-779922000,192304000,5977000,800076000,79250000,60.35,65.8,54.9,0.1596,0.0814,28.16,2.07,12.09,12.42,0.2949,0.4451,0.471,0.1001,0.81,2.89,1.5241
2012-09-30,179010954,179010954,1,9910145000,3277107000,4697479000,1275979000,5212666000,0,0,5391887000,2192162000,2208699000,241046000,241046000,1.33,1.31,0.35,297726000,-58628000,-239831000,8134000,794099000,64265000,55.95,61.64,50.27,0.1828,0.0955,29.12,2,12.19,12.07,0.2528,0.4205,0.526,0.1153,0.83,1.3,2.5683
2012-06-30,182806862,182806862,1,9804405000,3205314000,4694141000,1261709000,5110264000,0,0,5391943000,2191750000,2156508000,214101000,214101000,1.17,1.15,0.315,254208000,-148506000,-208169000,-114011000,785965000,70202000,57.62,64.36,50.88,0.1721,0.0894,27.95,2.08,12.11,11.72,0.2681,0.4289,0.5212,0.1069,0.84,1.01,2.5405
2012-03-31,183606109,183606109,1,9698579000,3238769000,4608902000,1205634000,5089677000,0,0,5267053000,2191757000,2063364000,196063000,196063000,1.07,1.05,0.315,136524000,-365966000,-87246000,-306779000,899976000,69452000,62.01,67.2,56.81,0.181,0.0939,27.72,2.31,13.08,11.4,0.2502,0.4306,0.5248,0.1113,0.84,0.37,2.6864
2011-12-31,183656719,183656719,1,9501450000,3397130000,4570895000,1202981000,4930555000,0,0,4994201000,2186230000,1630860000,278289000,278289000,1.51,1.48,0.31,350148000,118886000,-169251000,289216000,1206755000,78504000,51.45,59.27,43.64,0.184,0.0946,26.85,1.95,11.99,11.09,0.2433,0.4434,0.5189,0.1126,0.84,1.48,2.8239
2011-09-30,185375530,185375530,1,9513036000,3292748000,4633830000,1286654000,4879206000,0,0,5094121000,2186472000,2203388000,172280000,172280000,0.93,0.91,0.315,391672000,-709658000,-134039000,-481598000,917024000,61909000,57.79,70.15,45.42,0.1711,0.0883,26.32,2.19,12.65,10.78,0.2591,0.4481,0.5129,0.0995,0.89,1.78,2.5592
2011-06-30,186023340,186023340,1,9482038000,3753415000,4569081000,1263966000,4912957000,0,0,4655463000,2186238000,2156871000,249769000,249769000,1.34,1.32,0.275,209009000,-90771000,-98087000,19300000,1397419000,71879000,64.91,69.25,60.57,0.1868,0.097,26.41,2.55,15.64,10.46,0.2367,0.445,0.5181,0.11,0.88,0.74,2.9696
2011-03-31,186579104,186579104,1,9360143000,3591317000,4616099000,1273850000,4744044000,0,0,4684778000,2185991000,1959021000,194905000,194905000,1.04,1.03,0.275,127149000,-344248000,350876000,190758000,1378119000,49531000,62.29,68.07,56.51,0.1775,0.0916,25.43,2.57,16.84,10.19,0.2574,0.4608,0.5068,0.1048,0.87,0.42,2.8193
2010-12-31,186545088,186545088,1,8562894000,3261871000,4036332000,1194386000,4526562000,0,0,4275556000,2790886000,1875541000,198349000,198349000,1.06,1.03,0.27,428983000,-14176000,-110361000,321271000,1187361000,48053000,55.3,59.2,51.39,0.1643,0.0848,24.27,2.36,17.28,9.91,0.2853,0.6166,0.5286,0.0982,0.86,2.04,2.731
2010-09-30,186790017,186790017,1,8353575000,3102841000,3978311000,1198985000,4375264000,0,0,4240640000,1789660000,1887141000,223759000,223759000,1.2,1.19,0.28,201037000,-38025000,-88946000,127273000,866090000,42605000,46.75,53,40.5,0.1448,0.0743,23.42,2.14,18.12,9.64,0.3297,0.409,0.5238,0.0888,0.84,0.85,2.5879
2010-06-30,186660653,186660653,1,8083307000,2846066000,3998034000,1259849000,4085273000,0,0,4222026000,1790642000,1786696000,169870000,169870000,0.91,0.9,0.26,230790000,21317000,-175032000,48522000,738817000,38883000,48.46,55.5,41.42,0.119,0.0609,21.89,2.23,22.03,9.36,0.4012,0.4383,0.5054,0.0759,0.8,1.03,2.2591
2010-03-31,186759146,186759146,1,8026901000,2755702000,3970310000,1186454000,4056591000,0,0,4255831000,1825196000,1583270000,108126000,108126000,0.58,0.58,0.26,86041000,-148213000,69551000,-24070000,690295000,36083000,44.03,47.56,40.5,0.1022,0.0525,21.72,2.02,23.05,9.1,0.4674,0.4499,0.5054,0.0688,0.76,0.27,2.3226
2009-12-31,187232126,187232126,1,7882403000,2522707000,3798795000,969176000,4083608000,0,0,4300965000,1825260000,1506662000,99049000,99049000,0.53,0.53,0.26,257843000,-101687000,-27127000,116861000,714365000,26781000,39.81,43.1,36.52,0.0902,0.0461,21.81,1.83,19.61,8.84,0.5334,0.447,0.5181,0.0617,0.75,1.23,2.6029
2009-09-30,186176669,186176669,1,7772311000,2589568000,3731897000,943453000,4040414000,0,0,4173083000,1826989000,1499611000,106884000,106884000,0.57,0.57,0.26,249612000,-204786000,-166944000,-96056000,597504000,20531000,35.05,39.79,30.3,0.0975,0.0489,21.7,1.67,14.25,8.58,0.4971,0.4522,0.5198,0.063,0.78,1.23,2.7448
2009-06-30,186135290,186135290,1,7670454000,2480318000,3766546000,1000490000,3903908000,0,0,4173566000,1844741000,1390331000,97080000,97080000,0.52,0.52,0.25,180542000,66526000,-73105000,193250000,693560000,23000000,31.19,36.55,25.83,0.1193,0.0584,20.97,1.54,11.77,8.32,0.4054,0.4725,0.509,0.0709,0.82,0.85,2.4791
2009-03-31,186016411,186016411,1,7596833000,2415914000,3823421000,1010944000,3773412000,0,0,4172105000,1861407000,1379085000,53425000,53425000,0.29,0.29,0.25,108096000,-18806000,-122777000,-47099000,500310000,26724000,28.97,36.15,21.79,0.1288,0.0618,20.29,1.42,9.29,8.07,0.3562,0.4933,0.4967,0.0701,0.88,0.44,2.3898
2008-12-31,186013754,186013754,1,7867304000,2614185000,4074438000,1237580000,3792866000,0,0,4207975000,1860729000,1737072000,120729000,120729000,0.64,0.65,0.25,256452000,-20209000,-228849000,-28523000,547409000,35648000,31.95,40.5,23.39,0.151,0.0721,20.39,1.52,9.37,7.82,0.2851,0.4906,0.4821,0.0781,0.92,1.19,2.1123
2008-09-30,185964846,185964846,1,8316482000,2826853000,4402382000,1537028000,3914100000,0,0,4323696000,1861175000,1965776000,187650000,187650000,1.01,1,0.25,351929000,-260741000,-216595000,-166681000,575932000,46404000,46.37,51.99,40.74,0.1659,0.0795,21.05,2.2,14.18,7.57,0.2446,0.4755,0.4706,0.0865,0.92,1.64,1.8392
2008-06-30,187846968,187846968,1,8386761000,2836099000,4430154000,1546421000,3956607000,0,0,4367808000,1879492000,2010978000,135276000,135276000,0.72,0.71,0.2,241591000,-110763000,-28113000,103230000,742613000,40393000,48.39,54.57,42.22,0.1627,0.0788,21.06,2.3,14.23,7.32,0.2391,0.475,0.4718,0.0862,0.91,1.07,1.834
2008-03-31,189373953,189373953,1,8203445000,2653265000,4216851000,1323694000,3986594000,0,0,4379723000,1896015000,1855062000,147176000,147176000,0.76,0.76,0.2,152852000,-63086000,-87347000,33278000,635690000,40102000,39.2,44.87,33.54,0.1716,0.0848,21.05,1.91,11.99,7.12,0.2265,0.4756,0.486,0.093,0.91,0.6,2.0044
2007-12-31,191926458,191926458,1,8069770000,2544238000,4123597000,1681192000,3946173000,0,0,4364560000,1452003000,1743108000,185364000,185364000,0.95,0.94,0.2,329319000,-77886000,-110603000,156389000,602412000,19080000,47.96,51.58,44.34,0.1683,0.0835,20.56,2.44,16.54,6.92,0.2342,0.368,0.489,0.0915,0.91,1.62,1.5134
2007-09-30,198716107,198716107,1,7949063000,2495274000,4040913000,1614508000,3908150000,0,0,4306958000,1454455000,1843829000,174591000,174591000,0.87,0.86,0.2,229690000,-90656000,-117606000,34931000,446023000,35554000,50.88,54.59,47.16,0.1526,0.0761,19.67,2.6,17.79,6.72,0.2579,0.3722,0.4916,0.0847,0.9,0.98,1.5455
2007-06-30,204576291,204576291,1,7807817000,2432513000,3810218000,1362528000,3997599000,0,0,4321327000,1465674000,1858965000,172194000,172194000,0.84,0.84,0.185,None,None,None,-34491000,409863000,50741000,50.58,53.75,47.41,0.1519,0.0767,19.54,2.68,21.34,6.52,0.2594,0.3666,0.512,0.086,0.89,None,1.7853
2007-03-31,204415133,204415133,1,7847336000,2451271000,3987498000,1476769000,3859838000,0,0,4345151000,1480914000,1780187000,128931000,128931000,0.63,0.63,0.19,61077000,-130989000,137259000,70738000,444354000,44392000,48.5,50.92,46.07,0.129,0.0657,18.88,2.6,17.77,6.34,0.3062,0.3837,0.4919,0.0735,0.89,0.08,1.6599
2006-12-31,204703863,204703863,1,7626658000,2271506000,3815636000,1433980000,3811022000,0,0,4267365000,1480491000,1535937000,118518000,118518000,0.59,0.57,0.18,296591000,-482510000,212931000,34550000,373616000,47146000,49.16,51.5,46.83,0.1519,0.0787,18.62,2.64,18.01,6.15,0.2579,0.3885,0.4997,0.0863,0.91,1.22,1.5841
2006-09-30,204163335,204163335,1,7324741000,2222502000,3528368000,1172197000,3796373000,0,0,3695749000,1491203000,1651927000,167525000,167525000,0.82,0.82,0.19,276333000,-336274000,124154000,67379000,339173000,48325000,47.67,50.23,45.12,0.1564,0.0813,18.59,2.67,18.99,5.97,0.2549,0.3928,0.5183,0.0866,0.94,1.12,1.896
2006-06-30,203524951,203524951,1,6860193000,2022326000,3228348000,1058871000,3631845000,0,0,3381825000,1343704000,1655397000,71911000,71911000,0.35,0.35,0.17,210779000,-141414000,-91105000,-13530000,271794000,46209000,48.07,51.92,44.22,0.1494,0.0763,17.84,2.76,15.97,5.78,0.2687,0.37,0.5294,0.0808,0.94,0.81,1.9099
2006-03-31,203890983,203890983,1,6754094000,2189091000,3204288000,1169577000,3549806000,0,0,3451847000,1343794000,1668362000,203828000,203828000,1,0.99,0.17,111008000,105165000,-117690000,99385000,290347000,34038000,44.92,49.55,40.3,0.185,0.0945,17.41,2.74,17.97,5.61,0.221,0.3786,0.5256,0.0978,0.97,0.38,1.8717
2005-12-31,203302588,203302588,1,6573032000,1975925000,3243509000,1207454000,3329523000,0,0,3486613000,1344173000,1482105000,116127000,116127000,0.57,0.57,0.17,None,None,None,-105422000,191150000,47317000,39.53,42.03,37.04,0.1581,0.0806,16.38,2.45,16.4,5.44,0.2627,0.4037,0.5065,0.0839,0.96,None,1.6364
2005-09-30,202668076,202668076,1,6804795000,2219234000,3536632000,1566703000,3268163000,0,0,3485505000,1339883000,1562756000,122680000,122680000,0.61,0.6,0.17,141489000,-939829000,716730000,-75222000,323242000,25162000,38.88,42,35.75,0.1548,0.0801,16.13,2.49,16.2,5.27,0.2689,0.41,0.4803,0.0816,0.98,0.57,1.4165
2005-06-30,202493696,202493696,1,5932523000,2291808000,2764927000,1426370000,3167596000,0,0,2685239000,751651000,1584485000,173201000,173201000,0.85,0.85,0.16,185652000,41939000,-216800000,-11485000,399671000,36814000,36.48,38.86,34.11,0.1579,0.0841,15.64,2.37,17.45,5.1,0.2621,0.2373,0.5339,0.0828,1.01,0.74,1.6067
2005-03-31,203727972,203727972,1,6006176000,2306932000,2867163000,1530964000,3139013000,0,0,2733618000,755443000,1449034000,98134000,98134000,0.48,0.48,0.16,46244000,-127332000,148008000,54224000,411830000,26664000,39.48,42.11,36.84,0.1417,0.0754,15.41,2.58,19.54,4.94,0.295,0.2407,0.5226,0.0751,1,0.1,1.5068
2004-12-31,203697833,203697833,1,5792179000,2149947000,2673497000,1355976000,3118682000,0,0,2679057000,753063000,1421176000,97115000,97115000,0.48,0.48,0.16,219977000,-222265000,39304000,50963000,357606000,34171000,38.92,42.72,35.12,0.141,0.0752,15.31,2.68,20.17,4.78,0.3006,0.2415,0.5384,0.0752,1,0.91,1.5855
2004-09-30,203363281,203363281,1,5520063000,2108395000,2563599000,1064302000,2956464000,0,0,2402684000,1000059000,1444196000,120264000,120264000,0.59,0.59,0.15,146481000,-194003000,-32728000,-64053000,306643000,9996000,39.52,42.37,36.67,0.1383,0.0737,14.54,2.81,22.58,4.62,0.3112,0.3383,0.5356,0.0757,0.97,0.67,1.981
2004-06-30,203326981,203326981,1,5375705000,2084086000,2517822000,1036657000,2857883000,0,0,2255993000,1001109000,1380360000,112264000,112264000,0.55,0.54,0.15,94625000,-87654000,-42253000,-51837000,370696000,27568000,39.16,42.81,35.5,0.1297,0.0688,14.06,2.86,24.94,4.47,0.3422,0.3503,0.5316,0.0729,0.94,0.33,2.0104
2004-03-31,203253378,203253378,1,5257806000,1993702000,2478007000,971531000,2779799000,0,0,2177442000,1006051000,1242380000,83112000,83112000,0.41,0.41,0.15,136364000,-20931000,-65273000,52154000,422533000,20931000,40.27,44.13,36.41,0.1187,0.0636,13.68,2.98,27.77,4.32,0.3749,0.3619,0.5287,0.0684,0.93,0.57,2.0521
2003-12-31,203172389,203172389,1,5133752000,1849640000,2391081000,910801000,2742671000,0,0,2194029000,1003915000,1107543000,76320000,76320000,0.38,0.39,0.15,363298000,-346784000,-40017000,-33376000,370379000,15962000,37.84,40.45,35.22,0.1135,0.0612,13.5,2.95,33.49,4.17,0.3945,0.366,0.5342,0.0664,0.92,1.71,2.0308
2003-09-30,202518447,202518447,1,4927790000,2081750000,2327835000,990290000,2599955000,0,0,1881957000,1006033000,1153742000,84355000,84355000,0.42,0.41,0.15,74572000,-29182000,23703000,73099000,404379000,25884000,33.98,38.79,29.17,0.0929,0.0502,12.84,2.71,33.98,4.02,0.4897,0.3869,0.5276,0.0538,0.93,0.24,2.1022
2003-06-30,202597562,202597562,1,4601886000,1791809000,2059477000,712275000,2542409000,0,0,1885681000,1001739000,1124219000,72781000,72781000,0.36,0.36,0.135,107816000,-37524000,-56430000,12130000,306323000,24778000,29.23,34.7,23.77,0.0838,0.0456,12.55,2.43,32.12,3.87,0.5417,0.394,0.5525,0.0482,0.95,0.41,2.5156
2003-03-31,202524150,202524150,1,4480600000,1707054000,2045666000,686392000,2434934000,0,0,1862573000,1031006000,1027792000,59471000,59471000,0.29,0.29,0.135,47980000,-35110000,-25537000,-255000,294193000,19914000,27.14,31.43,22.85,0.0782,0.0423,12.02,2.3,None,3.73,0.5929,0.4234,0.5434,0.0443,0.95,0.14,2.487
2002-12-31,202522178,202522178,1,4437385000,1658001000,2042762000,696938000,2394623000,0,0,1857719000,1030299000,1000485000,15029000,15029000,0.07,0.07,0.14,186485000,-63884000,-55067000,96972000,294448000,15001000,27.87,32.2,23.54,-0.052,-0.0278,11.82,2.39,None,3.6,None,0.4303,0.5396,None,0.96,0.85,2.379
2002-09-30,202320840,202320840,1,4365841000,1730076000,2010967000,759334000,2354874000,0,0,1846849000,1030109000,1076095000,56442000,56442000,0.28,0.28,0.135,123228000,-25083000,-36292000,57914000,174331000,23738000,29.7,35,24.4,-0.0478,-0.0256,11.64,2.58,None,3.46,None,0.4374,0.5394,None,0.95,0.49,2.2784
2002-06-30,202713361,202713361,1,4315958000,1647074000,1983323000,733310000,2332635000,0,0,1847730000,1034688000,1097152000,55201000,55201000,0.27,0.27,0.135,130730000,-27943000,-155994000,-48967000,116417000,24285000,36.98,41.19,32.78,-0.0692,-0.0369,11.51,3.35,None,3.32,None,0.4436,0.5405,None,0.93,0.53,2.2461
2002-03-31,202767761,202767761,1,4302223000,1668800000,2064893000,837154000,2237330000,0,0,1817555000,1032172000,1009932000,-247933000,-247933000,-1.22,-1.22,0.135,-45528000,-67162000,107054000,-10217000,165648000,21338000,38.8,43.55,34.05,-0.0319,-0.0168,11.03,3.12,31.8,3.19,None,0.4613,0.52,None,0.9,-0.33,1.9934
2001-12-31,202673851,202673851,1,4602202000,1654928000,2082663000,819171000,2519539000,0,0,2119617000,1033243000,985004000,23546000,23546000,0.12,0.12,0.14,None,None,None,-37644000,175865000,22110000,33.86,39,28.71,0.0987,0.0514,12.43,2.7,19.24,3.05,0.4285,0.4101,0.5475,0.0557,0.92,None,2.0202
2001-09-30,202418750,202418750,1,4828102000,1834424000,2287203000,1036384000,2540899000,0,0,2150524000,1038649000,1088554000,2607000,2607000,0.01,0.01,0.135,144938000,-60162000,-223025000,-138249000,221781000,28313000,32.65,38.9,26.4,0.144,0.0732,12.55,2.6,13.66,2.91,0.2907,0.4088,0.5263,0.0741,0.99,0.58,1.77
2001-06-30,203098842,203098842,1,5004101000,2021844000,2451465000,1219275000,2552636000,0,0,2111096000,1032999000,1138573000,143298000,143298000,0.7,0.7,0.125,175304000,164500000,-149542000,190262000,360030000,40511000,38.47,43.55,33.4,0.1998,0.0995,12.57,3.18,16.3,2.78,0.2103,0.4047,0.5101,0.0946,1.05,0.66,1.6582
2001-03-31,203263348,203263348,1,4919128000,1939676000,2461278000,1243627000,2457850000,0,0,2098145000,1033292000,1247564000,79086000,79086000,0.39,0.39,0.125,96102000,-144879000,37146000,-11631000,169768000,62518000,38.16,42.5,33.81,0.2038,0.1005,12.09,3.18,15.02,2.65,0.2089,0.4204,0.4997,0.0892,1.13,0.17,1.5597
2000-12-31,203297745,203297745,1,4892116000,1908674000,2450541000,1569527000,2441575000,0,0,2078639000,631846000,1379688000,134693000,134693000,0.66,0.66,0.13,None,None,None,None,None,0,40.81,47.5,34.13,0.2276,0.1115,12.01,3.58,16.46,2.53,0.1896,0.2588,0.4991,0.0962,1.16,None,1.2161
2000-09-30,203094568,203094568,1,4791325000,2012307000,2476118000,1668723000,2315207000,0,0,1945135000,629294000,1390486000,130867000,130867000,0.65,0.64,0.125,203269000,-145657000,16001000,75149000,210860000,57190000,46.13,51.56,40.69,0.2318,0.1131,11.4,4.19,19.06,2.4,0.1866,0.2718,0.4832,0.096,1.18,0.72,1.2059
2000-06-30,203074480,203074480,1,4562086000,1847979000,2327139000,1513102000,2234947000,0,0,1926916000,630018000,1379260000,136733000,136733000,0.67,0.67,0.115,119101000,-113241000,9599000,14836000,135711000,42116000,47.31,54.38,40.25,0.2361,0.1167,11.01,4.48,21.6,2.27,0.1861,0.2819,0.4899,0.0987,1.18,0.38,1.2213
2000-03-31,203000356,203000356,1,4403366000,1760416000,2262184000,1471117000,2141182000,0,0,1927271000,634295000,1251283000,117319000,117319000,0.58,0.57,0.115,16147000,-177695000,451813000,-17163000,120875000,35231000,42.41,48.75,36.06,0.2193,0.1111,10.55,4.22,9.77,2.16,0.2007,0.2962,0.4863,0.0958,1.16,-0.09,1.1967
1999-12-31,202911837,202911837,1,4131940000,None,2093184000,None,2038756000,0,0,1820717000,608025000,1248284000,120989000,120989000,0.61,0.6,0.11,None,None,None,None,None,0,42.59,47.94,37.25,0.4456,0.2335,10.05,4.34,10.21,2.04,0.0969,0.2982,0.4934,0.2089,1.12,None,None
1999-09-30,203629789,203629789,1,3930295000,1618353000,1932237000,1195388000,1998058000,0,0,1664232000,609401000,1150531000,121535000,121535000,0.58,0.58,0.115,132799000,-249626000,60749000,-56078000,174628000,33086000,39.51,42.88,36.13,0.4398,0.2344,9.81,3.95,9.85,1.93,0.1013,0.305,0.5084,0.2535,0.92,0.49,1.3538
1999-06-30,208410002,208410002,1,3856303000,1587699000,1769937000,1042783000,2086366000,0,0,1647137000,606742000,1077850000,93310000,93310000,0.44,0.44,0.105,91103000,-355930000,-24409000,-289236000,230706000,27520000,36.44,40.88,32,0.4306,0.2284,10.01,3.51,9.06,1.81,0.1044,0.2908,0.541,0.2404,0.95,0.31,1.5226
1999-03-31,213383374,213383374,1,3995099000,1819257000,1778390000,1051234000,2216709000,0,0,1555325000,609182000,969755000,593158000,593158000,2.73,2.72,0.105,36690000,729952000,-343474000,423168000,519942000,26305000,33.5,37.69,29.31,0.4467,0.2305,10.39,3.79,19.71,1.71,0.1028,0.2748,0.5549,0.2322,0.99,0.05,1.7306
1998-12-31,215894434,215894434,1,3627276000,None,1716392000,None,1910884000,0,0,1446151000,610090000,362762000,94824000,94824000,0.44,0.43,0.11,None,None,None,None,None,0,31.91,36.94,26.88,0.2032,0.103,8.85,3.7,18.45,1.6,0.2362,0.3193,0.5268,0.0952,1.08,None,None
1998-09-30,222497312,222497312,1,3848149000,1677530000,1930933000,1198405000,1917216000,0,0,1483984000,611310000,1231213000,93972000,93972000,0.42,0.42,0.105,173730000,-79765000,-101424000,-7459000,92327000,38337000,30.41,35.31,25.5,0.212,0.1071,8.62,3.66,17.23,1.49,0.2233,0.3189,0.4982,0.0795,1.35,0.61,1.3998
1998-06-30,223114621,223114621,1,3834437000,1663210000,1980506000,1252481000,1853931000,0,0,1478692000,611360000,1235107000,100054000,100054000,0.45,0.45,0.095,78026000,-425090000,340569000,-6495000,99786000,44175000,36.59,39.94,33.25,0.2254,0.114,8.31,4.6,19.51,1.39,0.2131,0.3298,0.4835,0.0822,1.39,0.15,1.3279
1998-03-31,222987323,222987323,1,3398194000,1610584000,1623747000,1248315000,1774447000,0,0,1162094000,261647000,1148584000,89995000,89995000,0.4,0.4,0.095,83825000,-154191000,51867000,-18499000,106282000,33786000,36.09,39.69,32.5,0.2506,0.1278,7.96,4.72,19.78,1.29,0.1949,0.1475,0.5222,0.0889,1.44,0.22,1.2902
1997-12-31,222891535,222891535,1,3277524000,None,1573940000,None,1703584000,0,0,1078678000,262630000,1221120000,100260000,100260000,0.46,None,0.09,None,None,None,None,None,0,34.44,36.31,32.56,0.2542,0.1286,7.64,4.71,19.97,1.2,0.1952,0.1542,0.5198,0.0892,1.44,None,None
1997-09-30,111193879,222387758,2,3244582000,1607850000,1618956000,1252390000,1625626000,0,0,1023639000,257073000,1163744000,101756000,101756000,0.91,None,0.19,166957000,-113274000,-33006000,20677000,155621000,36925000,33.7,36.69,30.72,0.25,0.1251,7.31,4.84,17.69,1.11,0.203,0.1581,0.501,0.0882,1.42,0.58,1.2838
1997-06-30,111186351,222372702,2,3125864000,1575543000,1575502000,1216478000,1550362000,0,0,975822000,254923000,1154011000,124915000,124915000,1.12,None,0.17,50776000,-98811000,69613000,21578000,134944000,34650000,28.94,32,25.88,0.2875,0.145,6.97,4.33,16.68,1.01,0.1782,0.1644,0.496,0.1015,1.43,0.07,1.2952
1997-03-31,112184966,224369932,2,2959628000,1432046000,1458335000,1104075000,1501293000,0,0,981443000,255135000,1008781000,78500000,78500000,0.7,None,0.17,81382000,-106916000,-61055000,-86589000,113366000,27377000,25.79,27.44,24.13,0.2715,0.1371,6.69,3.9,14.95,0.93,0.1904,0.1699,0.5073,0.0957,1.43,0.24,1.2971
1996-12-31,112707541,225415082,2,2993379000,None,1503676000,None,1489703000,0,0,973440000,252955000,1044000000,80297000,80297000,0.72,None,0.17,None,None,None,None,None,0,25.6,27.57,23.63,0.2815,0.1398,6.61,4.07,15.38,0.84,0.1856,0.1698,0.4977,0.0957,1.46,None,None
1996-09-30,112504164,225008328,2,2732868000,1410934000,1317987000,944431000,1414881000,0,0,832595000,257592000,1009388000,144323000,144323000,1.27,None,0.17,149000000,-5549000,-125309000,18142000,126799000,24596000,22.38,24.25,20.5,0.2865,0.1396,6.29,3.76,16.64,0.76,0.1919,0.1821,0.5177,0.0936,1.49,0.55,1.494
1996-06-30,113887685,227775370,2,2718908000,1397666000,1363477000,1010876000,1355431000,0,0,844807000,254582000,1023423000,87858000,87858000,0.78,None,0.15,57020000,-10785000,-44352000,1883000,108657000,26161000,24.26,26.57,21.94,0.2421,0.1145,5.95,4.29,18.63,0.67,0.2236,0.1878,0.4985,0.077,1.49,0.14,1.3826
1996-03-31,113804882,227609764,2,2723695000,1395694000,1438791000,1088979000,1284904000,0,0,855071000,255015000,999473000,77745000,77745000,0.68,None,0.15,108586000,-97092000,-26418000,-14924000,106774000,35685000,21.54,24.75,18.32,0.2465,0.1154,5.65,4,17.55,0.6,0.2225,0.1985,0.4718,0.0761,1.52,0.32,1.2817
1995-12-31,113786101,227572202,2,2666651000,1384359000,1438945000,1081047000,1227706000,0,0,821440000,255600000,1009041000,68472000,68472000,0.6,None,0.17,92926000,36301000,-99566000,29661000,121698000,15992000,18.98,20.38,17.57,0.2434,0.1148,5.39,3.67,25.14,0.53,0.2285,0.2082,0.4604,0.0743,1.54,0.34,1.2806
1995-09-30,113577531,227155062,2,2557670000,1314240000,1382547000,1067943000,1175123000,0,0,823312000,252208000,934543000,71148000,71148000,0.63,None,0.13,101117000,-232930000,144385000,12572000,93216000,24207000,19.42,20.84,18,0.1569,0.0748,5.17,3.94,17.94,0.44,0.3463,0.2146,0.4595,0.0476,1.57,0.34,1.2306
1995-06-30,56702974,226811896,4,2324025000,1283609000,1205065000,896748000,1118960000,0,0,607728000,256103000,948164000,78892000,78892000,1.39,None,0.26,36233000,-108499000,68101000,-4165000,80643000,19006000,17.02,18.29,15.75,0.2368,0.1139,4.93,3.67,17.64,0.38,0.2402,0.2289,0.4815,0.0714,1.6,0.08,1.4314
1995-03-31,56692396,226769584,4,2150264000,1186573000,1098540000,797273000,1051724000,0,0,584470000,253345000,854129000,59799000,59799000,1.06,None,0.26,73296000,-50637000,-28154000,-5495000,84809000,28056000,14.66,16.41,12.91,0.2205,None,4.64,3.34,16.56,0.31,0.2619,0.2409,0.4891,0.0674,1.56,0.2,1.4883
1994-12-31,56680404,226721616,4,2070637000,None,1074778000,None,995859000,0,0,574678000,253587000,838865000,-39523000,-39523000,-0.69,None,0.26,None,None,None,None,None,0,None,None,None,0.2112,None,4.39,None,None,0.24,0.2764,0.2546,0.4809,0.0656,1.52,None,None
1994-09-30,57226818,228907272,4,2095853000,1097749000,1105480000,785632000,989686000,687000,0,628651000,260015000,804459000,146883000,146883000,2.57,None,0.26,77665000,-54955000,-12866000,9844000,93991000,21035000,None,None,None,None,None,4.32,None,None,0.18,None,0.2627,0.4722,None,None,0.25,1.3973
1994-06-30,57221902,228887608,4,2023049000,1041374000,1076561000,760288000,946488000,0,0,610872000,258705000,761225000,52440000,52440000,0.92,None,0.23,93358000,-82636000,15836000,26558000,84147000,17681000,None,None,None,None,None,4.14,None,None,0.12,None,0.2733,0.4679,None,None,0.33,1.3697
1994-03-31,57198697,228794788,4,1913524000,959387000,1013546000,705146000,899978000,0,0,570566000,251957000,680727000,42573000,42573000,0.74,None,0.23,39962000,-120956000,74898000,-6096000,57589000,16540000,None,None,None,None,None,3.93,None,None,0.06,None,0.28,0.4703,None,None,0.1,1.3606
1993-12-31,57179870,228719480,4,1773689386,903640119,903687373,595794032,870002013,0,0,545394736,252064951,None,None,None,None,None,0,None,None,None,None,63684816,0,None,None,None,None,None,3.8,None,None,0,None,0.2897,0.4905,None,None,None,1.5167
