"Quarter end","Shares","Shares split adjusted","Split factor","Assets","Current Assets","Liabilities","Current Liabilities","Shareholders equity","Non-controlling interest","Preferred equity","Goodwill & intangibles","Long-term debt","Revenue","Earnings","Earnings available for common stockholders","EPS basic","EPS diluted","Dividend per share","Cash from operating activities","Cash from investing activities","Cash from financing activities","Cash change during period","Cash at end of period","Capital expenditures","Price","Price high","Price low","ROE","ROA","Book value of equity per share","P/B ratio","P/E ratio","Cumulative dividends per share","Dividend payout ratio","Long-term debt to equity ratio","Equity to assets ratio","Net margin","Asset turnover","Free cash flow per share","Current ratio"
2019-06-30,11836334,11836334,1,212571000,171976000,86548000,76044000,126023000,0,0,0,0,187103000,21383000,21383000,1.8,1.75,0.75,14478000,-1098000,-18911000,-5531000,96311000,2528000,142.45,159.41,125.5,0.6106,0.3735,10.65,13.88,26.83,6.45,0.4534,0,0.5929,0.1122,3.33,1.01,2.2615
2019-03-31,11897679,11897679,1,210070000,169310000,88002000,76895000,122068000,0,0,0,0,165876000,20750000,20750000,1.75,1.7,0.75,32734000,-3444000,-8813000,20478000,101842000,4444000,125.21,144.11,106.31,0.5773,0.3622,10.26,13.62,27.1,5.7,0.4556,0,0.5811,0.1132,3.2,2.38,2.2018
2018-12-31,11870444,11870444,1,169429000,145519000,60323000,60323000,109106000,0,0,0,0,145844000,15653000,15653000,1.33,1.31,0.75,15338000,-382000,-15899000,-943000,81364000,1682000,168.26,223.73,112.8,0.5104,0.3423,9.19,18.03,43.03,4.95,0.4691,0,0.644,0.1114,3.07,1.15,2.4123
2018-09-30,11964966,11964966,1,174447000,151932000,62806000,62806000,111641000,0,0,0,0,139239000,13781000,13781000,1.15,1.14,0.48,6947000,-107000,-5607000,1233000,82307000,1152000,207.55,260.98,154.12,0.4345,0.3019,9.33,24.11,62.52,4.2,0.4858,0,0.64,0.1095,2.76,0.48,2.4191
2018-06-30,11950621,11950621,1,156307000,135091000,53444000,53444000,102863000,0,0,0,0,117324000,14133000,14133000,1.17,1.16,0.48,20523000,-624000,-25786000,-5887000,81076000,624000,135.11,179.52,90.69,0.3725,0.2742,8.61,14.34,48.43,3.72,0.5235,0,0.6581,0.1087,2.52,1.67,2.5277
2018-03-31,12062532,12062532,1,151817000,131131000,38187000,38187000,113630000,0,0,0,0,98596000,12222000,12222000,1.02,1.01,0.48,18008000,-86000,-6036000,11886000,86963000,1286000,78.18,94.4,61.96,0.3111,0.2407,9.42,8.67,34.14,3.24,0.5682,0,0.7485,0.1026,2.35,1.39,3.4339
2017-12-31,12036811,12036811,1,145929000,125198000,37348000,37140000,108581000,0,0,0,0,78007000,7306000,7306000,0.6,0.6,0.48,9983000,211000,-5586000,4524000,75077000,841000,66.52,73.52,59.51,0.2639,0.2081,9.02,7.33,32.93,2.76,0.6216,0,0.7441,0.0919,2.26,0.76,3.371
2017-09-30,11933645,11933645,1,134463000,115312000,26253000,26253000,108210000,0,0,0,0,77205000,6686000,6686000,0.56,0.55,0.32,12505000,-1664000,-3827000,7021000,70553000,1359000,50.09,60.18,40,0.2407,0.1931,9.07,5.74,25.3,2.28,0.6223,0,0.8048,0.0858,2.25,0.93,4.3923
2017-06-30,11930133,11930133,1,129515000,110724000,25340000,25144000,104175000,0,0,0,0,75729000,7584000,7584000,0.64,0.63,0.32,14066000,-694000,-3814000,9562000,63532000,550000,43.95,47.35,40.55,0.2425,0.1924,8.73,5.29,26.8,1.96,0.6026,0,0.8043,0.0862,2.23,1.13,4.4036
2017-03-31,11927033,11927033,1,122947000,103644000,23779000,23150000,99168000,0,0,0,0,70622000,6145000,6145000,0.52,0.51,0.32,6683000,-1016000,-4135000,1534000,53970000,411000,43.3,46.36,40.23,0.2068,0.1624,8.31,5.37,29.06,1.64,0.6872,0,0.8066,0.0723,2.25,0.53,4.4771
2016-12-31,11906286,11906286,1,121216000,101297000,25200000,24421000,96016000,0,0,0,0,62467000,4113000,4113000,0.35,0.33,0.32,-315000,-837000,-3528000,-4684000,52436000,837000,40.54,43,38.08,0.1917,0.148,8.06,5.06,27.21,1.32,0.7118,0,0.7921,0.065,2.28,-0.1,4.1479
2016-09-30,11848360,11848360,1,123458000,103170000,28529000,26012000,94929000,0,0,0,0,68578000,6065000,6065000,0.51,0.51,0.25,6941000,-5411000,-3017000,-1490000,57120000,1265000,35.94,38.36,33.52,0.1929,0.1471,8.01,4.67,24.96,1,0.6737,0,0.7689,0.0643,2.29,0.48,3.9662
2016-06-30,11848360,11848360,1,118072000,97752000,26807000,24310000,91265000,0,0,0,0,71144000,3397000,3397000,0.29,0.29,0.25,11057000,3009000,-2774000,11294000,58610000,471000,32.25,34.95,29.55,0.191,0.1451,7.7,4.25,19.43,0.75,0.5218,0,0.773,0.0629,2.31,0.89,4.0211
2016-03-31,11845028,11845028,1,119371000,92136000,29507000,24775000,89864000,0,0,0,0,72345000,4260000,4260000,0.36,0.36,0.25,7667000,1202000,-3602000,5279000,47316000,-373000,29.31,30.94,27.68,0.2249,0.1697,7.59,3.91,17.66,0.5,0.2979,0,0.7528,0.0731,2.32,0.68,3.7189
2015-12-31,11834724,11834724,1,117326000,88073000,28742000,23564000,88584000,0,0,0,0,61312000,3860000,3860000,0.35,0.33,0.25,2114000,1268000,-426000,2956000,42037000,1214000,29.34,31.99,26.7,0.2303,0.1709,7.49,3.98,27.94,0.25,0.1475,0,0.755,0.0735,2.32,0.08,3.7376
2015-09-30,11758924,11758924,1,114426000,84718000,27613000,21457000,86813000,0,0,0,62000,65936000,5506000,5506000,0.46,0.46,0,9459000,-362000,-7248000,1849000,38994000,232000,29.59,32.75,26.43,0.1509,0.1097,7.38,4.03,30.19,0,0,0.0007,0.7587,0.0503,2.18,0.78,3.9483
2015-06-30,12020135,12020135,1,117383000,86134000,29185000,22813000,88198000,0,0,0,122000,72161000,6248000,6248000,0.51,0.51,0,7740000,-684000,-3335000,3721000,37145000,466000,31.48,33.56,29.39,0.145,0.104,7.34,4.5,34.59,0,0,0.0014,0.7514,0.0463,2.25,0.61,3.7757
2015-03-31,12124699,12124699,1,120265000,87577000,35438000,28050000,84827000,0,0,0,183000,73364000,4444000,4444000,0.36,0.36,0,10098000,-411000,-722000,8965000,33424000,907000,31.11,33.86,28.35,0.135,0.0969,7,4.69,31.11,0,0,0.0022,0.7053,0.0428,2.26,0.76,3.1222
2014-12-31,12140069,12140069,1,115910000,81914000,35434000,26944000,80476000,0,0,0,242000,43881000,-3361000,-3361000,-0.28,-0.28,0,975000,-3192000,-955000,-3172000,24459000,4031000,31.59,33.79,29.39,0.1442,0.1054,6.63,4.62,19.03,0,0,0.003,0.6943,0.0462,2.28,-0.25,3.0402
2014-09-30,12060558,12060558,1,115339000,79052000,32787000,27319000,82552000,0,0,0,301000,73992000,4855000,4855000,0.39,0.39,0,8263000,7053000,-19704000,-4388000,27631000,1204000,30.56,34.98,26.15,0.2276,0.1689,6.84,3.99,18.19,0,0,0.0036,0.7157,0.0685,2.47,0.59,2.8937
2014-06-30,12739149,12739149,1,129736000,92256000,32229000,26011000,97507000,0,0,0,359000,80883000,5720000,5720000,0.44,0.44,0,5677000,-784000,-14234000,-9341000,32019000,565000,31.48,34.08,28.88,0.2197,0.1647,7.65,3.93,17.99,0,0,0.0037,0.7516,0.0684,2.41,0.4,3.5468
2014-03-31,13131642,13131642,1,139246000,99848000,34077000,27092000,105169000,0,0,0,417000,86529000,5967000,5967000,0.45,0.45,0,10621000,-5595000,-48000,4978000,41360000,1224000,26.9,29.57,24.23,0.2289,0.1706,8.01,3.59,15.55,0,0,0.004,0.7553,0.0691,2.47,0.72,3.6855
2013-12-31,13115642,13115642,1,132650000,91954000,34234000,27101000,98416000,0,0,0,474000,77291000,5290000,5290000,0.39,0.38,0,8267000,202000,-20067000,-11598000,36382000,2962000,25.4,27.49,23.31,0.2329,0.1714,7.5,3.17,16.93,0,0,0.0048,0.7419,0.0672,2.55,0.4,3.393
2013-09-30,13884293,13884293,1,148396000,106856000,37058000,30558000,111338000,0,0,49000,530000,86480000,5673000,5673000,0.41,0.41,0,6376000,-2949000,148000,3575000,47980000,3067000,26.87,28.88,24.85,0.2034,0.1476,8.02,3.56,16.69,0,0,0.0048,0.7503,0.0566,2.61,0.24,3.4968
2013-06-30,13863043,13863043,1,142441000,101190000,37893000,30929000,104548000,0,0,167000,586000,97072000,7073000,7073000,0.51,0.51,0,12937000,-17783000,21000,-4825000,44405000,3042000,25.77,29.32,22.23,0.2325,0.1645,7.54,3.66,19.82,0,0,0.0056,0.734,0.0601,2.74,0.71,3.2717
2013-03-31,13809130,13809130,1,135804000,94891000,38498000,31238000,97306000,0,0,296000,641000,96043000,5933000,5933000,0.43,0.43,0,14780000,-2072000,-3415000,9293000,49230000,2535000,25.18,28.1,22.26,0.2009,0.1383,7.05,3.82,21.71,0,0,0.0066,0.7165,0.049,2.82,0.89,3.0377
2012-12-31,13767380,13767380,1,130251000,88575000,39465000,28749000,90786000,0,0,428000,696000,83243000,1865000,1865000,0.14,0.15,0,537000,-4567000,556000,-3474000,39937000,3948000,28.84,32.28,25.41,0.1893,0.1278,6.59,4.6,26.22,0,0,0.0077,0.697,0.0445,2.87,-0.25,3.081
2012-09-30,13917047,13917047,1,128300000,87592000,41067000,29988000,87233000,0,0,589000,3929000,90968000,7208000,7208000,0.53,0.52,0,8278000,-1961000,-26000,6291000,43411000,2088000,24.45,28.87,20.03,0.1909,0.1286,6.27,4.28,26.01,0,0,0.045,0.6799,0.0443,2.91,0.44,2.9209
2012-06-30,13917047,13917047,1,120958000,79500000,41561000,30639000,79397000,0,0,741000,4066000,93571000,2813000,2813000,0.2,0.2,0,10741000,-2367000,-3189000,5185000,37120000,2855000,18.47,20.24,16.7,0.1725,0.1166,5.71,3.33,16.06,0,0,0.0512,0.6564,0.0397,2.93,0.57,2.5947
2012-03-31,14067047,14067047,1,117262000,75767000,39159000,27453000,78103000,0,0,896000,4117000,88924000,3990000,3990000,0.29,0.29,0,20708000,-2769000,-266000,17673000,31935000,2492000,16.23,17.67,14.78,0.2178,0.1511,5.55,3.09,12.48,0,0,0.0527,0.6661,0.0517,2.92,1.29,2.7599
2011-12-31,13991277,13991277,1,105665000,63986000,32263000,20256000,73402000,0,0,1003000,4251000,69572000,1170000,1170000,0.09,0.09,0,1504000,-5386000,-310000,-4192000,14262000,4554000,15.16,17.3,13.01,0.2485,0.1781,5.25,2.97,10.38,0,0,0.0579,0.6947,0.0622,2.86,-0.22,3.1589
2011-09-30,13991277,13991277,1,103353000,65019000,31803000,22342000,71550000,0,0,987000,3957000,76067000,5069000,5069000,0.37,0.36,0,2860000,-4458000,-8240000,-9838000,18454000,4426000,19.41,24.36,14.46,0.28,0.2054,5.11,3.8,13.03,0,0,0.0553,0.6923,0.0713,2.88,-0.11,2.9102
2011-06-30,14491277,14491277,1,101906000,66504000,27877000,22068000,74029000,0,0,973000,4177000,78255000,5944000,5944000,0.42,0.41,0,11758000,-2048000,-12607000,-2897000,28292000,2597000,21.34,26.72,15.95,0.2917,0.2187,5.11,4.04,14.62,0,0,0.0564,0.7264,0.0759,2.88,0.63,3.0136
2011-03-31,15062193,15062193,1,105516000,70698000,26053000,19531000,79463000,0,0,0,4627000,74295000,6358000,6358000,0.44,0.44,0,18748000,-4982000,258000,14024000,31189000,3083000,23.23,29.83,16.63,0.2986,0.2262,5.28,4.86,17.21,0,0,0.0582,0.7531,0.0777,2.91,1.04,3.6198
2010-12-31,15062193,15062193,1,94059000,60670000,22103000,15964000,71956000,0,0,0,4855000,63025000,3421000,3421000,0.23,0.25,0,1317000,-4659000,296000,-3046000,17165000,3809000,27.27,31.29,23.25,0.3039,0.2299,4.78,5.95,20.82,0,0,0.0675,0.765,0.0761,3.02,-0.17,3.8004
2010-09-30,15052693,15052693,1,91320000,59705000,22339000,15501000,68981000,0,0,0,5083000,67282000,5751000,5751000,0.41,0.39,0,7663000,-12365000,670000,-4032000,20211000,3107000,28.3,32.5,24.1,0.3264,0.2482,4.58,6.89,24.61,0,0,0.0737,0.7554,0.0799,3.11,0.3,3.8517
2010-06-30,15050693,15050693,1,81714000,51695000,19864000,13452000,61850000,0,0,0,5046000,66660000,5538000,5538000,0.4,0.38,0,5660000,-2511000,280000,3429000,24243000,2550000,31.11,36.78,25.43,0.3145,0.241,4.11,8.45,32.07,0,0,0.0816,0.7569,0.0774,3.11,0.21,3.8429
2010-03-31,15036103,15036103,1,74188000,45302000,18885000,12176000,55303000,0,0,0,5245000,60585000,4901000,4901000,0.35,0.33,0,14129000,-4006000,87000,10210000,20814000,2589000,25.26,33.87,16.65,0.2901,0.224,3.68,7.68,31.19,0,0,0.0948,0.7454,0.0747,3,0.77,3.7206
2009-12-31,15071103,15071103,1,62755000,34730000,13180000,6183000,49575000,0,0,0,5444000,46219000,3045000,3045000,0.23,0.21,0,1026000,-4314000,-351000,-3639000,12708000,2194000,27.39,35.35,19.42,0.2602,0.2027,3.29,8.48,41.5,0,0,0.1098,0.79,0.0722,2.81,-0.08,5.617
2009-09-30,15016103,15016103,1,62087000,33536000,13652000,8009000,48435000,0,0,0,0,45006000,3434000,3434000,0.25,0.23,0,7256000,-1453000,-530000,5273000,16347000,1302000,16.1,22.31,9.89,0.2288,0.1759,3.23,5.35,29.81,0,0,0,0.7801,0.0681,2.58,0.4,4.1873
2009-06-30,14919868,14919868,1,57789000,28497000,12846000,8661000,44943000,0,0,0,0,40713000,2999000,2999000,0.22,0.2,0,6727000,-1434000,-516000,4777000,11074000,1135000,7.85,11.46,4.24,0.1982,0.1508,3.01,2.81,17.44,0,0,0,0.7777,0.0628,2.4,0.37,3.2903
2009-03-31,14689960,14689960,1,53497000,24110000,12517000,8268000,40980000,0,0,0,0,33680000,2485000,2485000,0.19,0.17,0,5304000,-731000,-117000,4456000,6297000,722000,5.93,7.77,4.09,0.1729,0.1291,2.79,2.26,15.61,0,0,0,0.766,0.0575,2.24,0.31,2.9161
2008-12-31,14585960,14585960,1,51037000,21220000,12864000,8551000,38173000,0,0,0,4313000,25458000,949000,949000,0.07,0.06,0,1087000,-1339000,2000,-250000,1841000,1472000,5.16,6.79,3.52,0.1505,0.1111,2.62,2,14.33,0,0,0.113,0.7479,0.0515,2.16,-0.03,2.4816
2008-09-30,14332210,14332210,1,49376000,20075000,12357000,7980000,37019000,0,0,0,0,27281000,1549000,1549000,0.12,0.11,0,1058000,-1424000,411000,45000,2091000,1424000,6.82,8.85,4.8,0.1467,0.108,2.58,2.66,21.31,0,0,0,0.7497,0.051,2.12,-0.03,2.5157
2008-06-30,13848876,13848876,1,49215000,20129000,13710000,9268000,35505000,0,0,0,4442000,27537000,1572000,1572000,0.12,0.11,0,1949000,-1809000,499000,639000,2046000,1809000,5.51,6.68,4.35,0.1347,0.1,2.56,2.26,19.68,0,0,0.1251,0.7214,0.0476,2.1,0.01,2.1719
2008-03-31,13814098,13814098,1,46058000,17633000,12320000,7815000,33738000,0,0,0,4505000,25169000,1365000,1365000,0.1,0.1,0,1402000,-2741000,551000,-788000,1407000,2737000,4.33,4.99,3.68,0.1194,0.0897,2.44,1.84,15.46,0,0,0.1335,0.7325,0.0431,2.08,-0.1,2.2563
2007-12-31,13814098,13814098,1,43724000,17129000,11304000,6734000,32420000,0,0,0,4570000,19803000,601000,601000,0.05,0.04,0,3376000,-3604000,321000,93000,2195000,3570000,5.02,6.24,3.79,0.124,0.0936,2.35,2.17,17.93,0,0,0.141,0.7415,0.0458,2.04,-0.01,2.5437
2007-09-30,13709098,13709098,1,40673000,16778000,8981000,4366000,31692000,0,0,0,4615000,21846000,954000,954000,0.07,0.07,0,653000,-2124000,650000,-821000,2102000,2256000,7.21,8.83,5.58,0.1259,0.0956,2.31,3.25,22.53,0,0,0.1456,0.7792,0.0473,2.02,-0.12,3.8429
2007-06-30,13669098,13669098,1,40226000,17806000,9834000,5382000,30392000,0,0,0,4452000,22041000,909000,909000,0.07,0.07,0,2205000,-1054000,-85000,1066000,2923000,855000,7.79,9.25,6.32,0.1493,0.1132,2.22,3.64,22.26,0,0,0.1465,0.7555,0.0556,2.04,0.1,3.3084
2007-03-31,13668998,13668998,1,39412000,17050000,10130000,6738000,29282000,0,0,0,3392000,20089000,1373000,1373000,0.11,0.1,0,1720000,-1187000,239000,772000,1857000,1284000,9.21,12.4,6.03,0.1759,0.1333,2.14,4.49,24.24,0,0,0.1158,0.743,0.0645,2.07,0.03,2.5304
2006-12-31,13643998,13643998,1,36677000,14864000,8761000,5252000,27916000,0,0,0,3509000,15307000,517000,517000,0.02,0.04,0,2982000,-3736000,725000,-29000,1085000,4632000,11.46,14.52,8.41,0.1975,0.1496,2.05,5.7,31.83,0,0,0.1257,0.7611,0.0696,2.15,-0.12,2.8302
2006-09-30,13545231,13545231,1,35128000,17236000,7879000,4276000,27249000,0,0,0,3603000,19642000,1488000,1488000,0.14,0.11,0,-349000,-840000,-188000,-1377000,1114000,1206000,13.85,19.49,8.21,0.1989,0.1574,2.01,7.33,46.17,0,0,0.1322,0.7757,0.0707,2.1,-0.11,4.0309
2006-06-30,13519481,13519481,1,33887000,16653000,8357000,4628000,25530000,0,0,0,3729000,19954000,1457000,1457000,0.12,0.1,0,-190000,-1214000,102000,-1302000,2491000,1233000,14.82,20.9,8.75,0.1736,None,1.89,8.33,57,0,0,0.1461,0.7534,0.0663,1.91,-0.11,3.5983
2006-03-31,13363624,13363624,1,32156000,14442000,8418000,4567000,23738000,0,0,0,3851000,19183000,1694000,1694000,0.13,0.13,0,3402000,-957000,-136000,2309000,3793000,913000,7.32,9.23,5.4,0.1512,None,1.78,4.31,43.06,0,0,0.1622,0.7382,0.0647,1.7,0.19,3.1623
2005-12-31,12786124,12786124,1,30120000,14441000,8423000,4446000,21697000,0,0,0,3977000,10263000,526000,245000,0.02,0.02,0,271000,-829000,-599000,-1157000,1484000,896000,4.77,5.7,3.83,None,None,1.7,2.87,None,0,0,0.1833,0.7204,None,None,-0.05,3.2481
2005-09-30,12771791,12771791,1,30063000,14312000,8805000,4685000,21258000,0,0,0,4120000,10985000,617000,607000,0.05,0.05,0,1557000,-60000,-85000,1412000,2641000,304000,5.04,7.08,3.01,None,None,1.66,2.98,None,0,None,0.1938,0.7071,None,None,0.1,3.0549
2005-06-30,12173456,12173456,1,27739000,11896000,7137000,2905000,20602000,0,0,0,4232000,10555000,753000,753000,0.06,0.06,0,1048000,-591000,-144000,313000,1229000,228000,3.06,3.3,2.82,None,None,1.69,1.89,None,0,None,0.2054,0.7427,None,None,0.07,4.095
2005-03-31,12173456,12173456,1,26919000,10810000,7171000,2773000,19748000,0,0,0,4398000,8326000,507000,507000,0.04,0.04,0,337000,-552000,519000,304000,916000,520000,3.15,3.62,2.67,None,None,1.62,None,None,0,None,0.2227,0.7336,None,None,-0.02,3.8983
