"Quarter end","Shares","Shares split adjusted","Split factor","Assets","Current Assets","Liabilities","Current Liabilities","Shareholders equity","Non-controlling interest","Preferred equity","Goodwill & intangibles","Long-term debt","Revenue","Earnings","Earnings available for common stockholders","EPS basic","EPS diluted","Dividend per share","Cash from operating activities","Cash from investing activities","Cash from financing activities","Cash change during period","Cash at end of period","Capital expenditures","Price","Price high","Price low","ROE","ROA","Book value of equity per share","P/B ratio","P/E ratio","Cumulative dividends per share","Dividend payout ratio","Long-term debt to equity ratio","Equity to assets ratio","Net margin","Asset turnover","Free cash flow per share","Current ratio"
2019-03-29,172693582,172693582,1,4765500000,2160100000,684600000,338300000,4080900000,0,0,1319700000,0,810400000,214000000,214000000,1.23,1.23,0.38,192100000,-268100000,-193400000,-269400000,816300000,109600000,73.8,87.48,60.12,0.2628,0.2241,23.63,3.18,11.81,5.19,0.2395,0,0.8563,0.2906,0.77,0.48,6.3852
2018-12-28,174064672,174064672,1,4738900000,2208500000,700600000,357300000,4038300000,0,0,1319900000,0,972000000,284900000,284900000,1.61,1.6,0.38,549000000,171500000,-368100000,352400000,1085700000,129500000,77.89,93.07,62.71,0.2782,0.2373,23.2,3.37,15.49,4.81,0.2199,0,0.8522,0.2991,0.79,2.41,6.1811
2018-09-28,177531995,177531995,1,4828900000,2262200000,731900000,389700000,4097000000,0,0,1333500000,0,1008400000,285500000,285500000,1.6,1.58,0.38,207600000,-341200000,-291200000,-424800000,733300000,112300000,93.5,103.95,83.05,0.2275,0.1938,23.08,4.1,18.85,4.43,0.2628,0,0.8484,0.2374,0.82,0.54,5.805
2018-06-29,178981545,178981545,1,4783300000,2631400000,700400000,358300000,4082900000,0,0,942900000,0,894300000,286500000,286500000,1.58,1.57,0.32,258000000,-684700000,-296500000,-723200000,1158100000,194100000,95.16,104.2,86.13,0.2269,0.1956,22.81,4.26,20.2,4.05,0.2544,0,0.8536,0.2378,0.82,0.36,7.3441
2018-03-30,182074657,182074657,1,4745100000,2810900000,674900000,318500000,4070200000,0,0,945700000,0,913400000,276000000,276000000,1.51,1.5,0.32,434200000,-90300000,-144100000,199800000,1881300000,90300000,105.16,115.98,94.33,0.2194,0.1918,22.35,4.92,23.85,3.73,0.2594,0,0.8578,0.2269,0.85,1.89,8.8254
2017-12-29,182482749,182482749,1,4594300000,2686600000,693800000,321500000,3900500000,0,0,951200000,0,1051900000,70400000,70400000,0.38,0.38,0.32,360800000,-34200000,-261900000,64700000,1681500000,34200000,105.35,117.65,93.05,0.2102,0.1865,21.37,4.75,19.47,3.41,0.2675,0,0.849,0.2172,0.86,1.79,8.3565
2017-09-29,183189590,183189590,1,4573600000,2633700000,507900000,387900000,4065700000,0,0,950800000,0,984600000,281300000,281300000,1.53,1.51,0.32,425400000,-97400000,-155200000,172800000,1616800000,97400000,102.44,109.55,95.34,0.2621,0.2361,22.19,4.83,19.7,3.09,0.2114,0,0.8889,0.2767,0.85,1.79,6.7896
2017-06-30,183740136,183740136,1,4310200000,2412000000,412400000,300800000,3897800000,0,0,942600000,0,900800000,246200000,246200000,1.34,1.32,0.28,314100000,-113000000,-164000000,37100000,1444000000,113000000,103.48,111.01,95.95,0.2621,0.238,21.21,5.04,21.34,2.77,0.2121,0,0.9043,0.2786,0.85,1.09,8.0186
2017-03-31,184524549,184524549,1,4166800000,2308100000,375000000,266900000,3791800000,0,0,949700000,0,851700000,224900000,224900000,1.22,1.2,0.28,235900000,-54900000,-124600000,56400000,1406900000,54900000,86.84,99.11,74.57,0.2521,0.228,20.55,4.39,18.36,2.49,0.2233,0,0.91,0.2727,0.84,0.98,8.6478
2016-12-30,184918356,184918356,1,4065700000,2198500000,405400000,303400000,3660300000,0,0,955300000,0,914300000,257800000,257800000,1.39,1.38,0.28,495900000,-60600000,-168600000,266700000,1350500000,50100000,75.97,80.15,71.78,0.2518,0.2268,19.79,3.99,14.69,2.21,0.225,0,0.9003,0.274,0.83,2.41,7.2462
2016-09-30,185813926,185813926,1,3855400000,2002100000,314000000,210200000,3541400000,0,0,940300000,0,835400000,246800000,246800000,1.33,1.3,0.28,455000000,-21800000,-323100000,110100000,1083800000,21200000,67.92,77.02,58.82,0.2827,0.2536,19.06,3.62,13.45,1.93,0.201,0,0.9186,0.3026,0.84,2.33,9.5247
2016-07-01,187496060,187496060,1,3955700000,2078100000,441400000,347000000,3514300000,0,0,934000000,0,751700000,185000000,185000000,0.98,0.97,0.26,140900000,-112200000,-232500000,-203800000,973700000,57200000,68.11,78.21,58.01,0.2854,0.2512,18.74,3.66,13.25,1.65,0.2023,0,0.8884,0.2932,0.86,0.45,5.9888
2016-04-01,190238136,190238136,1,3958200000,2127000000,414900000,324700000,3543300000,0,0,893700000,0,775100000,208100000,208100000,1.09,1.08,0.26,154500000,-37400000,-172800000,-55700000,1177500000,37400000,67.02,78.18,55.85,0.3024,0.2644,18.63,3.69,13.65,1.39,0.1738,0,0.8952,0.2948,0.9,0.62,6.5507
2016-01-01,191668400,191668400,1,3930500000,2114700000,447900000,367900000,3482600000,0,0,893300000,0,926800000,355300000,355300000,1.87,1.82,0.26,345300000,-79500000,-76200000,189600000,1233200000,79500000,81.28,87.92,74.63,0.3055,0.2647,18.17,4.92,19.82,1.13,0.1556,0,0.886,0.2836,0.93,1.39,5.748
2015-10-02,191151089,191151089,1,3719400000,1914700000,560200000,463900000,3159200000,0,0,901700000,0,880800000,229200000,229200000,1.21,1.18,0.26,232700000,-151200000,-143900000,-62400000,1043600000,150800000,91.52,103.97,79.07,0.2712,0.2324,16.53,5.74,23.9,0.87,0.1555,0,0.8494,0.245,0.95,0.43,4.1274
2015-07-03,190737961,190737961,1,3518300000,1818100000,476300000,319000000,3042000000,0,0,908000000,0,810000000,207400000,207400000,1.09,1.06,0.13,221900000,-114200000,-55900000,51800000,1106000000,108100000,101.59,110.92,92.25,0.267,0.229,15.95,6.78,30.33,0.61,0.1282,0,0.8646,0.2403,0.95,0.6,5.6994
2015-04-03,191098414,191098414,1,3313200000,1678900000,449700000,298600000,2863500000,0,0,909200000,0,762100000,166500000,166500000,0.88,0.85,0.13,155000000,-102100000,-48600000,4300000,1054200000,84000000,85.94,102.05,69.83,0.247,0.213,14.98,6.05,29.63,0.48,0.1412,0,0.8643,0.2256,0.94,0.37,5.6226
2015-01-02,190819868,190819868,1,3191000000,1590400000,480900000,332900000,2710100000,0,0,917500000,0,805500000,195200000,195200000,1.03,1.01,0.13,383200000,-87200000,-51900000,244100000,1049900000,87200000,59.91,74.49,45.32,0.2251,0.1961,14.2,4.51,25.17,0.35,0.1193,0,0.8493,0.2154,0.91,1.55,4.7774
2014-10-03,190653624,190653624,1,2973800000,1429200000,441400000,297600000,2532400000,0,0,926000000,0,718300000,174900000,174900000,0.93,0.91,0.11,200400000,-231400000,-56500000,-87500000,805800000,82900000,52.59,58.84,46.34,0.1942,0.1722,13.28,4.17,27.39,0.22,0.0914,0,0.8516,0.1997,0.86,0.62,4.8024
2014-06-27,189526242,189526242,1,2688900000,1387300000,299900000,234800000,2389000000,0,0,846800000,0,587000000,111400000,111400000,0.59,0.58,0.11,199000000,-67500000,-36000000,95500000,893300000,67500000,41.62,48.34,34.9,0.1632,0.1469,12.61,3.44,24.77,0.11,0.0568,0,0.8885,0.179,0.82,0.69,5.9084
2014-03-28,189592345,189592345,1,2534600000,1268900000,243200000,182800000,2291400000,0,0,852500000,0,481000000,76900000,76900000,0.41,0.4,0,214200000,-41900000,-23100000,149200000,797800000,41900000,33.34,39.27,27.4,0.1494,0.135,12.09,2.85,20.84,0,0,0,0.904,0.1692,0.8,0.91,6.9415
2013-12-27,188930302,188930302,1,2435400000,1180100000,223200000,165800000,2212200000,0,0,858800000,0,505200000,94500000,94500000,0.51,0.49,0,158800000,-16300000,-5000000,137500000,648600000,16300000,26.07,28.43,23.71,0.1473,0.133,11.71,2.34,17.98,0,0,0,0.9084,0.166,0.8,0.75,7.1176
2013-09-27,188414735,188414735,1,2333100000,1073300000,232000000,179700000,2101100000,0,0,865300000,0,476977000,84207000,84207000,0.45,0.45,0,157500000,-38400000,-8300000,110800000,511100000,38400000,23.66,26.33,20.99,0.1383,0.1247,11.15,2.22,18.06,0,0,0,0.9006,0.1552,0.8,0.63,5.9727
2013-06-28,187738368,187738368,1,2217900000,959600000,217800000,159000000,2000100000,0,0,872000000,0,436100000,65700000,65700000,0.35,0.34,0,64300000,-33400000,-89400000,-58500000,400300000,33400000,22.05,23.95,20.15,0.1302,0.1172,10.65,2.11,17.93,0,0,0,0.9018,0.1472,0.8,0.16,6.0352
2013-03-29,191193425,191193425,1,2216900000,963700000,216900000,162600000,2000000000,0,0,879000000,0,425200000,61700000,61700000,0.33,0.32,0,130220000,-25584000,-24181000,80455000,458800000,25577000,22.63,24.97,20.3,0.125,0.1113,10.46,2.23,20.76,0,0,0,0.9022,0.1416,0.79,0.55,5.9268
2012-12-28,191983618,191983618,1,2151107000,899553000,207138000,155688000,1943969000,0,0,886367000,0,453723000,66493000,66493000,0.35,0.34,0,147680000,-25616000,-50819000,71245000,377538000,26423000,21.94,24.08,19.8,0.1147,0.1009,10.13,2.24,20.9,0,0,0,0.9037,0.1298,0.78,0.63,5.7779
2012-09-28,194321490,194321490,1,2136646000,883363000,231171000,182704000,1905475000,0,0,894523000,0,421113000,61602000,61602000,0.34,0.31,0,50354000,-30791000,-40368000,-20805000,306293000,30791000,27.18,31.18,23.18,0.114,0.0992,9.81,2.88,25.17,0,0,0,0.8918,0.1288,0.77,0.1,4.8349
2012-06-29,190841047,190841047,1,2089893000,829490000,288228000,239571000,1801665000,0,0,907907000,0,389038000,49317000,49317000,0.26,0.26,0,40697000,-31141000,11068000,20624000,327098000,31141000,25.85,28.4,23.31,0.1205,0.1036,9.44,2.85,23.72,0,0,0,0.8621,0.1321,0.78,0.05,3.4624
2012-03-30,189651416,189651416,1,2007326000,752332000,287082000,242642000,1720244000,0,0,913920000,0,364690000,34033000,34033000,0.18,0.18,0,116956000,-234501000,-21617000,-139162000,306474000,25773000,22.72,28.66,16.78,0.1268,0.1086,9.07,2.57,19.42,0,0,0,0.857,0.1364,0.8,0.48,3.1006
2011-12-30,188415515,188415515,1,1914633000,856342000,250968000,212502000,1663665000,0,0,744223000,0,393740000,57126000,57126000,0.31,0.3,0,77232000,-6424000,-35259000,35549000,445636000,6424000,18.22,22.4,14.04,0.1419,0.1223,8.83,2.13,15.31,0,0,0,0.8689,0.1508,0.81,0.38,4.0298
2011-09-30,187889808,187889808,1,1890389000,816334000,281294000,247096000,1609095000,0,0,749849000,0,402316000,64209000,64209000,0.35,0.34,0,122799000,-14744000,-7613000,100442000,410087000,15289000,22.48,27,17.96,0.1503,0.1297,8.56,2.73,20.44,0,0,0,0.8512,0.1597,0.81,0.57,3.3037
2011-07-01,186277145,186277145,1,1805599000,712133000,273425000,244349000,1532174000,0,0,768996000,0,356075000,51548000,51548000,0.28,0.27,0,85974000,-265464000,-14666000,-194156000,309645000,20091000,26.58,31.46,21.7,0.1459,0.1256,8.23,3.35,26.06,0,0,0,0.8486,0.1573,0.8,0.35,2.9144
2011-04-01,186187121,186187121,1,1678797000,872444000,202405000,176444000,1476392000,0,0,499062000,0,325411000,49960000,49960000,0.27,0.26,0,92223000,-32766000,-5710000,53747000,503801000,32241000,33.09,36.98,29.19,0.1418,0.122,7.93,4.35,36.36,0,0,0,0.8794,0.154,0.79,0.32,4.9446
2010-12-31,185435623,185435623,1,1614076000,820603000,202669000,157066000,1411407000,0,0,500801000,25071000,335120000,60868000,60868000,0.34,0.32,0,64822000,-36970000,-31055000,-3203000,450054000,33039000,24.63,29.18,20.08,0.1326,0.1129,7.61,3.43,32.84,0,0,0.0178,0.8744,0.1465,0.77,0.17,5.2246
2010-10-01,183287033,183287033,1,1564052000,789865000,247456000,204324000,1316596000,0,0,498096000,24743000,313283000,46804000,46804000,0.26,0.25,0,73285000,-29720000,25868000,69433000,453257000,29320000,18.71,21.09,16.33,0.1128,0.0946,7.18,2.74,22.82,0,0,0.0188,0.8418,0.1281,0.74,0.24,3.8657
2010-07-02,178637063,178637063,1,1448232000,683658000,227526000,191119000,1220706000,0,0,499367000,24421000,275370000,34736000,34736000,0.2,0.19,0,36500000,-30349000,-27737000,-21586000,383824000,25349000,16.07,17.91,14.23,0.1259,0.1046,6.83,2.4,21.43,0,0,0.02,0.8429,0.1485,0.7,0.06,3.5771
2010-04-02,176793291,176793291,1,1403469000,644018000,220423000,170213000,1183046000,0,0,500137000,42573000,238058000,27744000,27744000,0.16,0.15,0,60165000,-19581000,-31501000,9083000,405410000,19581000,14.55,16.41,12.69,0.1183,0.0973,6.69,2.23,25.53,0,0,0.036,0.8429,0.1458,0.67,0.23,3.7836
2010-01-01,175756438,175756438,1,1392404000,635853000,245508000,196796000,1146896000,0,0,499637000,42023000,245138000,28010000,28010000,0.16,0.16,0,53012000,-15679000,-5227000,32106000,396327000,14679000,12.29,14.3,10.27,0.0935,0.0761,6.53,1.94,22.76,0,0,0.0366,0.8237,0.1185,0.64,0.22,3.231
2009-10-02,174378774,174378774,1,1355326000,590127000,250197000,196995000,1105129000,0,0,501138000,47116000,228146000,56005000,56005000,0.34,0.32,0,69762000,-16207000,8162000,61717000,364221000,14910000,11.89,14.28,9.5,0.0916,0.074,6.34,2.01,21.62,0,0,0.0426,0.8154,0.1162,0.64,0.31,2.9956
2009-07-03,171161372,171161372,1,1259259000,526322000,244452000,191934000,1014807000,0,0,510955000,47116000,191213000,19849000,19849000,0.12,0.12,0,43591000,-13407000,10369000,40553000,302504000,5568000,9.26,10.5,8.02,0.0941,0.0748,5.93,1.58,16.84,0,0,0.0464,0.8059,0.1141,0.66,0.22,2.7422
2009-04-03,167438102,167438102,1,1214304000,486634000,235374000,183293000,978930000,0,0,502242000,47116000,172990000,-4589000,-4589000,-0.03,-0.03,0,21862000,-5714000,2108000,18256000,261951000,5714000,6.46,8.84,4.07,0.0982,0.0756,5.85,1.1,9.5,0,0,0.0481,0.8062,0.1115,0.68,0.1,2.655
2009-01-02,165478996,165478996,1,1211689000,469445000,237419000,135309000,974270000,0,0,503488000,97116000,210228000,22024000,22024000,0.13,0.13,0,74934000,-14200000,-42143000,18591000,243695000,12980000,5.66,7.51,3.81,0.1254,0.0931,5.89,0.99,8.45,0,0,0.0997,0.8041,0.1325,0.7,0.37,3.4694
2008-10-03,165764093,165764093,1,1236099000,494656000,291883000,148740000,944216000,0,0,503417000,137616000,232566000,54789000,54789000,0.34,0.33,0,51603000,-12986000,-61528000,-22911000,225104000,12986000,9.16,10.85,7.47,0.1279,0.0913,5.7,1.72,19.08,0,0,0.1457,0.7639,0.1291,0.71,0.23,3.3256
2008-06-27,164943657,164943657,1,1241008000,529667000,362624000,156851000,878384000,0,0,511118000,200000000,215210000,20466000,20466000,0.13,0.12,0,26202000,-14430000,14086000,25858000,248015000,14430000,9.24,11.2,7.28,0.0944,0.0649,5.33,1.8,21.49,0,0,0.2277,0.7078,0.0956,0.68,0.07,3.3769
2008-03-28,162996011,162996011,1,1208291000,496261000,370843000,163964000,837448000,0,0,514497000,200000000,201708000,16673000,16673000,0.1,0.1,0,40379000,-17523000,587000,23443000,222157000,17513000,7.87,9.03,6.71,0.0867,0.0584,5.14,1.57,19.2,0,0,0.2388,0.6931,0.0889,0.66,0.14,3.0266
2007-12-28,162076599,162076599,1,1177783000,469338000,366681000,159376000,811102000,0,0,517949000,200000000,210533000,19078000,19078000,0.12,0.12,0,55494000,-50020000,-48337000,-42863000,198714000,19903000,8.68,9.36,8.01,0.0837,0.0554,5,1.79,24.11,0,0,0.2466,0.6887,0.0855,0.65,0.22,2.9448
2007-09-28,161675564,161675564,1,1189908000,513718000,403561000,197223000,786347000,0,0,494332000,200000000,190454000,21993000,21993000,0.14,0.14,0,30017000,57169000,1196000,88382000,241577000,12031000,8.18,9.44,6.93,0.0762,0.0503,4.86,1.74,None,0,0,0.2543,0.6608,0.0777,0.65,0.11,2.6048
2007-06-29,160421298,160421298,1,1164547000,491223000,409170000,202211000,755377000,0,0,505852000,200000000,175050000,11423000,11423000,0.07,0.07,0,13119000,-23838000,11467000,748000,153195000,12988000,6.58,7.47,5.69,-0.0818,-0.0541,4.71,1.43,None,0,None,0.2648,0.6486,None,0.66,0,2.4293
2007-03-30,159898909,159898909,1,1140815000,468181000,403829000,197171000,736986000,0,0,507230000,200000000,180210000,12197000,12197000,0.08,0.08,0,25882000,-12243000,24876000,38515000,152447000,11293000,6.58,7.48,5.67,-0.0912,-0.0616,4.61,1.44,None,0,None,0.2714,0.646,None,0.68,0.09,2.3745
2006-12-29,163206598,163206598,1,1092413000,426085000,345484000,338885000,746929000,0,0,507095000,0,196030000,12037000,12037000,0.07,0.07,0,15760000,-41234000,2657000,-22817000,113932000,6284000,6.46,7.86,5.06,-0.1036,-0.0713,4.58,1.44,None,0,None,0,0.6837,None,0.68,0.06,1.2573
2006-09-29,162876234,162876234,1,1090496000,420843000,361403000,175620000,729093000,0,0,508975000,179335000,193133000,-96370000,-96370000,-0.61,-0.61,0,22718000,21766000,23000,44507000,136749000,12657000,4.92,5.8,4.03,-0.1116,-0.0764,4.48,0.97,70.29,0,None,0.246,0.6686,None,0.67,0.06,2.3963
2006-06-30,161046818,161046818,1,1166762000,470693000,348230000,161681000,818532000,0,0,491972000,179335000,197058000,3005000,3005000,0.02,0.02,0,-18341000,-6392000,221000,-24512000,92242000,10642000,6.58,8,5.15,0.014,0.0096,5.08,1.3,65.8,0,0,0.2191,0.7015,0.0146,0.65,-0.18,2.9112
2006-03-31,160395565,160395565,1,1158396000,461123000,348030000,161416000,810366000,0,0,508630000,179335000,185234000,926000,926000,0.01,0.01,0,849000,42287000,-49874000,-6738000,116754000,12427000,6.05,7.09,5.01,0.0196,0.0133,5.05,1.21,60.5,0,0,0.2213,0.6996,0.0205,0.65,-0.07,2.8567
2005-12-31,159491621,159491621,1,1199940000,505053000,398827000,161712000,801113000,0,0,509166000,230000000,198325000,4287000,4287000,0.03,0.03,0,22000000,-15278000,248000,6970000,123492000,13633000,5.89,7.14,4.64,0.0202,0.0135,5.02,1.18,36.81,0,0,0.2871,0.6676,0.0207,0.65,0.05,3.1232
2005-09-30,158786540,158786540,1,1187843000,495982000,395279000,158235000,792564000,0,0,511119000,230000000,190174000,3061000,3061000,0.01,0.01,0,10423000,-11295000,454000,-418000,116522000,10496000,7.53,8.38,6.67,0.0328,0.0217,4.99,1.52,31.38,0,0,0.2902,0.6672,0.0323,0.67,-0,3.1345
2005-07-01,158396222,158396222,1,1181043000,487477000,393311000,156632000,787732000,0,0,513264000,230000000,191532000,7389000,7389000,0.05,0.05,0,25465000,-15388000,1278000,11355000,116940000,10619000,6.51,7.94,5.07,0.0482,0.0317,4.97,1.32,24.11,0,0,0.292,0.667,0.0453,0.7,0.09,3.1122
2005-04-01,157518007,157518007,1,1170994000,477647000,395126000,158584000,775868000,0,0,516082000,230000000,190505000,1244000,1244000,0.01,0.01,0,11182000,-27222000,-544000,-16584000,105585000,6980000,7.53,8.99,6.07,0.0565,0.0366,4.93,1.53,37.65,0,0,0.2964,0.6626,0.0512,0.72,0.03,3.0119
2004-12-31,156889331,156889331,1,1175351000,476704000,404486000,168025000,770865000,0,0,519661000,230000000,220160000,13917000,13917000,0.09,0.09,0,7127000,-12519000,4056000,-1336000,202203000,10040000,9.82,10.91,8.74,0.0439,0.0278,4.91,2.04,70.14,0,0,0.2984,0.6559,0.0388,0.72,-0.02,2.8371
2004-10-01,156259428,156259428,1,1168806000,463864000,417183000,181251000,751623000,0,0,524388000,230000000,218067000,14631000,14631000,0.09,0.09,0,28407000,-13637000,582000,15352000,203539000,16637000,8.51,10.04,6.98,0.0316,0.0196,4.81,1.81,None,0,0,0.306,0.6431,0.0286,0.69,0.08,2.5592
2004-07-02,155574832,155574832,1,1161669000,455835000,428179000,192218000,733490000,0,0,524973000,230000000,207377000,13030000,13030000,0.09,0.08,0,18401000,-26651000,4664000,-3586000,188187000,18651000,10.33,12.68,7.98,-0.6264,-0.3854,4.71,2.29,None,0,None,0.3136,0.6314,None,0.64,-0,2.3714
2004-04-02,149684499,149684499,1,1118195000,423995000,443551000,162795000,674644000,0,0,526056000,275000000,183471000,-9421000,-9421000,-0.06,-0.06,0,18980000,-10860000,7402000,15522000,191773000,10860000,10.79,12.45,9.13,-0.5947,-0.3814,4.51,2.37,None,0,None,0.4076,0.6033,None,0.56,0.05,2.6045
2004-01-02,149083148,149083148,1,1115722000,406836000,436492000,155601000,679230000,0,0,526635000,275000000,175108000,4172000,4172000,0.03,0.03,0,26125000,-9862000,-1518000,14745000,176251000,13850000,9.32,11.25,7.4,-0.5309,-0.3557,4.56,2.06,None,0,None,0.4049,0.6088,None,0.5,0.08,2.6146
2003-09-30,148746520,148746520,1,1090668000,386095000,417493000,136816000,673175000,0,0,527695000,275000000,150032000,-440066000,-440066000,-3.07,-3.07,0,-28822000,-13309000,138414000,96283000,161506000,9321000,9.4,12.28,6.52,-0.4861,-0.3392,4.53,1.29,None,0,None,0.4085,0.6172,None,0.46,-0.26,2.822
2003-06-27,138872071,138872071,1,1410623000,275612000,400746000,121588000,1009877000,0,0,936731000,275000000,150199000,-6186000,-6186000,-0.04,-0.04,0,-14779000,-4395000,70000,-19104000,65223000,4395000,6.52,8.1,4.94,-0.0529,-0.0385,7.27,0.89,None,0,None,0.2723,0.7159,None,0.54,-0.14,2.2668
2003-03-28,138642782,138642782,1,1421053000,281597000,407712000,128392000,1013341000,0,0,939883000,275000000,157364000,-5955000,-5955000,-0.04,-0.04,0,2602000,-12646000,108000,-9936000,84327000,12646000,7.77,9.57,5.96,-0.226,-0.1676,7.31,1.05,None,0,None,0.2714,0.7131,None,0.52,-0.07,2.1933
2002-12-27,138081195,138081195,1,1401643000,267897000,383306000,103961000,1018337000,0,0,940769000,275005000,160194000,791000,791000,0.01,0.01,0,-31053000,-13932000,85890000,40905000,94263000,13932000,8.37,12.73,4,-0.2778,-0.2123,7.37,1.14,None,0,None,0.2701,0.7265,None,0.54,-0.33,2.5769
2002-09-27,137899732,137899732,1,1346912000,227396000,331936000,147627000,1014976000,0,0,940686000,180039000,283509000,-42340000,-42340000,None,None,0,-59362000,-7986000,30008000,-37340000,53358000,7986000,4.45,6,2.89,-0.3601,-0.2867,7.36,0.6,None,0,None,0.1774,0.7536,None,0.56,-0.49,1.5403
2002-06-28,137510275,137510275,1,1305991000,184877000,291028000,286483000,1014963000,0,0,940572000,0,112980000,-181945000,-181945000,-1.92,-1.92,0,-34451000,64323000,49587000,79459000,90698000,1447000,11.13,17.54,4.71,-0.4114,-0.3448,7.38,1.69,None,0,None,0,0.7772,None,0.36,-0.26,0.6453
2002-03-31,44291135,44291135,1,316119000,157891000,23957000,21568000,292162000,0,0,4378000,106000,28190000,-8499000,-8499000,-0.2,-0.2,0,-613000,16673000,465000,16525000,62413000,8215000,19.14,24.24,14.05,-0.0614,-0.0566,6.6,2.82,70.89,0,None,0.0004,0.9242,None,0.39,-0.2,7.3206
2001-12-30,44227173,44227173,1,324904000,186243000,25106000,19764000,299798000,0,0,0,139000,33090000,-3280000,-3280000,-0.07,-0.07,0,-4668000,-2968000,352000,-7284000,45888000,11764000,23.74,31.84,15.64,0.0401,0.0366,6.78,3.47,124.95,0,0,0.0005,0.9227,0.0788,0.46,-0.37,9.4233
2001-09-30,44124843,44124843,1,330281000,203190000,28453000,23381000,301828000,0,0,0,139000,33001000,-2587000,-2587000,-0.06,-0.06,0,8126000,-18509000,3039000,-7344000,53172000,15275000,29.54,40.36,18.72,0.0283,0.0256,6.84,4.37,60.29,0,0,0.0005,0.9139,0.0427,0.6,-0.16,8.6904
2001-07-01,43978759,43978759,1,320330000,203168000,23096000,17885000,297234000,0,0,0,203000,32221000,-3920000,-3920000,-0.09,-0.09,0,709000,-9799000,804000,-8286000,60516000,5740000,21.63,29.7,13.56,0.0741,0.0664,6.76,3.15,28.46,0,0,0.0007,0.9279,0.0908,0.73,-0.11,11.3597
2001-04-01,43593725,43593725,1,337019000,220001000,37841000,31713000,299178000,0,0,0,235000,53995000,21793000,21793000,0.51,0.49,0,26693000,13129000,575000,40397000,68802000,16608000,24.94,35.94,13.94,0.1182,0.1047,6.86,3.66,53.06,0,0,0.0008,0.8877,0.1229,0.85,0.23,6.9372
2000-12-31,43426263,43426263,1,332837000,228636000,36798000,31008000,296039000,0,0,0,285000,78684000,-6828000,-6828000,-0.15,-0.15,0,16667000,-13330000,3686000,7023000,30004000,10518000,39.38,54,24.75,0.0753,0.0665,6.82,6.18,50.81,0,0,0.001,0.8894,0.0725,0.92,0.14,7.3735
2000-10-01,42970970,42970970,1,311151000,212957000,37589000,31779000,273562000,0,0,0,285000,73201000,10567000,10567000,0.25,0.24,0,14180000,-19646000,700000,-4766000,22981000,17941000,41.22,50.44,32,0.1354,0.1197,6.37,6.76,61.98,0,0,0.001,0.8792,0.1357,0.88,-0.09,6.7012
2000-07-02,42829398,42829398,1,294088000,210313000,33021000,27408000,261067000,0,0,0,285000,65688000,7841000,7841000,0.18,0.18,0,53000,5227000,-752000,4528000,27747000,9681000,49.44,63.88,35,0.1232,0.1095,6.1,9.31,81.05,0,0,0.0011,0.8877,0.1314,0.83,-0.22,7.6734
2000-04-02,42638168,42638168,1,259104000,190141000,32550000,26705000,226554000,0,0,0,345000,56868000,8310000,8310000,0.2,0.2,0,13347000,-21699000,1386000,-6966000,20884000,10669000,50.88,74.73,27.02,0.1164,0.1037,5.31,9.44,77.09,0,0,0.0015,0.8744,0.132,0.79,0.06,7.1201
1999-12-26,19887482,39774964,2,238828000,177884000,24427000,18786000,214401000,0,0,0,404000,47463000,6297000,6297000,0.32,0.31,0,15482000,-8010000,1377000,8849000,27850000,9481000,28.51,33.13,23.88,0.1421,0.1249,5.39,5.53,43.75,0,0,0.0019,0.8977,0.1517,0.82,0.15,9.469
1999-09-26,19529371,39058742,2,224456000,170621000,22952000,17381000,201504000,0,0,0,433000,41769000,5384000,5384000,0.28,0.26,0,7263000,-61774000,131000,-54380000,19001000,8500000,25.2,28.91,21.5,0.1684,0.144,5.16,5,38.67,0,0,0.0021,0.8977,0.1568,0.92,-0.03,9.8165
1999-06-27,19382347,38764694,2,217598000,169957000,22223000,16770000,195375000,0,0,0,462000,38605000,4389000,4389000,0.26,0.25,0,2829000,-52441000,108964000,59352000,73381000,5934000,16.04,23.13,8.94,0.213,0.1747,5.04,6.34,24.68,0,0,0.0024,0.8979,0.1623,1.08,-0.08,10.1346
1999-03-28,16023503,32047006,2,106681000,62823000,25667000,20136000,81014000,0,0,0,713000,34269000,8528000,8528000,0.54,0.5,0,6716000,-3988000,868000,3596000,14029000,6613000,10.26,13.38,7.13,0.3113,0.2352,2.53,4.66,19.99,0,0,0.0088,0.7594,0.1701,1.38,0,3.1199
1998-12-27,10639535,31918605,3,92367000,53134000,22202000,19551000,70165000,0,0,0,769000,32489000,4772000,4772000,0.45,0.44,0,10491000,-7069000,-137000,3285000,10433000,5986000,7.19,11.21,3.17,0.2655,0.1984,2.2,3.51,15.41,0,0,0.011,0.7596,0.1344,1.48,0.14,2.7177
1998-09-27,10541089,31623267,3,84859000,49754000,20020000,16955000,64839000,0,0,0,825000,29626000,4216000,4216000,0.4,0.39,0,2012000,-7532000,-255000,-5775000,7148000,2014000,4.33,5.5,3.17,0.2594,0.1911,2.05,2.27,10.56,0,0,0.0127,0.7641,0.1231,1.55,-0,2.9345
1998-06-28,10514436,31543308,3,81548000,46505000,21453000,17949000,60095000,0,0,0,1156000,29955000,3974000,3974000,0.38,0.37,0,6307000,-7345000,-395000,-1433000,12923000,3117000,5.15,6.17,4.13,0.2452,0.1758,1.91,2.89,15.93,0,0,0.0192,0.7369,0.1087,1.62,0.1,2.591
1998-03-29,10475714,31427142,3,76929000,43173000,21107000,17112000,55822000,0,0,0,1625000,31854000,3692000,3692000,0.38,0.34,0,7157000,-4894000,198000,2461000,14356000,3510000,5.68,6.67,4.69,0.2067,0.1453,1.78,3.44,189.33,0,0,0.0291,0.7256,0.0881,1.65,0.12,2.523
1997-12-28,10340211,31020633,3,71449000,39357000,20275000,16705000,51174000,0,0,0,2132000,30751000,3156000,3156000,0.31,0.3,0,6798000,-1712000,-320000,4766000,11895000,2946000,5.58,6.88,4.29,0.0271,0.0186,1.65,3.6,None,0,0,0.0417,0.7162,0.0117,1.59,0.12,2.356
1997-09-28,10240989,30722967,3,69567000,38129000,21918000,18013000,47649000,0,0,0,2572000,28571000,2344000,2344000,0.22,0.22,0,5191000,-2472000,-270000,2449000,7129000,2579000,4.11,5.46,2.75,-0.0861,-0.0594,1.55,2.76,None,0,None,0.054,0.6849,None,1.49,0.09,2.1167
1997-06-29,10014190,30042570,3,65646000,35119000,20911000,16400000,44735000,0,0,0,3104000,25705000,1110000,1110000,0.11,0.11,0,2602000,-2127000,-1610000,-1135000,4680000,2004000,2.47,2.73,2.21,-0.2363,-0.1652,1.49,1.7,None,0,None,0.0694,0.6815,None,1.36,0.02,2.1414
1997-03-30,10000066,30000198,3,65253000,35176000,21867000,16767000,43386000,0,0,0,3606000,22763000,-5345000,-5345000,-0.54,-0.54,0,2092000,1261000,462000,3815000,5815000,1758000,2.48,3,1.96,-0.3173,-0.2287,1.45,1.52,None,0,None,0.0831,0.6649,None,1.25,0.01,2.0979
1996-12-29,9939886,29819658,3,66567000,36006000,18095000,12701000,48472000,0,0,0,4099000,22287000,-2075000,-2075000,-0.21,-0.21,0,-2215000,-2343000,-560000,-5118000,2000000,2336000,2.58,3.25,1.92,-0.1913,-0.1425,1.63,1.53,None,0,None,0.0846,0.7282,None,1.25,-0.15,2.8349
1996-09-29,9887288,29661864,3,69725000,39740000,19467000,13533000,50258000,0,0,0,4583000,20137000,-4728000,-4728000,-0.48,-0.48,0,-2298000,1025000,4022000,2749000,7118000,1551000,2.71,3.13,2.29,-0.1197,-0.0901,1.69,1.46,None,0,None,0.0912,0.7208,None,1.25,-0.13,2.9365
1996-06-30,9754439,29263317,3,70864000,41020000,16687000,12790000,54177000,0,0,0,2495000,20066000,-3424000,-3424000,-0.35,-0.35,0,-3054000,-3778000,-125000,-6957000,4369000,2306000,3.27,3.92,2.63,-0.0149,-0.0109,1.85,1.66,22.3,0,None,0.0461,0.7645,None,1.38,-0.18,3.2072
1996-03-31,9719216,29157648,3,75423000,46551000,17890000,13904000,57533000,0,0,0,2565000,25490000,162000,162000,0.01,0.01,0,-515000,-9492000,86000,-9921000,11326000,7845000,3.48,4.63,2.33,0.0873,None,1.97,1.77,None,0,0,0.0446,0.7628,0.0392,1.52,-0.29,3.348
1995-12-31,9671771,29015313,3,75022000,50419000,17947000,13595000,57075000,0,0,0,2709000,25237000,1437000,1437000,0.16,0.16,0,1385000,-2997000,20755000,19143000,21247000,2997000,4.73,5.96,3.5,None,None,1.97,3.67,None,0,None,0.0475,0.7608,None,None,-0.06,3.7086
1995-10-01,7809272,23427816,3,52046000,29568000,21746000,18459000,30300000,0,0,0,1617000,23733000,1081000,1081000,0.13,0.13,0,1452000,199000,-1720000,-69000,2104000,-199000,5.13,5.54,4.71,None,None,1.29,4.14,None,0,None,0.0534,0.5822,None,None,0.07,1.6018
1995-07-02,7786894,23360682,3,52087000,30599000,23200000,19915000,28887000,0,0,0,1902000,22434000,1114000,1114000,0.14,0.14,0,-1052000,-1329000,1044000,-1337000,2173000,1329000,4.31,5.08,3.54,None,None,1.24,3.62,None,0,None,0.0658,0.5546,None,None,-0.1,1.5365
1995-04-02,7750101,23250303,3,50167000,27184000,22493000,16201000,27674000,0,0,0,4744000,None,None,None,None,None,0,2504000,-1496000,-138000,870000,3510000,1564000,3,3.88,2.13,None,None,1.19,2.61,None,0,None,0.1714,0.5516,None,None,0.04,1.6779
1995-01-01,7714399,23143197,3,47542000,25623000,20841000,14663000,26701000,0,0,0,4842000,19359000,774000,774000,0.1,0.1,0,None,None,None,None,2640000,0,2.1,2.46,1.75,None,None,1.15,None,None,0,None,0.1813,0.5616,None,None,None,1.7475
