"Quarter end","Shares","Shares split adjusted","Split factor","Assets","Current Assets","Liabilities","Current Liabilities","Shareholders equity","Non-controlling interest","Preferred equity","Goodwill & intangibles","Long-term debt","Revenue","Earnings","Earnings available for common stockholders","EPS basic","EPS diluted","Dividend per share","Cash from operating activities","Cash from investing activities","Cash from financing activities","Cash change during period","Cash at end of period","Capital expenditures","Price","Price high","Price low","ROE","ROA","Book value of equity per share","P/B ratio","P/E ratio","Cumulative dividends per share","Dividend payout ratio","Long-term debt to equity ratio","Equity to assets ratio","Net margin","Asset turnover","Free cash flow per share","Current ratio"
2019-06-30,146078369,146078369,1,14639472000,8184670000,10951497000,6498228000,3665328000,22647000,0,3847167000,2871106000,4934260000,224430000,224430000,1.54,1.53,0.7625,239645000,-279960000,243487000,205626000,562551000,61091000,105.2,115.2,95.21,0.2218,0.0586,25.09,4.33,19.52,40.55,0.5476,0.7833,0.2504,0.0417,1.41,1.22,1.2595
2019-03-31,146063911,146063911,1,14070530000,7886391000,10497698000,6545334000,3550931000,21901000,0,3641995000,2389244000,4736833000,160250000,160250000,1.1,1.09,0.7625,61730000,-184038000,145679000,23378000,356925000,45621000,102.58,112.18,92.97,0.2249,0.0611,24.31,4.34,18.65,39.79,0.5387,0.6729,0.2524,0.0421,1.45,0.11,1.2049
2018-12-31,145943765,145943765,1,12683040000,7575690000,9211049000,5900733000,3450451000,21540000,0,3540418000,2432133000,4603792000,186699000,186699000,1.28,1.27,0.72,219638000,-250194000,13217000,-25558000,333547000,125815000,98.47,105.89,91.04,0.2302,0.064,23.64,4,19.85,39.03,0.5208,0.7049,0.2721,0.0433,1.48,0.64,1.2839
2018-09-30,146759273,146759273,1,12657119000,7550495000,8994040000,5661189000,3611054000,52025000,0,3518470000,2463452000,4722922000,220227000,220227000,1.5,1.49,0.72,470451000,-98239000,-366169000,3964000,359105000,26796000,96.43,102.49,90.37,0.2085,0.0581,24.61,4.03,21.19,38.31,0.5674,0.6822,0.2853,0.0399,1.46,3.02,1.3337
2018-06-30,146752732,146752732,1,12566522000,7523369000,9004195000,5656894000,3511972000,50355000,0,3498971000,2490552000,4822065000,226972000,226972000,1.55,1.54,0.72,316708000,-77470000,-200393000,29168000,355141000,33513000,90.66,95.52,85.8,0.1941,0.0568,23.93,3.79,21.08,37.59,0.6097,0.7092,0.2795,0.0378,1.5,1.93,1.3299
2018-03-31,146737803,146737803,1,12759394000,7581612000,9198013000,5757472000,3510079000,51302000,0,3618426000,2564111000,4586294000,176576000,176576000,1.2,1.2,0.72,138367000,-70221000,-55485000,11074000,325973000,31633000,97.1,107.75,86.45,0.1864,0.0575,23.92,4.18,23.23,36.87,0.635,0.7305,0.2751,0.0373,1.54,0.73,1.3168
2017-12-31,146734604,146734604,1,12412381000,7312893000,8948225000,5474025000,3412152000,52004000,0,3554380000,2550020000,4207076000,108183000,108183000,0.74,0.73,0.67,272686000,-1243746000,1073749000,104817000,314899000,38304000,91.67,98.63,84.71,0.1855,0.0609,23.25,3.98,20.51,36.15,0.6419,0.7473,0.2749,0.0378,1.61,1.6,1.3359
2017-09-30,146613496,146613496,1,9494234000,6316608000,6104106000,4802667000,3378235000,11893000,0,1713569000,550000000,4095906000,158442000,158442000,1.08,1.08,0.675,197073000,-92223000,-102760000,6937000,210082000,43086000,88.75,97.65,79.86,0.2022,0.0716,23.04,3.96,19.17,35.48,0.5982,0.1628,0.3558,0.0416,1.72,1.05,1.3152
2017-06-30,146830997,146830997,1,9412144000,6301416000,6110801000,4801167000,3288124000,13219000,0,1677748000,550000000,4100178000,189972000,189972000,1.29,1.29,0.675,243464000,-163269000,-57738000,25228000,203145000,29289000,92.38,95.87,88.88,0.2113,0.076,22.39,4.23,20,34.8,0.5732,0.1673,0.3493,0.0437,1.74,1.46,1.3125
2017-03-31,147394019,147394019,1,9166826000,6194062000,5934482000,4579833000,3218973000,13371000,0,1608466000,550000000,3905641000,160160000,160160000,1.08,1.08,0.675,101820000,-131042000,-41192000,-64962000,177917000,24806000,96.42,100.9,91.93,0.2126,0.0779,21.84,4.48,21.01,34.13,0.5703,0.1709,0.3512,0.0444,1.75,0.52,1.3525
2016-12-31,148378606,148378606,1,8859400000,5948431000,5652044000,4244150000,3193728000,13628000,0,1574663000,550000000,3780065000,152520000,152520000,1.03,1.02,0.66,204726000,-141804000,-38220000,17702000,242879000,45182000,93.47,100.34,86.61,0.2117,0.0792,21.52,4.18,20.19,33.45,0.5704,0.1722,0.3605,0.0448,1.77,1.08,1.4016
2016-09-30,148737241,148737241,1,8749372000,5908482000,5414078000,4401531000,3322212000,13082000,0,1550435000,300000000,3941743000,185326000,185326000,1.24,1.24,0.6575,210860000,-97049000,-122768000,-8450000,225177000,36939000,100.97,105.97,95.96,0.2152,0.0819,22.34,4.64,21.81,32.79,0.5536,0.0903,0.3797,0.0457,1.79,1.17,1.3424
2016-06-30,148913877,148913877,1,8634109000,5866142000,5383880000,4406170000,3237619000,12610000,0,1478298000,250000000,3899638000,191369000,191369000,1.28,1.28,0.6575,395447000,-269851000,-96949000,28492000,233627000,38041000,96.77,101.28,92.25,0.2188,0.0836,21.74,4.48,20.9,32.13,0.5442,0.0772,0.375,0.0459,1.82,2.4,1.3313
2016-03-31,149623104,149623104,1,8450527000,5770268000,5206815000,4211926000,3231730000,11982000,0,1412985000,250000000,3718267000,158025000,158025000,1.06,1.05,0.6575,135045000,-85295000,-64469000,-6496000,205135000,11670000,88.05,99.59,76.5,0.2199,0.0846,21.6,4.18,19.02,31.48,0.5344,0.0774,0.3824,0.046,1.84,0.82,1.37
2015-12-31,149515598,149515598,1,8144771000,5555316000,4985529000,3940654000,3146567000,12675000,0,1361795000,250000000,3681790000,161273000,161273000,1.08,1.06,0.61,263386000,-86219000,-161904000,12337000,211631000,38932000,86.54,93.32,79.77,0.2218,0.0855,21.05,4.13,18.65,30.82,0.5254,0.0795,0.3863,0.0462,1.85,1.5,1.4097
2015-09-30,150763224,150763224,1,8203128000,5623482000,5032104000,3764068000,3158786000,12238000,0,1328431000,500000000,3921802000,188016000,188016000,1.24,1.24,0.615,441879000,-59804000,-398487000,-24546000,199294000,24530000,84.89,91.02,78.76,0.2204,0.0858,20.95,3.97,18.3,30.21,0.5164,0.1583,0.3851,0.046,1.86,2.77,1.494
2015-06-30,151597258,151597258,1,8413633000,5763520000,5158135000,3867622000,3243815000,11683000,0,1382766000,500000000,3940401000,195373000,195373000,1.28,1.28,0.615,331596000,-71048000,-203232000,57345000,223840000,21037000,91.95,94.74,89.17,0.2155,0.0857,21.4,4.4,19.82,29.59,0.5078,0.1541,0.3855,0.046,1.86,2.05,1.4902
2015-03-31,152200386,152200386,1,8238355000,5634699000,5047313000,3759361000,3179938000,11104000,0,1346336000,500000000,3736051000,161010000,161010000,1.05,1.05,0.615,122512000,-46556000,-42451000,28765000,166495000,16427000,99.91,108.07,91.74,0.2117,0.0864,20.89,4.62,21.67,28.98,0.4988,0.1572,0.386,0.0463,1.87,0.7,1.4988
2014-12-31,152699446,152699446,1,8246238000,5592525000,4933874000,3584115000,3301248000,11116000,0,1386590000,500000000,3822454000,165559000,165559000,1.08,1.07,0.57,200822000,-37635000,-157501000,2193000,137730000,25030000,97,109,84.99,0.2073,0.0867,21.62,4.24,21.56,28.36,0.4939,0.1515,0.4003,0.0464,1.87,1.15,1.5604
2014-09-30,152856646,152856646,1,8341457000,5585377000,4833309000,3635782000,3497175000,10973000,0,1444356000,500000000,3985909000,190516000,190516000,1.25,1.24,0.575,222221000,-130268000,-104637000,-17326000,135537000,33862000,86.18,90.2,82.15,0.2022,0.0863,22.88,3.74,19.68,27.79,0.4988,0.143,0.4193,0.0463,1.86,1.23,1.5362
2014-06-30,153088650,153088650,1,8251548000,5512361000,4714054000,3506854000,3527170000,10324000,0,1432862000,500000000,3908387000,197727000,197727000,1.29,1.28,0.575,307323000,-43572000,-216621000,49391000,152863000,21536000,86.24,89.05,83.43,0.2025,0.0853,23.04,3.89,19.21,27.22,0.5039,0.1418,0.4275,0.0461,1.85,1.87,1.5719
2014-03-31,153604136,153604136,1,7982374000,5346431000,4571165000,3422738000,3401762000,9447000,0,1409812000,500000000,3624897000,157484000,157484000,1.02,1.02,0.575,59779000,-175240000,23319000,-93421000,103472000,18387000,83.25,90,76.5,0.2153,0.0893,22.15,3.82,18.92,26.64,0.4835,0.147,0.4262,0.0481,1.86,0.27,1.562
2013-12-31,153727213,153727213,1,7680297000,5221491000,4321529000,3183044000,3349074000,9694000,0,1289356000,500000000,3517801000,150467000,150467000,0.98,0.96,0.54,219246000,-127324000,-212170000,-123977000,196893000,29260000,80.58,84.89,76.26,0.2169,0.0895,21.79,3.96,18.07,26.07,0.4854,0.1493,0.4361,0.0487,1.84,1.24,1.6404
2013-09-30,154357198,154357198,1,7943903000,5295475000,4790728000,3454094000,3143061000,10114000,0,1280182000,250000000,3685243000,173746000,173746000,1.12,1.12,0.5375,370407000,-51343000,-195735000,124100000,320870000,33339000,81.6,85.41,77.8,0.2263,0.0934,20.36,4.11,18.34,25.53,0.4706,0.0795,0.3957,0.0508,1.84,2.18,1.5331
2013-06-30,154859404,154859404,1,7660313000,5107741000,4574174000,3322947000,3076371000,9768000,0,1270447000,250000000,3675997000,216357000,216357000,1.4,1.39,0.5375,350700000,-627243000,-354618000,-645124000,196770000,37883000,78.07,84.27,71.87,0.2276,0.0982,19.87,3.95,18.86,24.99,0.4622,0.0813,0.4016,0.0519,1.89,2.02,1.5371
2013-03-31,154966430,154966430,1,7338462000,5351604000,4264019000,3023314000,3064349000,10094000,0,492756000,250000000,3198802000,144389000,144389000,0.93,0.93,0.5375,116378000,-19669000,337406000,438799000,841894000,12924000,71.28,78.12,64.43,0.2147,0.0965,19.77,3.68,17.22,24.45,0.4864,0.0816,0.4176,0.0496,1.95,0.67,1.7701
2012-12-31,154868013,154868013,1,6807061000,4820131000,3798882000,2487638000,2997887000,10292000,0,497839000,750000000,3118966000,160225000,160225000,1.04,1.02,0.5,141618000,-34862000,-101087000,4977000,403095000,21856000,63.22,66.9,59.53,0.2186,0.1015,19.36,3.21,15.92,23.92,0.4755,0.2502,0.4404,0.0498,2.04,0.77,1.9376
2012-09-30,155130605,155130605,1,6445882000,4664575000,3379713000,2101617000,3055803000,10366000,0,504192000,500000000,3375778000,172943000,172943000,1.11,1.11,0.495,343507000,-39736000,-79816000,226541000,398118000,20259000,61.95,65.18,58.73,0.2139,0.1012,19.7,3.29,16.17,23.42,0.4831,0.1636,0.4741,0.0482,2.1,2.08,2.2195
2012-06-30,155100768,155100768,1,6184929000,4423375000,3253107000,1978256000,2921809000,10013000,0,498288000,500000000,3337836000,168618000,168618000,1.08,1.08,0.495,249016000,-371462000,-129829000,-252847000,171577000,34479000,61.04,66.5,55.58,0.2098,0.1005,18.84,3.3,16.45,22.92,0.4888,0.1711,0.4724,0.0469,2.14,1.38,2.236
2012-03-31,155909884,155909884,1,6095829000,4601546000,3201835000,1931369000,2884509000,9485000,0,292893000,500000000,3181288000,146255000,146255000,0.94,0.93,0.495,172297000,-205807000,-68102000,-100630000,424424000,16889000,63.64,66.43,60.84,0.2039,0.0996,18.5,3.56,17.78,22.43,0.4922,0.1733,0.4732,0.0462,2.16,1,2.3825
2011-12-31,155772475,155772475,1,5879591000,4576596000,3086772000,1812073000,2783235000,9584000,0,279775000,1000000000,3014135000,134957000,134957000,0.87,0.85,0.45,127519000,-62436000,-78629000,-9747000,525054000,30629000,55.37,62.21,48.53,0.1973,0.0985,17.87,2.99,15.87,21.93,0.4981,0.3593,0.4734,0.0454,2.17,0.62,2.5256
2011-09-30,155653410,155653410,1,5784718000,4646313000,2893327000,2240660000,2881728000,9663000,0,277924000,250000000,3285560000,151832000,151832000,0.97,0.97,0.45,247457000,-89187000,-127649000,18073000,534801000,22184000,51.88,57.66,46.1,0.1914,0.0974,18.51,2.78,15.49,21.48,0.5029,0.0868,0.4982,0.0448,2.17,1.45,2.0736
2011-06-30,156766944,156766944,1,5717001000,4633291000,2785705000,2107415000,2922024000,9272000,0,227935000,250000000,3184984000,151812000,151812000,0.97,0.96,0.45,196540000,-31437000,-115305000,50846000,516728000,27214000,52.87,55.99,49.74,0.1863,0.0954,18.64,2.9,16.68,21.03,0.5117,0.0856,0.5111,0.0444,2.15,1.08,2.1986
2011-03-31,157321048,157321048,1,5569520000,4495229000,2690652000,2003636000,2870262000,8606000,0,229276000,250000000,2974198000,126515000,126515000,0.8,0.8,0.45,53411000,-48437000,-72557000,-64086000,465882000,14534000,52.78,55.7,49.86,0.1807,0.0926,18.24,2.98,17.59,20.58,0.5278,0.0871,0.5154,0.0433,2.14,0.25,2.2435
2010-12-31,157656559,157656559,1,5465044000,4414887000,2662330000,1971814000,2793819000,8895000,0,209548000,250000000,2807728000,118650000,118650000,0.75,0.76,0.41,110241000,-30337000,-66495000,-1763000,529968000,22772000,47.87,51.61,44.13,0.1744,0.0894,17.72,2.72,16.74,20.13,0.5446,0.0895,0.5112,0.0424,2.11,0.55,2.239
2010-09-30,157534735,157534735,1,5413770000,4391301000,2635988000,1720885000,2769188000,8594000,0,207237000,500000000,2950560000,131785000,131785000,0.84,0.83,0.41,213800000,-46406000,-66609000,119859000,531731000,31019000,42.06,45.32,38.81,0.17,0.0877,17.58,2.49,15.58,19.72,0.5653,0.1806,0.5115,0.0419,2.09,1.16,2.5518
2010-06-30,157612654,157612654,1,5219360000,4210497000,2546153000,1575373000,2664500000,8707000,0,201326000,500000000,2847186000,124467000,124467000,0.79,0.78,0.41,214977000,-19983000,-117196000,78335000,411872000,18062000,41.71,45.42,38,0.1634,0.0848,16.91,2.47,16.23,19.31,0.5951,0.1877,0.5105,0.041,2.07,1.25,2.6727
2010-03-31,158792492,158792492,1,5168762000,4146231000,2483196000,1514129000,2677582000,7984000,0,204907000,500000000,2602115000,100609000,100609000,0.63,0.63,0.41,139645000,-75622000,-70269000,-3266000,333537000,9850000,40.28,43.63,36.94,0.1579,0.0822,16.86,2.44,16.11,18.9,0.6234,0.1867,0.518,0.0402,2.04,0.82,2.7384
2009-12-31,158703873,158703873,1,5004689000,4032828000,2375317000,1408284000,2621330000,8042000,0,171532000,500000000,2471214000,99167000,99167000,0.63,0.62,0.4,78795000,-19202000,-90726000,-26330000,336803000,8043000,36.95,39,34.91,0.1586,0.0817,16.52,2.26,15.21,18.49,0.6379,0.1907,0.5238,0.0397,2.06,0.45,2.8636
2009-09-30,159552155,159552155,1,4977241000,4034291000,2362899000,1444511000,2606895000,7447000,0,171573000,500000000,2606757000,107639000,107639000,0.67,0.67,0.4,277672000,-100858000,-63755000,124544000,363133000,12405000,36.05,39.75,32.36,0.1588,0.0803,16.34,2.29,14.03,18.09,0.6533,0.1918,0.5238,0.0384,2.09,1.66,2.7928
2009-06-30,159530937,159530937,1,4854944000,3916015000,2339260000,1412567000,2507862000,7822000,0,166683000,500000000,2535045000,103610000,103610000,0.65,0.65,0.4,288409000,-124484000,-61780000,105308000,238589000,22858000,32.68,36.18,29.18,0.1673,0.0858,15.72,2.23,11.97,17.69,0.6122,0.1994,0.5166,0.0396,2.16,1.66,2.7723
2009-03-31,159446330,159446330,1,4724855000,3819907000,2386102000,1257374000,2338753000,0,0,158427000,500000000,2444496000,89159000,89159000,0.56,0.56,0.4,200422000,-19876000,-114122000,65504000,133281000,14097000,32.38,39.82,24.93,0.1759,0.0922,14.67,2.22,11.09,17.29,0.5697,0.2138,0.495,0.0411,2.24,1.17,3.038
2008-12-31,159442764,159442764,1,4786350000,3871420000,2392972000,1287103000,2324332000,69046000,0,158825000,500000000,2520190000,87784000,87784000,0.56,0.55,0.39,61304000,-55508000,-56582000,-56651000,67777000,33214000,35.27,40.62,29.92,0.1836,0.0993,14.58,2.11,11.3,16.89,0.5287,0.2151,0.4856,0.0432,2.3,0.18,3.0079
2008-09-30,159435917,159435917,1,4819258000,4073143000,2081714000,1625656000,2669105000,68439000,0,147940000,250000000,2882115000,131017000,131017000,0.81,0.81,0.39,191805000,-60840000,-141475000,-11416000,124428000,15761000,41.77,44.2,39.34,0.1911,0.1073,16.74,2.51,13.61,16.5,0.4841,0.0937,0.5538,0.0462,2.32,1.1,2.5055
2008-06-30,161805324,161805324,1,4797343000,4062768000,2032804000,1581392000,2697241000,67298000,0,126010000,250000000,2873485000,133073000,133073000,0.81,0.81,0.39,131313000,-37221000,-120371000,-25675000,135844000,22568000,42.75,45.83,39.68,0.1895,0.1067,16.67,2.62,14.16,16.11,0.4846,0.0927,0.5622,0.0463,2.3,0.67,2.5691
2008-03-31,163817639,163817639,1,4755418000,4025733000,2020282000,1569452000,2669674000,65462000,0,114489000,250000000,2739473000,123543000,123543000,0.75,0.75,0.39,145887000,-60765000,-154145000,-70318000,161519000,21762000,42.29,46.28,38.3,0.1884,0.1065,16.3,2.57,14.19,15.72,0.4853,0.0936,0.5614,0.0465,2.29,0.76,2.5651
2007-12-31,165305021,165305021,1,4774069000,4053012000,1991123000,1547976000,2716716000,66230000,0,82453000,250000000,2627269000,126085000,126085000,0.76,0.75,0.36,32751000,16499000,-149720000,-98215000,231837000,-35789000,48.63,50.97,46.3,0.1887,0.1068,16.43,3.01,16.65,15.33,0.4839,0.092,0.5691,0.0467,2.29,0.41,2.6183
2007-09-30,167900289,167900289,1,4835094000,4133375000,2060357000,1368607000,2709963000,64774000,0,70539000,500000000,2797556000,128580000,128580000,0.76,0.76,0.365,255960000,-45002000,-161046000,55492000,330052000,31015000,48.84,51.68,46,0.1892,0.107,16.14,3.08,17.02,14.97,0.4872,0.1845,0.5605,0.0464,2.3,1.34,3.0201
2007-06-30,169929701,169929701,1,4725076000,4040287000,1964394000,1285338000,2697529000,63153000,0,61960000,500000000,2769527000,130121000,130121000,0.76,0.76,0.365,145810000,-36084000,-88900000,20826000,274560000,29083000,50.02,51.65,48.39,0.1851,0.105,15.87,3.27,17.8,14.61,0.4867,0.1854,0.5709,0.0462,2.27,0.69,3.1434
2007-03-31,170377828,170377828,1,4626063000,3962444000,1956065000,1284311000,2608383000,61615000,0,62136000,500000000,2648843000,121553000,121553000,0.71,0.71,0.365,206950000,-23011000,-69830000,114109000,250082000,23683000,48.47,50.75,46.19,0.1806,0.1023,15.31,3.24,17.56,14.24,0.4875,0.1917,0.5638,0.0458,2.24,1.08,3.0853
2006-12-31,170490987,170490987,1,4496984000,3835127000,1886277000,1198768000,2549991000,60716000,0,62254000,500000000,2542944000,119467000,119467000,0.7,0.69,0.34,17291000,-40830000,-54772000,-78311000,135973000,28437000,45.47,48.34,42.6,0.1757,0.0997,14.96,2.78,16.84,13.88,0.4871,0.1961,0.567,0.0455,2.19,-0.07,3.1992
2006-09-30,170402985,170402985,1,4911942000,3918531000,2067360000,1276302000,2785012000,59570000,0,62398000,500000000,2699641000,121333000,121333000,0.71,0.71,0.3375,170195000,-48994000,-95952000,25249000,214394000,34564000,42,43.9,40.09,0.1696,0.0961,16.34,2.61,16.03,13.54,0.4887,0.1795,0.567,0.045,2.13,0.8,3.0702
2006-06-30,171307956,171307956,1,4845953000,3851098000,2031992000,1255923000,2755326000,58635000,0,62504000,500000000,2661805000,120680000,120680000,0.7,0.7,0.3375,185959000,-29987000,-116998000,38974000,189145000,31070000,43.08,46.16,40,0.1678,0.0947,16.08,2.72,16.89,13.2,0.4927,0.1815,0.5686,0.0446,2.12,0.9,3.0663
2006-03-31,172678215,172678215,1,4815406000,3831421000,2025876000,1249838000,2731959000,57571000,0,62611000,500000000,2553552000,113925000,113925000,0.66,0.66,0.3375,60055000,-25788000,-73007000,-38740000,150171000,27521000,43.58,45.74,41.41,0.1666,0.0938,15.82,2.8,17.43,12.86,0.4958,0.183,0.5673,0.0445,2.11,0.19,3.0655
2005-12-31,172916394,172916394,1,4771538000,3806882000,2020534000,1249104000,2693957000,57047000,0,62717000,500000000,2409689000,108993000,108993000,0.62,0.63,0.31,-53310000,-22292000,-76089000,-151691000,188911000,19294000,43.55,45.7,41.4,0.1664,0.0937,15.58,2.85,18.07,12.52,0.4955,0.1856,0.5646,0.0447,2.09,-0.42,3.0477
2005-09-30,173521580,173521580,1,4769293000,3893123000,2062464000,1331416000,2650467000,56362000,0,62478000,500000000,2555503000,110876000,110876000,0.64,0.63,0.3125,176600000,-13829000,-83804000,78967000,339505000,18986000,43.7,46.64,40.75,0.164,0.0925,15.27,2.93,18.68,12.21,0.5075,0.1886,0.5557,0.0441,2.1,0.91,2.924
2005-06-30,174060980,174060980,1,4610791000,3764149000,1956116000,1228353000,2599432000,55243000,0,62615000,500000000,2475657000,110967000,110967000,0.64,0.63,0.3125,201016000,-20089000,-78206000,102721000,260538000,19556000,42.66,44.5,40.81,0.1616,0.0913,14.93,2.9,18.63,11.9,0.519,0.1923,0.5638,0.0437,2.09,1.04,3.0644
2005-03-31,174450331,174450331,1,4530972000,3689502000,1909320000,1180326000,2568600000,53052000,0,57583000,500000000,2342201000,106598000,106598000,0.61,0.61,0.3125,116211000,-13964000,-79370000,22877000,157817000,20768000,43.21,44.77,41.65,0.1605,0.0909,14.72,2.97,19.2,11.59,0.527,0.1947,0.5669,0.0435,2.09,0.55,3.1258
2004-12-31,174717403,174717403,1,4455247000,3633484000,1858476000,1132715000,2544377000,52394000,0,57672000,500000000,2253307000,96314000,96314000,0.55,0.54,0.3,85029000,-21405000,-214982000,-151358000,134940000,18387000,40.41,44.32,36.51,0.1612,0.0913,14.56,2.85,18.37,11.28,0.53,0.1965,0.5711,0.0435,2.1,0.38,3.2078
2004-09-30,174630400,174630400,1,4438016000,3727864000,1907331000,1294072000,2478594000,52091000,0,57761000,500000000,2349283000,97893000,97893000,0.56,0.56,0.3,232532000,-20979000,-54581000,156972000,284704000,20979000,38.02,39.94,36.1,0.1611,0.0909,14.19,2.74,17.68,10.98,0.5383,0.2017,0.5585,0.0432,2.1,1.21,2.8807
2004-06-30,174992788,174992788,1,4262090000,3551642000,1784755000,1171501000,2425821000,51514000,0,57850000,500000000,2297686000,101146000,101146000,0.58,0.58,0.3,156548000,-13514000,-43390000,99644000,127732000,13514000,36.42,40.2,32.65,0.1608,0.0907,13.86,2.69,17.43,10.68,0.5491,0.2061,0.5692,0.0429,2.11,0.82,3.0317
2004-03-31,174441959,174441959,1,4167171000,3446988000,1750012000,1010603000,2366030000,51129000,0,57939000,625000000,2196991000,100199000,100199000,0.57,0.57,0.3,81127000,-12057000,-56375000,12695000,28088000,12057000,33.55,35.06,32.03,0.1596,0.0894,13.56,2.53,17.57,10.38,0.5624,0.2642,0.5678,0.0424,2.11,0.4,3.4108
2003-12-31,174277466,174277466,1,4116497000,3417626000,1756572000,1016931000,2312283000,47642000,0,58028000,625108000,2085260000,86737000,86737000,0.49,0.49,0.29,76202000,-18899000,-72514000,-15211000,15393000,-3328000,31.99,33.2,30.78,0.1495,0.0827,13.27,2.46,16.58,10.08,0.612,0.2703,0.5617,0.0395,2.09,0.46,3.3607
2003-09-30,173968163,173968163,1,4052149000,3325341000,1744238000,969803000,2258783000,49128000,0,58163000,671658000,2189388000,88333000,88333000,0.51,0.51,0.295,180068000,-18325000,-152209000,9534000,31476000,26425000,31.74,33.45,30.03,0.1542,0.0841,12.98,2.49,16.19,9.79,0.6051,0.2974,0.5574,0.0404,2.08,0.88,3.4289
2003-06-30,173935633,173935633,1,4021493000,3289443000,1753367000,981088000,2219567000,48559000,0,58297000,671682000,2152794000,90148000,90148000,0.52,0.52,0.295,103487000,-11529000,-95046000,-3088000,21942000,11529000,32.18,33.66,30.7,0.1599,0.0865,12.76,2.6,16.17,9.49,0.5931,0.3026,0.5519,0.0413,2.1,0.53,3.3529
2003-03-31,173847973,173847973,1,3977558000,3271162000,1778608000,1004434000,2150983000,47967000,0,58932000,674733000,2021858000,68883000,68883000,0.4,0.39,0.295,42428000,-26522000,-10871000,5035000,25030000,25659000,29.66,31.88,27.43,0.1657,0.0891,12.37,2.42,None,9.2,0.5813,0.3137,0.5408,0.0421,2.12,0.1,3.2567
2002-12-31,174025755,174025755,1,4019843000,3335775000,1842426000,1069718000,2130009000,47408000,0,58705000,674796000,1993501000,90399000,90399000,0.51,0.51,0.29,-31846000,-4254000,16190000,-19910000,19995000,8116000,30.74,32,29.48,-0.0133,-0.0071,12.24,2.57,None,8.9,None,0.3168,0.5299,None,2.14,-0.23,3.1184
2002-09-30,174655641,174655641,1,3860559000,3156925000,1722854000,966741000,2090429000,47276000,0,59829000,675266000,2156759000,94027000,94027000,0.54,0.54,0.29,98852000,-30427000,-53374000,15051000,39600000,20523000,30.64,33.63,27.64,-0.0437,-0.0238,11.97,2.59,None,8.61,None,0.323,0.5415,None,2.1,0.45,3.2655
2002-06-30,174729053,174729053,1,3827480000,3133655000,1716788000,959483000,2063786000,46906000,0,59363000,675407000,2130924000,96047000,96047000,0.55,0.55,0.29,85220000,-14540000,-102489000,-31809000,24549000,14540000,35.98,37.8,34.17,-0.045,-0.0249,11.81,3.12,None,8.32,None,0.3273,0.5392,None,2.05,0.4,3.266
2002-03-31,174247229,174247229,1,3755025000,3068036000,1699430000,902984000,2009485000,46110000,0,60052000,735461000,1977743000,-308063000,-308063000,-1.77,-1.76,0.29,120182000,-11442000,-138152000,-29412000,56358000,11442000,36,38.08,33.92,-0.0442,-0.0247,11.53,2.67,21.05,8.03,None,0.366,0.5351,None,2.01,0.62,3.3977
2001-12-31,173820966,173820966,1,4206646000,3146212000,1815746000,919181000,2345123000,45777000,0,442078000,835580000,1947529000,24970000,24970000,0.14,0.13,0.28,-83935000,-265000,61553000,-22647000,85770000,1242000,34.89,37.94,31.85,0.1274,0.0714,13.49,2.55,16,7.74,0.6604,0.3563,0.5575,0.0361,1.97,-0.49,3.4228
2001-09-30,173212546,173212546,1,4103624000,3010867000,1690326000,1004891000,2366993000,46305000,0,451191000,627259000,2099191000,88216000,88216000,0.51,0.51,0.285,236798000,-11871000,-161698000,63229000,108914000,11871000,30.75,34.56,26.93,0.1633,0.091,13.67,2.26,13.98,7.46,0.5186,0.265,0.5768,0.0456,1.99,1.3,2.9962
2001-06-30,172589263,172589263,1,4151238000,3032795000,1762371000,979573000,2343203000,45664000,0,453448000,709939000,2118976000,94688000,94688000,0.55,0.55,0.285,152698000,-26623000,-129576000,-3501000,45685000,11456000,28.39,31.5,25.28,0.1676,0.0924,13.58,2.15,12.9,7.18,0.5091,0.303,0.5645,0.0457,2.02,0.82,3.096
2001-03-31,172009081,172009081,1,4190679000,3081022000,1873196000,972776000,2272409000,45074000,0,444955000,822606000,2054972000,89273000,89273000,0.52,0.52,0.285,27591000,-14282000,8139000,21448000,49186000,12114000,26.18,28.45,23.91,0.1709,0.0936,13.21,1.99,11.9,6.89,0.5038,0.362,0.5423,0.0459,2.04,0.09,3.1672
2000-12-31,171987550,171987550,1,4142114000,3019481000,1836708000,988313000,2260806000,44600000,0,451435000,770581000,1996411000,105272000,105272000,0.6,0.6,0.28,-28691000,-11239000,26829000,-13101000,27738000,8481000,22.54,26.44,18.63,0.1732,0.095,13.15,1.76,10.25,6.61,0.4996,0.3408,0.5458,0.046,2.06,-0.22,3.0552
2000-09-30,173076735,173076735,1,4004112000,2938719000,1743538000,979634000,2216292000,44282000,0,430277000,676438000,2159940000,91729000,91729000,0.53,0.53,0.275,137411000,-23968000,-125739000,-12296000,40928000,17655000,20.22,22.19,18.25,0.1762,0.097,12.81,1.6,9.28,6.33,0.49,0.3052,0.5535,0.0465,2.08,0.69,2.9998
2000-06-30,174954362,174954362,1,4021633000,2952050000,1764212000,976933000,2213170000,44251000,0,432200000,699813000,2135502000,96593000,96593000,0.55,0.55,0.275,110651000,-22162000,-115724000,-27235000,53224000,14491000,23.34,26.69,20,0.1773,0.0975,12.65,1.87,10.86,6.05,0.4878,0.3162,0.5503,0.0468,2.08,0.55,3.0218
2000-03-31,176857299,176857299,1,4063995000,2987302000,1810505000,989579000,2209132000,44358000,0,436957000,723995000,2078004000,91729000,91729000,0.52,0.52,0.275,95054000,-49381000,-10949000,34724000,80459000,19897000,22.75,25.56,19.94,0.1772,0.0974,12.49,1.85,10.78,5.78,0.4889,0.3277,0.5436,0.047,2.07,0.42,3.0188
1999-12-31,176801292,176801292,1,3929672000,2895203000,1705895000,916012000,2177517000,46260000,0,440299000,702417000,1975207000,108350000,108350000,0.6,0.6,0.26,57122000,12877000,-100695000,-30696000,45735000,19019000,24.88,27.5,22.25,0.1772,0.0971,12.32,2.07,11.96,5.5,0.4907,0.3226,0.5541,0.0473,2.05,0.22,3.1607
1999-09-30,177809538,177809538,1,3877883000,2857422000,1691097000,921516000,2137335000,49451000,0,412868000,674625000,2082229000,90637000,90637000,0.51,0.51,0.26,122598000,-33147000,-126188000,-36737000,76495000,20685000,30.5,35.75,25.25,0.1777,0.098,12.02,2.57,14.88,5.24,0.4938,0.3156,0.5512,0.0484,2.03,0.57,3.1008
1999-06-30,179036113,179036113,1,3874204000,2857796000,1700371000,939311000,2129236000,44597000,0,402430000,666104000,2022894000,92569000,92569000,0.52,0.52,0.26,115898000,-36138000,-115325000,-35565000,113232000,17949000,31.66,35.25,28.06,0.1783,0.1015,11.89,2.73,15.75,4.98,0.4964,0.3128,0.5496,0.0499,2.03,0.55,3.0424
1999-03-31,179062976,179062976,1,3867903000,2858710000,1741495000,974469000,2078831000,47577000,0,398748000,672070000,1901357000,86066000,86066000,0.48,0.48,0.26,70629000,-106045000,99241000,63825000,148797000,20376000,30.81,33.81,27.81,0.1795,0.107,11.61,2.69,15.56,4.72,0.5004,0.3233,0.5375,0.0518,2.07,0.28,2.9336
1998-12-31,179536256,179536256,1,3600380000,2683357000,1502005000,818409000,2053332000,45043000,0,344733000,588640000,1701409000,103773000,103773000,0.57,0.57,0.25,63100000,-212934000,141743000,-8091000,84972000,-43215000,31.09,33.94,28.25,0.1806,0.1138,11.44,2.78,15.94,4.46,0.5039,0.2867,0.5703,0.0538,2.12,0.59,3.2787
1998-09-30,179891549,179891549,1,3183009000,2349014000,1122240000,772390000,2008911000,51858000,0,220270000,260801000,1760102000,86139000,86139000,0.48,0.48,0.25,85064000,-77187000,20396000,28273000,93113000,23830000,32.69,35.5,29.88,0.1824,0.1202,11.17,3.04,16.85,4.21,0.506,0.1298,0.6311,0.0548,2.19,0.34,3.0412
1998-06-30,178688612,178688612,1,2873032000,2208397000,899287000,600810000,1923371000,50374000,0,0,209428000,1619383000,85884000,85884000,0.48,0.48,0.25,61127000,-26760000,-68337000,-33970000,64840000,20089000,35.38,38,32.75,0.1863,0.1252,10.76,3.34,18.33,3.96,0.5036,0.1089,0.6695,0.0562,2.23,0.23,3.6757
1998-03-31,178980690,178980690,1,2852014000,2190440000,910642000,612153000,1892906000,48466000,0,0,209440000,1533138000,79998000,79998000,0.45,0.45,0.25,74994000,-8681000,-40326000,25987000,98810000,20035000,35.34,38.25,32.44,0.1882,0.1273,10.58,3.4,18.5,3.71,0.5025,0.1106,0.6637,0.0569,2.24,0.31,3.5783
1997-12-31,178803145,178803145,1,2754363000,2093551000,855477000,556938000,1859468000,39418000,0,0,209490000,1481367000,98349000,98349000,0.54,None,0.24,39137000,-34188000,13887000,18836000,72823000,5394000,31.97,33.94,30,0.1898,0.1291,10.4,3.18,16.98,3.46,0.503,0.1127,0.6751,0.057,2.26,0.19,3.759
1997-09-30,178693967,178693967,1,2640788000,2032109000,806158000,570828000,1794343000,40287000,0,0,159942000,1555776000,83712000,83712000,0.47,None,0.24,110955000,-25976000,-106073000,-21094000,53987000,26324000,32.94,35.88,30,0.1906,0.1302,10.04,3.29,17.65,3.22,0.5033,0.0891,0.6795,0.057,2.28,0.47,3.5599
1997-06-30,180089519,180089519,1,2616468000,2018897000,776746000,591082000,1801186000,38536000,0,0,110276000,1510456000,83741000,83741000,0.47,None,0.24,68400000,-24728000,-44594000,-922000,75081000,24098000,32.63,35.44,29.83,0.1921,0.1315,10,3.33,17.7,2.98,0.499,0.0612,0.6884,0.0574,2.29,0.25,3.4156
1997-03-31,180016317,180016317,1,2597831000,2010970000,798505000,612830000,1762050000,37276000,0,0,110287000,1457646000,76595000,76595000,0.43,None,0.24,32117000,-17868000,-5619000,8630000,76003000,23029000,30.42,32.17,28.67,0.1935,0.1332,9.79,3.16,16.71,2.74,0.4955,0.0626,0.6783,0.0576,2.31,0.05,3.2814
1996-12-31,119879085,179818627,1.5,2521631000,1937642000,754008000,568379000,1732054000,35569000,0,0,110241000,1400843000,93837000,93837000,0.77,None,0.34,67730000,-36884000,-37692000,-6846000,67373000,12955000,30.3,31.67,28.92,0.1944,0.1353,9.63,3.23,16.96,2.5,0.4923,0.0636,0.6869,0.0577,2.34,0.3,3.4091
1996-09-30,120395546,180593319,1.5,2473619000,1925377000,744576000,625680000,1695027000,34016000,0,0,60206000,1474836000,81552000,81552000,0.68,None,0.335,46991000,-34171000,877000,13697000,74219000,36345000,29.3,30.92,27.67,0.1934,0.1364,9.39,3.15,16.71,2.27,0.4916,0.0355,0.6852,0.0576,2.37,0.06,3.0773
1996-06-30,121207364,181811046,1.5,2399910000,1870273000,680045000,560814000,1689352000,30513000,0,0,60540000,1444873000,80813000,80813000,0.67,None,0.335,96228000,-27493000,-81892000,-13157000,60522000,20923000,29.84,31.25,28.42,0.1922,0.1388,9.29,3.25,17.42,2.05,0.4935,0.0358,0.7039,0.058,2.39,0.41,3.3349
1996-03-31,121759614,182639421,1.5,2364674000,1846326000,660782000,541542000,1674615000,29277000,0,0,60550000,1399922000,73874000,73874000,0.61,None,0.335,117066000,-15531000,-72110000,29425000,73679000,20550000,28.84,31,26.67,0.1913,0.1403,9.17,3.19,17.17,1.83,0.4966,0.0362,0.7082,0.0584,2.4,0.53,3.4094
1995-12-31,121869968,182804952,1.5,2274132000,1763961000,594821000,475524000,1650882000,28429000,0,0,60607000,1309481000,88249000,88249000,0.72,None,0.31,57885000,-20637000,-22917000,14331000,44254000,15492000,26.96,28,25.92,0.1918,0.1428,9.03,3.03,16.44,1.6,0.4975,0.0367,0.7259,0.0588,2.43,0.23,3.7095
1995-09-30,122834816,184252224,1.5,2181626000,1696075000,512146000,456731000,1641914000,27566000,0,0,10875000,1362481000,76952000,76952000,0.63,None,0.315,82910000,-26673000,-59019000,-2782000,29923000,27185000,25.71,27.25,24.17,0.1914,0.1439,8.91,2.97,15.94,1.4,0.5009,0.0066,0.7526,0.0586,2.45,0.3,3.7135
1995-06-30,122770435,184155652,1.5,2129501000,1659623000,506202000,450478000,1596787000,26512000,0,0,11184000,1308712000,74931000,74931000,0.61,None,0.315,1621000,-31174000,22171000,-7382000,32705000,19530000,25.96,26.92,25,0.193,0.1459,8.67,3.06,16.36,1.19,0.4968,0.007,0.7498,0.0589,2.48,-0.1,3.6841
1995-03-31,122732826,184099239,1.5,2071945000,1623003000,486788000,431055000,1559426000,25731000,0,0,11193000,1281230000,69036000,69036000,0.56,None,0.315,16271000,-25648000,-32946000,-42323000,40087000,23726000,25.17,26.67,23.67,0.1931,None,8.47,3.03,16.2,0.98,0.4936,0.0072,0.7526,0.0592,2.48,-0.04,3.7652
1994-12-31,122635533,183953299,1.5,2029471000,1595781000,478379000,422408000,1526165000,24927000,0,0,11431000,1208122000,81722000,81722000,0.66,None,0.29,30641000,2491000,-61674000,-28542000,82410000,17879000,23.63,24.67,22.59,0.1918,None,8.3,2.9,None,0.77,0.4942,0.0075,0.752,0.0594,2.46,0.07,3.7778
1994-09-30,123321551,184982326,1.5,1954714000,1570022000,424153000,390889000,1506360000,24201000,0,0,12899000,1268417000,72924000,72924000,0.59,None,0.2875,79679000,-8851000,-77846000,-7018000,110952000,16182000,23.84,24.92,22.75,None,None,8.14,2.95,None,0.57,None,0.0086,0.7706,None,None,0.34,4.0165
1994-06-30,124503897,186755845,1.5,1962759000,1586927000,428152000,377024000,1511007000,23600000,0,0,13148000,1219801000,71011000,71011000,0.57,None,0.2875,27586000,-24091000,-35642000,-32147000,117970000,16405000,23.51,24.59,22.42,None,None,8.09,2.98,None,0.38,None,0.0087,0.7698,None,None,0.06,4.2091
1994-03-31,124496011,186744016,1.5,1947603000,1580320000,449401000,398273000,1475628000,22574000,0,0,13148000,1162075000,62891000,62891000,0.51,None,0.2875,61048000,-3138000,-31024000,26886000,150117000,12651000,24.38,26.25,22.5,None,None,7.9,3.15,None,0.19,None,0.0089,0.7577,None,None,0.26,3.9679
1993-12-31,124464667,186697000,1.5,1870756000,1506194000,403717000,353472000,1445263000,21776000,0,0,12265000,None,None,None,None,None,0,None,None,None,None,123231000,0,24.63,26,23.25,None,None,7.74,None,None,0,None,0.0085,0.7726,None,None,None,4.2611
