"Quarter end","Shares","Shares split adjusted","Split factor","Assets","Current Assets","Liabilities","Current Liabilities","Shareholders equity","Non-controlling interest","Preferred equity","Goodwill & intangibles","Long-term debt","Revenue","Earnings","Earnings available for common stockholders","EPS basic","EPS diluted","Dividend per share","Cash from operating activities","Cash from investing activities","Cash from financing activities","Cash change during period","Cash at end of period","Capital expenditures","Price","Price high","Price low","ROE","ROA","Book value of equity per share","P/B ratio","P/E ratio","Cumulative dividends per share","Dividend payout ratio","Long-term debt to equity ratio","Equity to assets ratio","Net margin","Asset turnover","Free cash flow per share","Current ratio"
2019-06-30,67547497,67547497,1,3180198000,None,1330640000,None,1849558000,0,0,943268000,347767000,968141000,42650000,42650000,0.63,0.62,0.035,79901000,-29255000,-74595000,-23912000,100242000,23338000,57.23,62.67,51.8,0.1136,0.0684,27.38,2.14,19.94,1.01,0.0464,0.188,0.5816,0.052,1.31,0.84,None
2019-03-31,67677449,67677449,1,3237966000,None,1424458000,None,1813508000,0,0,951117000,408286000,1012103000,56078000,56078000,0.83,0.82,0.035,164738000,-26022000,-29922000,108876000,124154000,23296000,48.63,56.04,41.21,0.113,0.0703,26.8,1.86,17.49,0.97,0.0459,0.2251,0.5601,0.0515,1.37,2.09,None
2018-12-31,67202919,67202919,1,2826692000,None,1065984000,None,1760708000,0,0,786170000,340974000,993184000,61743000,61743000,0.9,0.89,0.04,-6497000,-70788000,57732000,-19708000,15278000,22215000,47,54.71,39.28,0.1117,0.0722,26.2,1.83,10.83,0.94,0.0455,0.1937,0.6229,0.0512,1.41,-0.43,None
2018-09-30,68594784,68594784,1,2698898000,None,935392000,None,1763506000,0,0,934311000,297340000,953071000,43720000,43720000,0.64,0.62,0.03,96215000,-148845000,-6781000,-59337000,34986000,19003000,48.86,56,41.73,0.1785,0.1163,25.71,1.94,12,0.9,0.0267,0.1686,0.6534,0.0839,1.39,1.13,None
2018-06-30,69175813,69175813,1,2618950000,None,874137000,None,1744813000,0,0,851205000,272941000,927859000,38501000,38501000,0.55,0.54,0.03,70204000,-25550000,-139674000,-95087000,94323000,13913000,43.87,48.97,38.77,0.1727,0.1105,25.22,1.76,10.86,0.87,0.028,0.1564,0.6662,0.0814,1.36,0.81,None
2018-03-31,70344843,70344843,1,2719009000,None,962817000,None,1756192000,0,0,857046000,358519000,954809000,52246000,52246000,0.75,0.73,0.03,196576000,-17950000,-40245000,138373000,189410000,14523000,42.98,49.77,36.2,0.1766,0.1105,24.97,1.74,10.61,0.84,0.0278,0.2041,0.6459,0.0834,1.32,2.59,None
2017-12-31,70077559,70077559,1,2692264000,None,964260000,None,1728004000,0,0,675948000,271606000,884627000,177560000,177560000,2.51,2.45,0.03,-21138000,-19553000,-34498000,-75216000,51037000,13312000,39.67,45.06,34.29,0.1844,0.1119,24.66,1.78,20.88,0.81,0.0271,0.1572,0.6418,0.0865,1.29,-0.49,None
2017-09-30,70762637,70762637,1,2595004000,None,1021048000,None,1573956000,0,0,863196000,273998000,838883000,25341000,25341000,0.36,0.35,0.0275,64665000,-160140000,-38652000,-134082000,126253000,12390000,42.68,48.22,37.14,0.0896,0.0526,22.24,1.96,21.89,0.78,0.0584,0.1741,0.6065,0.0415,1.27,0.74,None
2017-06-30,70726804,70726804,1,2548130000,None,1006057000,None,1542073000,0,0,762965000,401113000,815644000,36335000,36335000,0.51,0.51,0.0275,11429000,-14962000,-84660000,-88155000,260335000,11134000,34.69,40.33,29.05,0.0941,0.0544,21.8,1.63,17.61,0.75,0.0556,0.2601,0.6052,0.0436,1.25,0,None
2017-03-31,70660116,70660116,1,2624484000,None,1124291000,None,1500193000,0,0,767321000,484716000,844554000,53300000,53300000,0.75,0.74,0.0275,104179000,-10682000,-53587000,39929000,348490000,8432000,29.5,32.88,26.12,0.0969,0.0553,21.23,1.42,15.45,0.72,0.0538,0.3231,0.5716,0.0447,1.24,1.36,None
2016-12-31,71509646,71509646,1,2615736000,None,1134138000,None,1481598000,0,0,774395000,351314000,794954000,21631000,21631000,0.31,0.3,0.03,4984000,-16090000,54000,-11052000,308561000,11623000,28.3,34.22,22.37,0.0958,0.0543,20.72,1.39,14.89,0.7,0.0543,0.2371,0.5664,0.0434,1.25,-0.09,None
2016-09-30,71417558,71417558,1,2551390000,None,1094294000,None,1457096000,0,0,783829000,496170000,768982000,29464000,29464000,0.41,0.4,0.025,136121000,-24865000,-34009000,77247000,319486000,13939000,23.7,25.9,21.5,0.0978,0.0541,20.4,1.18,12.95,0.67,0.0493,0.3405,0.5711,0.0431,1.26,1.71,None
2016-06-30,72772614,72772614,1,2541447000,None,1081799000,None,1459648000,0,0,785943000,493507000,789353000,38501000,38501000,0.53,0.53,0.025,129798000,19983000,-26447000,123334000,242239000,13492000,24.12,27.72,20.51,0.096,0.0532,20.06,1.24,12.97,0.64,0.0504,0.3381,0.5743,0.0415,1.28,1.6,None
2016-03-31,72750329,72750329,1,2548767000,None,1130845000,None,1417922000,0,0,792922000,518041000,854427000,49687000,49687000,0.68,0.68,0.025,194541000,891000,-91469000,103963000,118905000,-994000,22.74,25.25,20.24,0.1,0.055,19.49,1.21,12.23,0.62,0.0485,0.3654,0.5563,0.0424,1.3,2.69,None
2015-12-31,72607843,72607843,1,2658875000,None,1292257000,None,1366618000,0,0,815387000,610450000,821199000,21726000,21726000,0.3,0.29,0.02,-46549000,-74508000,69087000,-51970000,14942000,21565000,31.06,40.8,21.32,0.1024,0.0557,18.82,1.68,16.61,0.59,0.0476,0.4467,0.514,0.0427,1.3,-0.94,None
2015-09-30,72592731,72592731,1,2335674000,None,992312000,None,1343362000,0,0,815308000,494161000,767694000,24194000,24194000,0.33,0.33,0.023,-6037000,-14296000,-3899000,-24232000,66912000,12375000,36.21,40.06,32.36,0.1055,0.057,18.51,2,21.68,0.57,0.0475,0.3679,0.5751,0.0436,1.31,-0.25,None
2015-06-30,72578301,72578301,1,2354707000,None,1037618000,None,1317089000,0,0,818140000,494858000,769049000,40546000,40546000,0.56,0.56,0.023,-5622000,-7692000,-25379000,-38693000,91144000,10371000,32.19,36.98,27.4,0.0966,0.051,18.15,1.83,26.17,0.55,0.0521,0.3757,0.5593,0.0396,1.29,-0.22,None
2015-03-31,72574200,72574200,1,2404660000,None,1129863000,None,1274797000,0,0,820315000,520668000,821814000,49243000,49243000,0.68,0.68,0.023,224969000,-12354000,-86327000,126288000,129837000,8731000,30.61,33.71,27.51,0.0729,0.0375,17.57,1.81,28.34,0.53,0.0691,0.4084,0.5301,0.0301,1.24,2.98,None
2014-12-31,72530152,72530152,1,2456844000,None,1233323000,None,1223521000,0,0,828141000,606082000,759742000,22094000,22094000,0.3,0.3,0.02,-38063000,-11661000,42872000,-6852000,3549000,7669000,27.29,31.33,23.25,0.0653,0.0349,16.87,1.65,25.5,0.5,0.0768,0.4954,0.498,0.0287,1.21,-0.63,None
2014-09-30,72474186,72474186,1,2287928000,None,1086682000,None,1201246000,0,0,829558000,557237000,707564000,9295000,9295000,0.13,0.13,0.021,15897000,34767000,-57834000,-7170000,10401000,12101000,30.5,36.74,24.25,0.0669,0.0378,16.57,1.86,25,0.48,0.0761,0.4639,0.525,0.0314,1.2,0.05,None
2014-06-30,72311450,72311450,1,2369487000,None,1180699000,None,1188788000,0,0,842262000,612663000,672510000,8505000,8505000,0.12,0.12,0.021,-82479000,-662726000,472096000,-273109000,17571000,7705000,31.88,35.82,27.95,0.0764,0.0455,16.44,1.95,22.14,0.46,0.0637,0.5154,0.5017,0.0387,1.18,-1.25,None
2014-03-31,72231527,72231527,1,1861230000,None,682215000,None,1179015000,0,0,241242000,142053000,585423000,38339000,38339000,0.53,0.53,0.021,55683000,4096000,-190000,59589000,290680000,14058000,29.41,32.64,26.18,0.0905,0.0577,16.32,1.86,18.61,0.44,0.0513,0.1205,0.6335,0.0485,1.19,0.58,None
2013-12-31,71977000,71977000,1,1827176000,None,687213000,None,1139963000,0,0,242716000,142704000,547968000,22674000,22674000,0.3,0.29,0.02,63960000,-19618000,-122495000,-78153000,231091000,13714000,28.25,30.3,26.2,0.1009,0.0645,15.84,1.74,15.96,0.42,0.0441,0.1252,0.6239,0.054,1.19,0.7,None
2013-09-30,76270648,76270648,1,1917481000,None,677075000,None,1240406000,0,0,243301000,141101000,539458000,21138000,21138000,0.28,0.28,0.017,128168000,-30175000,586000,98579000,309244000,11885000,28.24,30.06,26.43,0.1126,0.0721,16.26,1.76,15.1,0.4,0.0401,0.1138,0.6469,0.0597,1.21,1.52,None
2013-06-30,75985522,75985522,1,1875212000,None,659684000,None,1215528000,0,0,239376000,141348000,552064000,25854000,25854000,0.34,0.34,0.017,14025000,-13869000,552000,708000,210665000,11121000,28.23,29.53,26.92,0.123,0.0778,16,1.8,14.12,0.38,0.0367,0.1163,0.6482,0.0635,1.23,0.04,None
2013-03-31,75806427,75806427,1,1861826000,None,672946000,None,1188880000,0,0,239934000,141507000,595141000,51000000,51000000,0.67,0.67,0.017,102284000,-23292000,1431000,80423000,209957000,14584000,28.85,30.9,26.8,0.1359,0.0847,15.68,1.92,12.82,0.37,0.0332,0.119,0.6386,0.0685,1.24,1.16,None
2012-12-31,75767000,75767000,1,1812929000,None,676803000,None,1136126000,0,0,240221000,141528000,566687000,36632000,36632000,0.48,0.48,0.02,-26886000,-5260000,6036000,-26110000,129534000,16529000,28.57,32.53,24.61,0.1587,0.0965,14.99,1.98,13.35,0.35,0.0285,0.1246,0.6267,0.0779,1.24,-0.57,None
2012-09-30,75603547,75603547,1,1769476000,None,677043000,None,1092433000,0,0,239347000,141614000,529510000,28941000,28941000,0.38,0.38,0.015,39908000,37684000,-31560000,46032000,155644000,15959000,29.33,31.29,27.37,0.1589,0.0942,14.45,2.06,13.83,0.33,0.025,0.1296,0.6174,0.0766,1.23,0.32,None
2012-06-30,75803424,75803424,1,1771067000,None,691211000,None,1079856000,0,0,237540000,153705000,539515000,36244000,36244000,0.48,0.47,0.015,-47928000,-68035000,-8560000,-124523000,109612000,11712000,26.58,28.59,24.57,0.1641,0.095,14.25,1.92,14.93,0.31,0.0242,0.1423,0.6097,0.0778,1.22,-0.79,None
2012-03-31,76045340,76045340,1,1816405000,None,763312000,None,1053093000,0,0,228291000,153561000,586876000,71226000,71226000,0.94,0.92,0.015,94660000,-40354000,3572000,57878000,234135000,14083000,28.19,31.78,24.59,0.1417,0.083,13.85,2.2,19.99,0.3,0.0278,0.1458,0.5798,0.0677,1.23,1.06,None
2011-12-31,76031340,76031340,1,1735149000,None,758595000,None,976554000,0,0,225408000,153789000,523489000,30534000,30534000,0.41,0.37,0.01,11621000,-56455000,2148000,-42686000,176257000,18491000,26.17,29.1,23.24,0.1157,0.0699,12.84,2.11,18.69,0.28,0.0334,0.1575,0.5628,0.0562,1.24,-0.09,None
2011-09-30,75522971,75522971,1,1667045000,None,687174000,None,938371000,41500000,0,221882000,153794000,485195000,28045000,28045000,0.36,0.36,0.013,94443000,-74858000,22979000,42564000,218943000,16922000,25.76,29.34,22.17,0.1159,0.0727,12.42,2.02,18.94,0.27,0.0337,0.1639,0.5629,0.0574,1.27,1.03,None
2011-06-30,78657646,78657646,1,1555593000,None,512960000,None,1001133000,41500000,0,201889000,41131000,482700000,10799000,10799000,0.14,0.13,0.013,56766000,-47617000,-28987000,-19838000,176379000,18295000,27.04,29.29,24.79,0.1131,0.0747,12.73,2.13,17.67,0.26,0.0342,0.0411,0.6436,0.0575,1.3,0.49,None
2011-03-31,80010195,80010195,1,1548758000,None,531265000,None,1017493000,0,0,202822000,41463000,532665000,44389000,44389000,0.55,0.55,0.013,144365000,-12144000,-8026000,124195000,196217000,13022000,22.34,25.52,19.16,0.1286,0.0868,12.72,1.83,15.62,0.25,0.0301,0.0408,0.657,0.0657,1.32,1.64,None
2010-12-31,80132070,80132070,1,1502072000,None,522655000,None,979417000,0,0,206211000,41790000,484429000,30787000,30787000,0.39,0.36,0.01,-53000,-8141000,-19851000,-28045000,72022000,9568000,20.2,20.67,19.73,0.1239,0.0843,12.22,1.69,14.82,0.24,0.0315,0.0427,0.652,0.0631,1.34,-0.12,None
2010-09-30,81062750,81062750,1,1403145000,None,435206000,None,967939000,0,0,206938000,42112000,452150000,26179000,26179000,0.32,0.32,0.012,56233000,-19727000,-21776000,14730000,100067000,19939000,None,None,None,0.1209,0.0828,11.94,None,None,0.23,0.0308,0.0435,0.6898,0.0613,1.35,0.45,None
2010-06-30,81003810,81003810,1,1341001000,None,392689000,None,948312000,0,0,205598000,54428000,444999000,24435000,24435000,0.3,0.3,0.012,-3746000,-21602000,-1982000,-27330000,85337000,15397000,None,None,None,0.1227,0.0839,11.71,None,None,0.21,0.028,0.0574,0.7072,0.0617,1.36,-0.24,None
2010-03-31,81484706,81484706,1,1373729000,None,448801000,None,924928000,0,0,202228000,56560000,495269000,36975000,36975000,0.45,0.45,0.012,-3173000,5367000,788000,2982000,112667000,-10667000,None,None,None,0.1304,0.0878,11.35,None,None,0.2,0.024,0.0612,0.6733,0.0645,1.36,0.09,None
2009-12-31,54241319,81361978,1.5,1321456000,None,434196000,None,887260000,0,0,199576000,55044000,446268000,25064000,25064000,0.46,0.44,0.01,38317000,-15926000,-791000,21600000,109685000,22592000,18.04,19.68,16.4,0.133,0.0888,10.91,1.7,13.6,0.19,0.0212,0.062,0.6714,0.0642,1.38,0.19,None
2009-09-30,54235417,81353125,1.5,1261023000,None,399363000,None,861660000,0,0,200725000,55338000,415259000,24636000,24636000,0.45,0.45,0.01133,55283000,-23203000,-27274000,4806000,88085000,19144000,18.95,21.35,16.55,0.1333,0.0872,10.59,1.84,14.88,0.18,0.0219,0.0642,0.6833,0.0653,1.33,0.44,None
2009-06-30,54243775,81365662,1.5,1257455000,None,421095000,None,836360000,0,0,198282000,81113000,417310000,27750000,27750000,0.51,0.51,0.01133,65581000,2313000,9448000,77342000,83279000,-10421000,20.32,23.47,17.17,0.1339,0.0859,10.28,2.06,16.66,0.18,0.0222,0.097,0.6651,0.0642,1.34,0.93,None
2009-03-31,54172098,81258147,1.5,1232144000,None,431757000,None,800387000,0,0,194368000,78845000,473950000,35151000,35151000,0.66,0.65,0.01133,34236000,-1951000,-33724000,-1439000,5937000,14292000,16.29,18.67,13.91,0.1334,0.0834,9.85,1.72,14.9,0.17,0.0228,0.0985,0.6496,0.0617,1.35,0.25,None
2008-12-31,53657585,80486377,1.5,1233270000,None,471726000,None,761544000,0,0,193461000,114817000,356067000,21079000,21079000,0.39,0.38,0.01,22228000,15515000,-36487000,1256000,7376000,21835000,14.67,19.26,10.07,0.1241,0.076,9.46,1.59,14.48,0.16,0.0249,0.1508,0.6175,0.0566,1.34,0,None
2008-09-30,53514873,80272309,1.5,1169583000,None,429752000,None,739831000,0,0,166385000,153440000,388019000,21078000,21078000,0.4,0.37,0.01067,34989000,23662000,-58062000,589000,6579000,-17090000,17.17,20.15,14.2,0.12,0.0732,9.22,1.92,17.89,0.15,0.0265,0.2074,0.6326,0.0521,1.41,0.65,None
2008-06-30,53312764,79969146,1.5,1190983000,None,476013000,None,714970000,0,0,168149000,214187000,411191000,23279000,23279000,0.44,0.43,0.01067,-13258000,-20203000,32359000,-1102000,5990000,5161000,15.61,17.51,13.71,0.1155,0.0701,8.94,1.8,17.09,0.15,0.0279,0.2996,0.6003,0.0498,1.41,-0.23,None
2008-03-31,53255584,79883376,1.5,1151002000,None,459845000,None,691157000,0,0,155829000,181959000,437331000,24753000,24753000,0.46,0.46,0.01067,31780000,-18396000,-11541000,1843000,7092000,10472000,12.12,15.38,8.85,0.1128,0.0695,8.65,1.45,12.63,0.14,0.0289,0.2633,0.6005,0.0491,1.41,0.27,None
2007-12-31,53611259,80416888,1.5,1113176000,None,439796000,None,673380000,0,0,148096000,185832000,388611000,15492000,15492000,0.29,0.26,0.01,13128000,-37906000,20304000,-4474000,5249000,30007000,13.69,15.23,12.15,0.122,0.0759,8.37,1.66,13.6,0.13,0.0269,0.276,0.6049,0.0537,1.41,-0.21,None
2007-09-30,54248651,81372976,1.5,1077507000,None,406856000,None,670651000,0,0,140233000,152491000,359381000,15919000,15919000,0.29,0.29,0.01,41880000,-71891000,29134000,-877000,9723000,44551000,16.62,19.8,13.44,0.1307,0.0818,8.24,2.06,16.19,0.13,0.0259,0.2274,0.6224,0.058,1.41,-0.03,None
2007-06-30,54216623,81324934,1.5,1023931000,None,369457000,None,654474000,0,0,121563000,123148000,358985000,19657000,19657000,0.36,0.36,0.01,30278000,-34208000,5110000,1180000,10600000,21826000,18.81,20.48,17.15,0.1375,0.0861,8.05,2.41,17.97,0.12,0.025,0.1882,0.6392,0.0607,1.42,0.1,None
2007-03-31,54183894,81275841,1.5,1017257000,None,383203000,None,634054000,0,0,116225000,118202000,387934000,29207000,29207000,0.54,0.53,0.01,23879000,-11645000,-11621000,613000,9420000,8794000,18.83,20.37,17.29,0.1441,0.0898,7.8,2.52,19.35,0.11,0.0242,0.1864,0.6233,0.0631,1.42,0.19,None
2006-12-31,54164119,81246178,1.5,979606000,None,372591000,None,607015000,0,0,115436000,129974000,339869000,19041000,19041000,0.35,0.33,0.01,-23318000,-38164000,15608000,-45874000,8807000,33122000,17.03,19.53,14.53,0.1415,0.0848,7.47,2.36,18.12,0.11,0.0257,0.2141,0.6197,0.0593,1.43,-0.69,None
2006-09-30,54041514,81062271,1.5,940489000,None,354408000,None,586081000,0,0,111364000,115482000,317709000,17383000,17383000,0.32,0.32,0.00933,65336000,-23967000,-10981000,30388000,54681000,12859000,16.58,18.38,14.78,0.1448,0.0827,7.23,2.37,19.74,0.1,0.0267,0.197,0.6232,0.0578,1.43,0.65,None
2006-06-30,53970417,80955625,1.5,907250000,None,339716000,None,567534000,0,0,105867000,126587000,321727000,20650000,20650000,0.4,0.39,0.00933,16550000,-7757000,9321000,18114000,24293000,10763000,18.27,19.99,16.55,0.1394,0.0765,7.01,3,23.03,0.09,0.0296,0.223,0.6256,0.0528,1.45,0.07,None
2006-03-31,50502305,75753457,1.5,882630000,None,420371000,None,462259000,0,0,103027000,200611000,347287000,21561000,21561000,0.43,0.42,0.00933,16393000,-10705000,-6482000,-794000,6179000,7457000,16.3,18.72,13.88,0.1417,0.0747,6.1,2.82,21.64,0.09,0.0306,0.434,0.5237,0.0512,1.46,0.12,None
2005-12-31,50045815,75068722,1.5,858515000,None,424044000,None,434471000,0,0,101085000,211873000,296152000,14608000,14608000,0.29,0.28,0.01,-18122000,-18510000,36852000,220000,6973000,7270000,13.96,15.33,12.6,0.14,0.0749,5.79,2.49,18.86,0.08,0.0316,0.4877,0.5061,0.0515,1.45,-0.34,None
2005-09-30,49943374,74915061,1.5,786330000,None,366923000,None,419407000,0,0,97241000,175042000,278667000,8843000,8843000,0.18,0.17,0.00933,2124000,-27964000,27785000,1945000,6753000,20938000,15.11,17.15,13.08,0.1431,0.0778,5.6,2.76,19.71,0.07,0.032,0.4174,0.5334,0.0533,1.46,-0.25,None
2005-06-30,49831072,74746608,1.5,747211000,None,337555000,None,409656000,0,0,93917000,147637000,271338000,16120000,16120000,0.32,0.32,0.00867,-40811000,-21309000,62455000,335000,4808000,9703000,14.22,16.86,11.59,0.1532,0.0845,5.48,2.7,18.77,0.07,0.0304,0.3604,0.5482,0.0576,1.47,-0.68,None
2005-03-31,49780701,74671051,1.5,704337000,None,311034000,None,393303000,0,0,80647000,84901000,279348000,18422000,18422000,0.37,0.36,0.00867,50322000,-19398000,-32316000,-1392000,4473000,9538000,14.79,16.77,12.8,0.1574,0.0878,5.27,2.94,21.54,0.06,0.0284,0.2159,0.5584,0.0592,1.48,0.55,None
2004-12-31,49768051,74652076,1.5,700288000,None,325110000,None,375178000,0,0,74874000,116655000,242053000,13767000,13767000,0.29,0.26,0.01,22595000,-25844000,4372000,1123000,5865000,11575000,15.46,16.82,14.1,0.1477,0.0831,5.03,3.19,23.74,0.06,0.0233,0.3109,0.5357,0.0556,1.5,0.15,None
2004-09-30,49734330,74601495,1.5,639907000,None,278949000,None,360958000,0,0,68606000,108797000,231648000,10647000,10647000,0.21,0.21,0.00867,1230000,-21964000,20789000,55000,150000,9126000,13.7,15.07,12.33,0.1434,0.0823,4.84,2.91,21.86,0.05,0.0215,0.3014,0.5641,0.0537,1.53,-0.11,None
2004-06-30,33140995,74567238,2.25,606882000,None,256316000,None,350566000,0,0,62714000,90957000,230286000,15385000,15385000,0.46,0.46,0.00889,-2140000,-12634000,14774000,0,95000,6592000,12.75,14.74,10.75,0.1429,0.0831,4.7,2.81,23.58,0.04,0.0133,0.2595,0.5777,0.0541,1.53,-0.12,None
2004-03-31,33089709,74451845,2.25,584186000,None,245846000,None,338340000,0,0,57959000,76442000,242493000,12817000,12817000,0.39,0.38,0,13053000,-9862000,-3191000,0,95000,5670000,10.19,11.42,8.96,0.1278,0.0751,4.54,2.37,20.78,0.04,0.0114,0.2259,0.5792,0.0495,1.52,0.1,None
2003-12-31,33066685,74400041,2.25,555292000,None,235106000,None,320186000,0,0,55485000,79570000,209390000,10266000,10266000,0.33,0.31,0.01,-135733000,116884000,13488000,-5361000,95000,5201000,9.72,10.5,8.95,0.1195,0.0706,4.3,2.31,21.16,0.04,0.0126,0.2485,0.5766,0.0475,1.49,-1.89,None
2003-09-30,32755395,73699638,2.25,522346000,None,212585000,None,309761000,0,0,52069000,65792000,188406000,8651000,8651000,0.26,0.26,0,80349000,-85709000,358000,-5002000,5456000,9433000,8.91,10.27,7.56,0.1162,0.0688,4.2,2.19,20.46,0.03,0.0101,0.2124,0.593,0.0468,1.47,0.96,None
2003-06-30,21818043,73635895,3.375,494626000,None,195079000,None,299547000,0,0,29630000,65883000,177741000,8761000,8761000,0.4,0.4,0.00593,54583000,-49994000,1092000,5681000,10458000,7378000,6.95,7.88,6.01,0.1132,0.0675,4.07,1.76,16.88,0.03,0.0107,0.2199,0.6056,0.0461,1.46,0.64,None
2003-03-31,21716858,73294395,3.375,491753000,None,202011000,None,289742000,0,0,27885000,65931000,191260000,8748000,8748000,0.4,0.4,0,67850000,-55401000,-7768000,4681000,4777000,7861000,5.79,6.54,5.05,0.1092,0.0664,3.95,1.51,15.27,0.03,0.0114,0.2276,0.5892,0.0448,1.48,0.82,None
2002-12-31,21715358,73289333,3.375,483648000,None,203103000,None,280545000,0,0,25985000,73265000,175025000,8102000,8102000,0.37,0.36,0.01,60878000,-88776000,7572000,-20326000,96000,15538000,6.42,6.88,5.96,0.1052,0.0637,3.83,1.73,22.11,0.03,0.0126,0.2612,0.5801,0.0428,1.49,0.62,None
2002-09-30,21715223,73288877,3.375,446539000,None,174176000,None,272363000,0,0,24337000,0,157838000,6721000,6721000,0.31,0.31,0,57864000,-66952000,29411000,20323000,20422000,15388000,6.24,6.99,5.48,0.0868,0.0522,3.72,1.72,36.95,0.03,0.0154,0,0.6099,0.0352,1.48,0.58,None
2002-06-30,21690107,73204111,3.375,401729000,None,135858000,None,265871000,0,0,22537000,0,151162000,6696000,6696000,0.33,0.32,0.00593,33562000,-49910000,16355000,7000,99000,6203000,7.21,8.44,5.97,0.0545,0.032,3.63,2.16,48.67,0.03,0.0259,0,0.6618,0.0218,1.47,0.37,None
2002-03-31,19962607,67373798,3.375,390946000,None,165897000,None,225049000,0,0,22273000,0,156663000,5921000,5921000,0.3,0.29,0,69365000,-44539000,-24827000,-1000,92000,5784000,5.57,6.86,4.28,0.0495,0.0278,3.34,1.7,32.41,0.03,0.0291,0,0.5757,0.0194,1.43,0.94,None
2001-12-31,19926707,67252636,3.375,397196000,None,177229000,None,219967000,0,0,22096000,0,139985000,2001000,2001000,0.08,0.06,0.01,42981000,-42697000,-290000,-6000,93000,8192000,4.92,5.39,4.44,0.0565,0.0315,3.27,1.52,20.01,0.03,0.0257,0,0.5538,0.0226,1.4,0.52,None
2001-09-30,19980067,67432726,3.375,393656000,None,175630000,None,218026000,0,0,0,0,132516000,-1961000,-1961000,-0.1,-0.1,0,65637000,-41732000,-23903000,2000,99000,10082000,5.02,5.62,4.41,0.0774,0.0431,3.23,1.53,13.34,0.03,0.0167,0,0.5538,0.031,1.39,0.82,None
2001-06-30,19946367,67318988,3.375,389881000,None,169357000,None,220524000,0,0,0,0,132763000,4967000,4967000,0.25,0.25,0.00593,33628000,-37158000,3533000,3000,97000,8154000,5.13,5.78,4.47,0.1198,0.0668,3.28,1.6,12.64,0.03,0.011,0,0.5656,0.0478,1.4,0.38,None
2001-03-31,19912167,67203563,3.375,385764000,None,170965000,None,214799000,0,0,0,0,141417000,7329000,7329000,0.37,0.37,0,47112000,-41103000,-6010000,-1000,94000,8357000,4.6,5.19,4.01,0.1332,0.0747,3.2,1.19,11.42,0.02,0.0093,0,0.5568,0.0526,1.42,0.58,None
2000-12-31,16041161,54138918,3.375,380379000,None,171841000,None,208538000,0,0,0,0,130788000,6348000,6348000,0.32,0.31,0.01,34985000,-55468000,20488000,5000,95000,4091000,4.41,5.33,3.48,0.1371,0.0777,3.85,1.18,11.11,0.02,0.0094,0,0.5482,0.0542,1.43,0.57,None
2000-09-30,16024541,54082825,3.375,361656000,None,159270000,None,202386000,0,0,0,0,124850000,6706000,6706000,0.34,0.34,0,55851000,-56970000,1118000,-1000,90000,10158000,4.17,4.59,3.74,0.141,0.0809,3.74,1.16,10.83,0.02,0.0094,0,0.5596,0.0556,1.46,0.84,None
2000-06-30,15964041,53878638,3.375,335530000,None,140988000,None,194542000,0,0,0,0,121910000,6929000,6929000,0.35,0.35,0.00593,31572000,-42127000,10550000,-5000,91000,5041000,3.91,4.43,3.39,0.1424,0.0831,3.61,1.11,10.39,0.02,0.0096,0,0.5798,0.0561,1.48,0.49,None
2000-03-31,15997441,53991363,3.375,326147000,None,136233000,None,189914000,0,0,0,0,125372000,7278000,7278000,0.37,0.36,0,43757000,-40122000,-3638000,-3000,96000,4471000,4.64,5.3,3.99,0.1443,0.0849,3.52,1.36,12.63,0.02,0.0098,0,0.5823,0.0572,1.49,0.73,None
1999-12-31,15974041,53912388,3.375,318408000,None,134690000,None,183718000,0,0,0,0,116313000,6240000,6240000,0.32,0.29,0.01,40709000,-43913000,3205000,1000,99000,3344000,5.22,5.93,4.52,0.1453,0.0865,3.41,1.59,14.68,0.02,0.01,0,0.577,0.0585,1.48,0.69,None
1999-09-30,16079031,54266729,3.375,297646000,None,119806000,None,177840000,0,0,0,0,109379000,6108000,6108000,0.3,0.3,0,31974000,-33630000,1664000,8000,98000,6294000,5.71,6.52,4.89,0.1455,0.0882,3.28,1.8,17.05,0.02,0.0103,0,0.5975,0.06,1.47,0.47,None
1999-06-30,16249731,54842842,3.375,291546000,None,116917000,None,174629000,0,0,0,0,107364000,6575000,6575000,0.33,0.32,0.00593,23589000,-39699000,16108000,-2000,90000,1026000,5.53,6.59,4.46,0.1401,0.0859,3.18,1.78,17.28,0.02,0.0108,0,0.599,0.0591,1.45,0.41,None
1999-03-31,16116231,54392279,3.375,276367000,None,107701000,None,168666000,0,0,0,0,104303000,6679000,6679000,0.33,0.33,0,44021000,-32441000,-11583000,-3000,92000,10366000,4.43,5.04,3.82,0.1356,0.0841,3.1,1.43,14.66,0.01,0.0116,0,0.6103,0.0585,1.44,0.62,None
1998-12-31,16201696,54680724,3.375,272174000,None,103303000,None,168871000,0,0,0,0,97136000,5738000,5738000,0.28,0.25,0.01,33470000,-26029000,-7444000,-3000,95000,-2943000,4.01,4.72,3.3,0.1368,0.0811,3.09,1.36,11,0.01,0.0123,0,0.6205,0.0566,1.43,0.67,None
1998-09-30,17090391,57680069,3.375,273289000,None,103353000,None,169936000,0,0,0,0,95882000,4906000,4906000,0.23,0.23,0,37353000,-32771000,-4583000,-1000,98000,9302000,5.24,6.96,3.52,0.1716,0.0962,2.95,1.83,14.15,0.01,0.0103,0,0.6218,0.0562,1.71,0.49,None
1998-06-30,17264391,58267319,3.375,266510000,None,99214000,None,167296000,0,0,0,0,93832000,5554000,5554000,0.27,0.27,0.00593,19109000,-38197000,19092000,4000,99000,7897000,6.15,7.15,5.15,0.19,0.103,2.87,2.93,17.01,0.01,0.0103,0,0.6277,0.0586,1.76,0.19,None
1998-03-31,17254391,58233569,3.375,248062000,None,125906000,None,122156000,0,0,0,0,92809000,5286000,5286000,0.28,0.27,0,30696000,-29010000,-1687000,-1000,95000,7953000,6.03,7.2,4.85,0.2066,0.107,2.1,2.64,17.39,0.01,0.0102,0,0.4924,0.0587,1.82,0.39,None
1997-12-31,15150391,51132569,3.375,239382000,None,122927000,None,116455000,0,0,0,0,157048000,8958000,8958000,0.48,0.46,0.01,32148000,-57011000,24861000,-2000,96000,6679000,5.29,6,4.59,0.2034,0.1091,2.28,2.4,21,0.01,0.0106,0,0.4865,0.0586,1.86,0.5,None
1997-09-30,15112946,51006192,3.375,201354000,None,89209000,None,112145000,0,0,0,0,76238000,4805000,4805000,0.25,0.25,0,28647000,-24353000,-4292000,2000,98000,4898000,4.59,5.41,3.78,0.158,0.0873,2.2,2.18,19.61,0.01,0.0165,0,0.557,0.0574,1.52,0.47,None
1997-06-30,15094946,50945442,3.375,196677000,None,88988000,None,107689000,0,0,0,0,77465000,4633000,4633000,0.24,0.24,0.00593,21312000,-21297000,-10000,5000,96000,1176000,3.51,3.96,3.07,0.153,0.0837,2.11,1.62,15.79,0.01,0.0176,0,0.5475,0.055,1.52,0.4,None
1997-03-31,15089446,50926880,3.375,195340000,None,85000000,None,110340000,0,0,0,0,76480000,4312000,4312000,0.22,0.22,0,23188000,-14464000,-8717000,7000,91000,2412000,3.4,3.81,2.98,0.1503,0.0817,2.17,2.1,15.51,0,0.0163,0,0.5649,0.0544,1.5,0.41,None
1996-12-31,19638152,66278763,3.375,198103000,None,90768000,None,107335000,0,0,0,0,70718000,3533000,3533000,0.14,0.14,0.01,29186000,-33132000,3931000,-15000,84000,4215000,3.76,4.33,3.19,0.1553,0.0845,1.62,2.43,16.7,0,0.0164,0,0.5418,0.0561,1.51,0.38,None
1996-09-30,19054952,64310463,3.375,187223000,None,87263000,None,99960000,0,0,0,0,71224000,3787000,3787000,0.19,0.19,0,12206000,-21411000,9208000,3000,99000,6000000,3.74,4.22,3.26,0.1601,0.0884,1.55,2.49,17.29,0,0.0037,0,0.5339,0.0577,1.53,0.1,None
1996-06-30,19026952,64215963,3.375,180247000,None,84111000,None,96136000,0,0,0,0,67610000,3914000,3914000,0.2,0.2,0.00296,24520000,-30809000,6288000,-1000,96000,4089000,3.66,4.44,2.87,0.1583,0.0891,1.5,2.52,17.77,0,0.0038,0,0.5334,0.0582,1.53,0.32,None
1996-03-31,9532226,64342525,6.75,162755000,None,69616000,None,93139000,0,0,0,0,64693000,4159000,4159000,0.42,0.42,0,23613000,-22921000,-693000,-1000,97000,3230000,2.87,3.07,2.67,0.156,None,1.45,2.04,None,0,0.002,0,0.5723,0.0578,1.53,0.32,None
1995-12-31,9549966,64462270,6.75,158645000,None,67551000,None,91094000,0,0,0,0,60077000,3360000,3360000,0.32,0.32,0,21787000,-19121000,-2664000,2000,98000,1503000,2.66,2.74,2.57,None,None,1.41,1.96,None,0,None,0,0.5742,None,None,0.31,None
1995-09-30,9711993,65555952,6.75,155739000,None,66311000,None,89428000,0,0,0,0,59012000,3205000,3205000,0.32,0.32,0,13394000,-11676000,-1713000,5000,96000,1180000,2.55,2.81,2.3,None,None,1.36,1.95,None,0,None,0,0.5742,None,None,0.19,None
1995-06-30,9721993,65623452,6.75,157363000,None,71082000,None,86281000,0,0,0,0,59135000,3315000,3315000,0.33,0.33,0.00296,19938000,-15267000,-4675000,-4000,91000,2793000,2.18,2.3,2.07,None,None,1.31,1.68,None,0,None,0,0.5483,None,None,0.26,None
1995-03-31,9714993,65576202,6.75,157527000,None,72576000,None,84951000,0,0,0,0,None,None,None,None,None,0,22541000,-18000000,-4538000,3000,95000,2687000,1.94,2.11,1.78,None,None,1.3,1.56,None,0,None,0,0.5393,None,None,0.3,None
1994-12-31,9703543,65498915,6.75,155934000,None,74516000,None,81418000,0,0,0,0,56511000,2873000,2873000,0.29,0.29,0.00296,None,None,None,None,92000,0,1.79,1.89,1.7,None,None,1.24,None,None,0.000439,None,0,0.5221,None,None,None,None
