"Quarter end","Shares","Shares split adjusted","Split factor","Assets","Current Assets","Liabilities","Current Liabilities","Shareholders equity","Non-controlling interest","Preferred equity","Goodwill & intangibles","Long-term debt","Revenue","Earnings","Earnings available for common stockholders","EPS basic","EPS diluted","Dividend per share","Cash from operating activities","Cash from investing activities","Cash from financing activities","Cash change during period","Cash at end of period","Capital expenditures","Price","Price high","Price low","ROE","ROA","Book value of equity per share","P/B ratio","P/E ratio","Cumulative dividends per share","Dividend payout ratio","Long-term debt to equity ratio","Equity to assets ratio","Net margin","Asset turnover","Free cash flow per share","Current ratio"
2019-06-30,780866098,780866098,1,27575000000,6311000000,14054000000,3416000000,13425000000,96000000,2300000000,3178000000,6080000000,2940000000,105000000,68000000,0.09,0.09,0.2,153000000,-551000000,131000000,-278000000,1178000000,570000000,31.97,35.34,28.6,0.1239,0.0559,14.25,2.22,13.9,9.06,0.4247,0.5465,0.4034,0.1195,0.43,-0.53,1.8475
2019-03-31,784754231,784754231,1,27321000000,6349000000,13615000000,3059000000,13607000000,99000000,2300000000,3195000000,6018000000,2812000000,499000000,475000000,0.61,0.55,0.2,-29000000,-483000000,-393000000,-899000000,1456000000,524000000,31.66,35.31,28,0.1789,0.0803,14.41,2.17,30.74,8.86,0.2862,0.5322,0.4139,0.1772,0.43,-0.7,2.0755
2018-12-31,786761073,786761073,1,27505000000,7034000000,13619000000,3311000000,13792000000,94000000,2300000000,3228000000,5994000000,3035000000,292000000,266000000,0.34,0.3,0.18,941000000,-621000000,121000000,452000000,2355000000,613000000,31.8,35.92,27.67,0.0828,0.0399,14.61,2.2,None,8.66,0.6002,0.5216,0.4178,0.0857,0.42,0.42,2.1244
2018-09-30,800399090,800399090,1,26392000000,6632000000,12414000000,3112000000,13890000000,88000000,2300000000,3239000000,5056000000,3008000000,625000000,601000000,0.75,0.67,0.18,943000000,-511000000,-538000000,-120000000,1903000000,452000000,31.89,36.56,27.22,-0.0605,-0.0239,14.48,2.23,None,8.48,None,0.4362,0.4391,None,0.41,0.61,2.1311
2018-06-30,810015005,810015005,1,26140000000,6484000000,12189000000,2908000000,13877000000,74000000,2300000000,3250000000,5099000000,2747000000,738000000,714000000,0.87,0.78,0.18,715000000,-1111000000,-619000000,-1073000000,2023000000,522000000,27.61,29.1,26.11,-0.0745,-0.0322,14.29,1.89,None,8.3,None,0.4404,0.4429,None,0.39,0.24,2.2297
2018-03-31,830348853,830348853,1,26834000000,7663000000,12346000000,2995000000,14413000000,75000000,2300000000,2549000000,4808000000,2500000000,-589000000,-613000000,-0.72,-0.72,0.18,320000000,-644000000,-959000000,-1221000000,3096000000,655000000,31.15,35.1,27.19,-0.0903,-0.0425,14.59,1.99,None,8.12,None,0.3969,0.4514,None,0.37,-0.4,2.5586
2017-12-31,857453098,857453098,1,27494000000,8827000000,11724000000,3209000000,15698000000,72000000,2300000000,2563000000,4749000000,2637000000,-1412000000,-1438000000,-1.66,-1.66,0.16,888000000,-492000000,-29000000,452000000,4317000000,557000000,31.16,32.81,29.52,-0.0396,-0.0178,15.63,1.8,14.04,7.94,None,0.3545,0.4873,None,0.36,0.39,2.7507
2017-09-30,869057436,869057436,1,28094000000,8254000000,10711000000,3065000000,17317000000,66000000,2300000000,2575000000,3994000000,2607000000,390000000,366000000,0.41,0.39,0.155,645000000,-584000000,-457000000,-324000000,3865000000,486000000,29.94,32.17,27.71,0.1533,0.0887,17.28,1.72,14.33,7.78,0.2291,0.266,0.5345,0.1967,0.43,0.18,2.693
2017-06-30,903183646,903183646,1,27830000000,8431000000,9750000000,2808000000,18012000000,68000000,2300000000,2450000000,3302000000,2497000000,439000000,415000000,0.46,0.42,0.155,280000000,-308000000,-750000000,-655000000,4189000000,397000000,28.45,30.59,26.32,0.1456,0.0844,17.4,1.64,8.04,7.62,0.237,0.2102,0.5646,0.1895,0.43,-0.13,3.0025
2017-03-31,920231627,920231627,1,28305000000,8718000000,9926000000,2421000000,18308000000,71000000,2300000000,2444000000,3669000000,2375000000,86000000,62000000,0.07,0.07,0.155,191000000,-326000000,-388000000,-447000000,4844000000,364000000,26.24,28.36,24.12,0.2519,0.1435,17.4,1.56,8.44,7.47,0.1335,0.2292,0.5656,0.3877,0.36,-0.19,3.601
2016-12-31,928093508,928093508,1,27899000000,9048000000,9939000000,2751000000,17893000000,67000000,2300000000,2373000000,3646000000,4669000000,1572000000,1546000000,1.65,1.34,0.14,1426000000,-294000000,-448000000,470000000,5291000000,315000000,23.79,25.35,22.23,0.225,0.1282,16.8,1.47,12.14,7.31,0.1511,0.2338,0.5589,0.3831,0.33,1.2,3.289
2016-09-30,951225180,951225180,1,28809000000,8479000000,11022000000,2294000000,17721000000,66000000,2300000000,2366000000,3916000000,2507000000,284000000,260000000,0.27,0.26,0.135,652000000,-282000000,-2735000000,-2323000000,4821000000,282000000,21.8,23.81,19.78,0.1388,0.081,16.21,1.31,11.78,7.17,0.2433,0.2539,0.5353,0.2329,0.33,0.39,3.6962
2016-06-30,1036877161,1036877161,1,30653000000,10747000000,10981000000,2448000000,19609000000,63000000,2300000000,2373000000,3918000000,898000000,2207000000,2183000000,2.06,1.87,0.135,526000000,4314000000,-1210000000,3604000000,7144000000,263000000,19.76,21.3,18.21,0.1298,0.0784,16.69,1.36,58.12,7.04,0.2575,0.2264,0.5647,0.255,0.29,0.25,4.3901
2016-03-31,1075348536,1075348536,1,27945000000,7178000000,9958000000,2564000000,17918000000,69000000,2300000000,2102000000,3910000000,1316000000,-368000000,-392000000,-0.36,-0.36,0.135,-83000000,-76000000,-913000000,-960000000,3540000000,270000000,18.6,21.07,16.13,0.0272,0.0196,14.52,1.26,18.79,6.9,1.2184,0.2504,0.5589,0.0514,0.31,-0.33,2.7995
2015-12-31,1112837205,1112837205,1,28547000000,8269000000,9684000000,2814000000,18788000000,75000000,2300000000,2086000000,3910000000,4934000000,224000000,198000000,0.17,0.19,0.12,964000000,137000000,-1014000000,60000000,4500000000,311000000,17.82,19.29,16.36,0.0691,0.0459,14.82,1.19,12.38,6.77,0.4622,0.2371,0.5776,0.1362,0.31,0.59,2.9385
2015-09-30,1182984475,1182984475,1,28898000000,9253000000,8828000000,1966000000,19997000000,73000000,2300000000,2008000000,3915000000,1389000000,212000000,188000000,0.16,0.15,0.12,697000000,-199000000,-980000000,-528000000,4440000000,298000000,17.72,20.02,15.42,0.1075,0.0712,14.96,1.16,8.82,6.65,0.2828,0.2212,0.6124,0.3048,0.22,0.34,4.7065
2015-06-30,1225935145,1225935145,1,29888000000,9868000000,8833000000,2022000000,20983000000,72000000,2300000000,2043000000,3910000000,1424000000,496000000,472000000,0.38,0.36,0.12,547000000,90000000,-35000000,664000000,4968000000,308000000,21.27,22.98,19.57,0.1469,0.0976,15.24,1.41,12.09,6.53,0.1971,0.2093,0.6251,0.3632,0.26,0.19,4.8803
2015-03-31,1258553209,1258553209,1,29323000000,9238000000,7951000000,1895000000,21298000000,74000000,2300000000,2045000000,3165000000,1364000000,407000000,383000000,0.3,0.29,0.12,601000000,-713000000,-574000000,-1005000000,4304000000,333000000,23.52,25.16,21.89,0.1285,0.0866,15.1,1.55,14.08,6.41,0.2158,0.1666,0.6479,0.2823,0.3,0.21,4.8749
2014-12-31,1271340532,1271340532,1,30063000000,10238000000,8411000000,2324000000,21579000000,73000000,2300000000,1647000000,3227000000,2404000000,988000000,963000000,0.75,0.64,0.1,1112000000,-209000000,-740000000,-44000000,5309000000,336000000,20.27,23.52,17.03,0.1226,0.0829,15.16,1.33,15.24,6.29,0.2167,0.1674,0.6413,0.2448,0.33,0.61,4.4053
2014-09-30,1281848134,1281848134,1,29815000000,10013000000,7965000000,2138000000,21779000000,71000000,2300000000,1653000000,3228000000,2540000000,1014000000,990000000,0.77,0.72,0.1,1117000000,-170000000,-357000000,235000000,5353000000,262000000,20.8,22.37,19.23,0.0924,0.0648,15.2,1.38,23.37,6.19,0.2872,0.1657,0.6533,0.1981,0.32,0.67,4.6833
2014-06-30,1291027400,1291027400,1,29832000000,9864000000,8000000000,2177000000,21763000000,69000000,2300000000,1682000000,3238000000,2482000000,169000000,145000000,0.11,0.11,0.1,743000000,-282000000,-312000000,150000000,5118000000,232000000,21.19,22.2,20.17,0.0614,0.0446,15.08,1.43,17.51,6.09,0.4337,0.1664,0.6524,0.1426,0.3,0.4,4.531
2014-03-31,1308476050,1308476050,1,29544000000,9613000000,7825000000,2046000000,21650000000,69000000,2300000000,1665000000,3224000000,2289000000,301000000,280000000,0.21,0.2,0.1,1737000000,-301000000,-1177000000,264000000,4968000000,246000000,18.77,20.99,16.55,0.0835,0.0614,14.79,1.23,14.01,5.99,0.321,0.1666,0.655,0.2106,0.29,1.14,4.6984
2013-12-31,1392124762,1392124762,1,28478000000,8891000000,7267000000,1746000000,21162000000,49000000,0,1542000000,3272000000,1956000000,421000000,421000000,0.31,0.3,0.1,1284000000,-429000000,-716000000,144000000,4704000000,337000000,15.95,18.07,13.82,0.0916,0.0687,15.2,1.06,12.86,5.89,0.287,0.1546,0.7431,0.2508,0.27,0.68,5.0922
2013-09-30,1447201901,1447201901,1,28714000000,9128000000,6916000000,1578000000,21749000000,49000000,0,1551000000,2816000000,2067000000,408000000,408000000,0.28,0.28,0.1,485000000,-225000000,-363000000,-41000000,4560000000,244000000,14.68,15.51,13.84,0.0848,0.0634,15.03,1,11.21,5.79,0.3131,0.1295,0.7574,0.2276,0.28,0.17,5.7845
2013-06-30,1460403521,1460403521,1,28389000000,9053000000,6935000000,1597000000,21378000000,76000000,0,1559000000,2822000000,1982000000,638000000,638000000,0.43,0.43,0.1,395000000,-228000000,-355000000,-196000000,4601000000,244000000,14.54,16.43,12.64,0.09,0.0669,14.64,1,12.32,5.69,0.2773,0.132,0.753,0.2426,0.28,0.1,5.6688
2013-03-31,1475088853,1475088853,1,28595000000,9269000000,7205000000,1795000000,21344000000,46000000,0,1485000000,2855000000,1814000000,494000000,494000000,0.33,0.33,0.09,623000000,-122000000,-629000000,-191000000,4797000000,194000000,12.55,13.35,11.75,0.0818,0.0606,14.47,0.86,10.91,5.59,0.2855,0.1338,0.7464,0.2226,0.27,0.29,5.1638
2012-12-31,1472398789,1472398789,1,29375000000,9695000000,7842000000,1956000000,21486000000,47000000,0,1496000000,3382000000,2146000000,283000000,283000000,0.2,0.2,0.1,1240000000,-1007000000,-209000000,36000000,4988000000,356000000,12.34,13.96,10.71,0.0804,0.0596,14.59,0.83,9.57,5.5,0.2798,0.1574,0.7314,0.2157,0.28,0.6,4.9565
2012-09-30,1477841448,1477841448,1,29410000000,9516000000,7524000000,1987000000,21839000000,47000000,0,912000000,3272000000,2038000000,521000000,521000000,0.35,0.35,0.075,634000000,-482000000,-166000000,-56000000,4952000000,422000000,12.01,13.4,10.62,0.0905,0.0676,14.78,0.84,8.28,5.4,0.2365,0.1498,0.7426,0.2497,0.27,0.14,4.7891
2012-06-30,1489018162,1489018162,1,28754000000,9378000000,7352000000,1892000000,21354000000,48000000,0,916000000,3229000000,1908000000,462000000,462000000,0.31,0.3,0.075,570000000,-535000000,-332000000,-482000000,5008000000,611000000,13.38,14.58,12.17,0.1043,0.0786,14.34,0.95,8.26,5.32,0.1912,0.1512,0.7426,0.2858,0.28,-0.03,4.9567
2012-03-31,1517592387,1517592387,1,28489000000,9801000000,7122000000,1781000000,21317000000,50000000,0,922000000,3135000000,1920000000,462000000,462000000,0.3,0.3,0.075,762000000,-604000000,592000000,829000000,5490000000,412000000,13.57,14.62,12.52,0.1181,0.0897,14.05,0.98,7.58,5.25,0.1558,0.1471,0.7483,0.3194,0.28,0.23,5.5031
2011-12-31,1518270483,1518270483,1,27848000000,8677000000,6719000000,2097000000,21078000000,51000000,0,926000000,2364000000,1887000000,491000000,491000000,0.32,0.34,0.08,1157000000,-476000000,-805000000,-240000000,4661000000,766000000,13.63,15.75,11.51,0.1331,0.1015,13.88,0.99,6.49,5.17,0.1273,0.1122,0.7569,0.3555,0.29,0.26,4.1378
2011-09-30,1571579112,1571579112,1,28173000000,9264000000,6482000000,2009000000,21640000000,51000000,0,881000000,2282000000,2075000000,811000000,811000000,0.52,0.51,0.05,913000000,-418000000,-46000000,292000000,4901000000,639000000,15.31,18.72,11.9,0.1627,0.1238,13.77,1.13,7.33,5.09,0.0935,0.1055,0.7681,0.4708,0.26,0.17,4.6112
2011-06-30,1571122671,1571122671,1,27825000000,9329000000,6519000000,2083000000,21255000000,51000000,0,883000000,2248000000,2005000000,755000000,755000000,0.48,0.47,0.05,546000000,-505000000,-72000000,39000000,4609000000,493000000,19.63,22.05,17.2,0.168,0.1269,13.53,1.52,8.92,5.04,0.0941,0.1058,0.7639,0.5003,0.25,0.03,4.4786
2011-03-31,1569905964,1569905964,1,26660000000,9037000000,6305000000,1894000000,20304000000,51000000,0,885000000,2245000000,1923000000,748000000,748000000,0.48,0.47,0.05,573000000,-657000000,-57000000,-28000000,4570000000,532000000,21.18,23.43,18.93,0.1859,0.14,12.93,1.71,9.41,4.99,0.0897,0.1106,0.7616,0.5481,0.26,0.03,4.7714
2010-12-31,1565707084,1565707084,1,25833000000,8859000000,6407000000,1986000000,19375000000,51000000,0,716000000,2262000000,1130000000,1044000000,1044000000,0.67,0.65,0.05,2092000000,-560000000,-175000000,1296000000,4598000000,473000000,18.42,19.69,17.15,0.2002,0.1502,12.37,1.56,8.9,4.94,0.0878,0.1167,0.75,0.5933,0.25,1.03,4.4607
2010-09-30,1562878885,1562878885,1,24670000000,7363000000,6203000000,1694000000,18416000000,51000000,0,668000000,2390000000,1602000000,785000000,785000000,0.5,0.5,0.05,428000000,-902000000,346000000,88000000,3302000000,224000000,17.42,19.39,15.45,0.1935,0.1442,11.78,1.6,8.8,4.89,0.0959,0.1298,0.7465,0.5085,0.28,0.13,4.3465
2010-06-30,1561628788,1561628788,1,22541000000,6460000000,5499000000,1457000000,16992000000,50000000,0,669000000,1927000000,1712000000,913000000,913000000,0.59,0.58,0.05,672000000,-384000000,-62000000,139000000,3214000000,136000000,18.3,21.1,15.51,0.1951,0.1442,10.88,1.75,10.22,4.84,0.1002,0.1134,0.7538,0.4959,0.29,0.34,4.4338
2010-03-31,1560761299,1560761299,1,21727000000,6052000000,5374000000,1278000000,16302000000,51000000,0,674000000,1919000000,1553000000,816000000,816000000,0.52,0.52,0.05,643000000,77000000,-111000000,534000000,3075000000,173000000,18.8,20.85,16.75,0.1854,0.1348,10.44,1.89,14.69,4.79,0.1109,0.1177,0.7503,0.4716,0.29,0.3,4.7355
2009-12-31,1558884218,1558884218,1,21295000000,5521000000,5700000000,1539000000,15543000000,52000000,0,676000000,1930000000,1532000000,740000000,740000000,0.48,0.47,0.05,913000000,-231000000,-62000000,579000000,2541000000,157000000,16.84,19.55,14.14,0.141,0.1006,9.97,1.75,17.18,4.74,0.155,0.1242,0.7299,0.3722,0.27,0.48,3.5874
2009-09-30,1556093519,1556093519,1,20747000000,4847000000,5729000000,1520000000,14967000000,51000000,0,680000000,1945000000,1479000000,643000000,643000000,0.42,0.41,0.05,532000000,-774000000,-87000000,-272000000,1962000000,236000000,15.59,17.2,13.98,0.1106,0.078,9.62,1.76,14.71,4.69,0.205,0.13,0.7214,0.3067,0.25,0.19,3.1888
2009-06-30,1554586219,1554586219,1,19604000000,5028000000,5752000000,1531000000,13803000000,49000000,0,299000000,1938000000,1395000000,611000000,611000000,0.39,0.39,0.05,368000000,-239000000,277000000,454000000,2234000000,200000000,14.87,16.54,13.2,0.1232,0.0864,8.88,1.83,5.55,4.64,0.1893,0.1404,0.7041,0.3269,0.26,0.11,3.2841
2009-03-31,1553874440,1553874440,1,18178000000,4439000000,5483000000,1592000000,12647000000,48000000,0,302000000,1596000000,989000000,14000000,14000000,0.01,0.01,0.05,264000000,-126000000,-143000000,-93000000,1780000000,276000000,11.71,14.44,8.97,0.319,0.2244,8.14,1.36,3.54,4.59,0.0736,0.1262,0.6957,0.7974,0.28,-0.01,2.7883
2008-12-31,1555025555,1555025555,1,19256000000,4619000000,5765000000,2052000000,13443000000,48000000,0,305000000,1527000000,1084000000,249000000,249000000,0.16,0.17,0.05,380000000,-1138000000,-16000000,-723000000,1873000000,766000000,11.5,15.64,7.36,0.41,0.2854,8.64,1.33,3.19,4.54,0.0596,0.1136,0.6981,0.8838,0.32,-0.25,2.251
2008-09-30,1554327448,1554327448,1,18990000000,5222000000,5514000000,2058000000,13428000000,48000000,0,306000000,1470000000,1555000000,768000000,768000000,0.49,0.49,0.05,763000000,355000000,-576000000,421000000,2596000000,291000000,18.76,23.05,14.46,0.4837,0.3288,8.64,2.16,5.38,4.49,0.0549,0.1095,0.7071,0.8881,0.37,0.3,2.5374
2008-06-30,1577916249,1577916249,1,19180000000,5648000000,5451000000,1958000000,13681000000,48000000,0,303000000,1474000000,1692000000,3211000000,3211000000,2.05,2.01,0.05,690000000,-541000000,-77000000,51000000,2175000000,397000000,25.55,28.07,23.02,0.522,0.3434,8.67,3.75,14.35,4.44,0.0565,0.1077,0.7133,0.865,0.4,0.19,2.8846
2008-03-31,1574904103,1574904103,1,16263000000,5339000000,5476000000,1862000000,10740000000,47000000,0,306000000,1503000000,1617000000,1029000000,1029000000,0.66,0.64,0.05,295000000,-375000000,-129000000,-92000000,2124000000,467000000,22.64,25.24,20.04,0.3067,0.1924,6.82,3.75,16.9,4.39,0.0828,0.1399,0.6604,0.4622,0.42,-0.11,2.8673
2007-12-31,1574635950,1574635950,1,15215000000,5294000000,5673000000,2512000000,9496000000,46000000,0,308000000,1514000000,1582000000,717000000,717000000,0.46,0.46,0.05,732000000,-235000000,-183000000,338000000,2216000000,391000000,23.83,26.8,20.85,0.2522,0.1531,6.03,4.27,18.47,4.34,0.0733,0.1594,0.6241,0.3669,0.42,0.22,2.1075
2007-09-30,1575834092,1575834092,1,14273000000,5126000000,5431000000,2255000000,8798000000,44000000,0,311000000,1460000000,1553000000,617000000,617000000,0.39,0.38,0.05,677000000,-527000000,-190000000,4000000,1878000000,405000000,24.36,27.25,21.47,0.2611,0.1539,5.58,4.71,20.64,4.29,0.0379,0.1659,0.6164,0.3682,0.42,0.17,2.2732
2007-06-30,1578668408,1578668408,1,13540000000,5007000000,5331000000,2205000000,8166000000,43000000,0,313000000,1456000000,1418000000,489000000,489000000,0.31,0.3,0,475000000,218000000,54000000,751000000,1874000000,204000000,24.55,26.67,22.43,0.2513,0.1445,5.17,5.05,20.46,4.24,0,0.1783,0.6031,0.3534,0.41,0.17,2.2707
2007-03-31,1572789335,1572789335,1,13161000000,4629000000,5471000000,2231000000,7644000000,46000000,0,314000000,1466000000,1307000000,327000000,327000000,0.21,0.2,0,193000000,-17000000,-220000000,-34000000,1123000000,262000000,20.73,23.33,18.12,0.2677,0.1502,4.86,4.49,17.87,4.24,0,0.1918,0.5808,0.3688,0.41,-0.04,2.0749
2006-12-31,1569697474,1569697474,1,13065000000,4798000000,5774000000,2319000000,7246000000,45000000,0,316000000,1696000000,1369000000,646000000,646000000,0.42,0.41,0,628000000,-467000000,3000000,178000000,1157000000,290000000,22.09,25.57,18.62,0.2732,0.1488,4.62,4.8,30.68,4.24,0,0.2341,0.5546,0.3585,0.42,0.22,2.069
2006-09-30,1564301810,1564301810,1,12847000000,4486000000,5618000000,2320000000,7188000000,41000000,0,331000000,1710000000,1282000000,438000000,438000000,0.28,0.27,0,413000000,-790000000,260000000,-119000000,979000000,338000000,21.2,24.9,17.5,0.1852,0.098,4.6,4.94,36.55,4.24,0,0.2379,0.5595,0.235,0.42,0.05,1.9336
2006-06-30,1559776557,1559776557,1,12199000000,4035000000,5475000000,2372000000,6684000000,40000000,0,333000000,1475000000,1261000000,514000000,514000000,0.33,0.32,0,581000000,-444000000,-302000000,-165000000,1098000000,274000000,25,29.61,20.39,0.1614,0.0817,4.29,6.44,67.57,4.24,0,0.2207,0.5479,0.1916,0.43,0.2,1.7011
2006-03-31,1557553059,1557553059,1,11757000000,4044000000,5671000000,2383000000,6040000000,46000000,0,336000000,1788000000,1262000000,257000000,257000000,0.17,0.16,0,181000000,-480000000,219000000,-80000000,1262000000,280000000,23.82,28.28,19.35,0.1108,0.0535,3.88,6.71,62.68,4.24,0,0.296,0.5137,0.1236,0.43,-0.06,1.697
2005-12-31,1545982974,1545982974,1,11207000000,3860000000,5677000000,2370000000,5487000000,43000000,0,338000000,1789000000,1200000000,-33000000,-33000000,-0.03,-0.03,0,659000000,-516000000,-186000000,-53000000,1342000000,477000000,19.12,21.62,16.61,0.1206,0.0554,3.55,5.83,35.41,4.24,0,0.326,0.4896,0.1278,0.43,0.12,1.6287
2005-09-30,1557553059,1557553059,1,10913000000,3899000000,5780000000,2381000000,5106000000,27000000,0,380000000,1804000000,1188000000,203000000,203000000,0.14,0.13,0,595000000,-584000000,86000000,94000000,1395000000,378000000,18.99,21.95,16.03,0.1761,0.0767,3.28,6.23,None,4.24,0,0.3533,0.4679,0.177,0.43,0.14,1.6375
2005-06-30,1557553059,1557553059,1,10424000000,3628000000,5653000000,2258000000,4743000000,28000000,0,383000000,1915000000,1141000000,165000000,165000000,0.11,0.11,0,543000000,-463000000,377000000,454000000,1301000000,375000000,14.02,17.08,10.97,-0.4724,-0.1979,3.05,5.37,None,4.24,None,0.4038,0.455,None,0.44,0.11,1.6067
2005-03-31,1557553059,1557553059,1,9659000000,3028000000,5559000000,2099000000,4071000000,29000000,0,387000000,2125000000,1050000000,250000000,250000000,0.18,0.17,0,142000000,-149000000,-130000000,-162000000,847000000,323000000,11.5,12.4,10.61,-0.4514,-0.1996,2.61,4.24,None,4.24,None,0.522,0.4215,None,0.41,-0.12,1.4426
2004-12-31,1409786061,1409786061,1,9710000000,3281000000,5865000000,2336000000,3816000000,29000000,0,398000000,2214000000,1033000000,163000000,163000000,0.12,0.13,0,366000000,-429000000,27000000,7000000,1009000000,301000000,11.56,12.96,10.16,-0.4521,-0.2117,2.71,4.55,None,4.24,None,0.5802,0.393,None,0.38,0.05,1.4045
2004-09-30,1402238744,1402238744,1,8869000000,3070000000,5271000000,1730000000,3568000000,30000000,0,408000000,2438000000,1006000000,-2491000000,-2491000000,-1.78,-1.78,0,336000000,-109000000,-45000000,183000000,1147000000,254000000,11.16,13.03,9.29,-0.4532,-0.2248,2.54,2.59,111.6,4.24,None,0.6833,0.4023,None,0.35,0.06,1.7746
2004-06-30,1393634191,1393634191,1,11249000000,3065000000,5217000000,1754000000,6002000000,30000000,0,1875000000,2448000000,971000000,108000000,108000000,0.08,0.07,0,262000000,-313000000,9000000,-46000000,964000000,168000000,11.63,13.19,10.08,0.0297,0.0152,4.31,2.77,1163,4.24,0,0.4079,0.5336,0.049,0.31,0.07,1.7474
2004-03-31,1372202544,1372202544,1,11073000000,2941000000,5273000000,1697000000,5770000000,30000000,0,1885000000,2553000000,844000000,55000000,55000000,0.04,0.04,0,45000000,-141000000,274000000,177000000,1010000000,134000000,11.95,13.89,10,0.0069,0.0034,4.2,2.95,None,4.24,0,0.4425,0.5211,0.0116,0.29,-0.06,1.7331
2003-12-31,1347878949,1347878949,1,10752000000,2558300000,5252000000,1194600000,5464000000,36000000,0,1901000000,2668000000,820000000,-29000000,-29000000,-0.03,-0.03,0,67000000,11000000,-84000000,24000000,833000000,162000000,10.79,12.34,9.23,-0.0442,-0.0205,4.05,2.72,None,4.24,None,0.4883,0.5082,None,0.28,-0.07,2.1416
2003-09-30,1329745677,1329745677,1,10814000000,2968000000,5496000000,1448000000,5282000000,36000000,0,1905000000,2819000000,772000000,33000000,33000000,0.03,0.02,0,18000000,71000000,-22000000,62000000,809000000,94000000,8.61,10.06,7.15,-0.1863,-0.0817,3.97,2.25,None,4.24,None,0.5337,0.4884,None,0.25,-0.06,2.0497
2003-06-30,1262319619,1262319619,1,10869000000,3137000000,5998000000,1619000000,4831000000,40000000,0,1935000000,3095000000,752000000,-22000000,-22000000,-0.02,-0.02,0,25000000,-72000000,-351000000,-380000000,747000000,55000000,6.88,8.49,5.27,-0.2453,-0.0938,3.83,1.81,None,4.24,None,0.6407,0.4445,None,0.25,-0.02,1.9376
2003-03-31,1205775286,1205775286,1,10997000000,3420000000,6390000000,1559000000,4588000000,19000000,0,1926000000,3710000000,746000000,-205000000,-205000000,-0.17,-0.17,0,23000000,-88000000,-251000000,-299000000,1127000000,55000000,4.87,6.4,3.34,-0.3128,-0.1216,3.81,1.25,None,4.24,None,0.8086,0.4172,None,0.26,-0.03,2.1937
2002-12-31,1198688205,1198688205,1,11548000000,3825000000,6798000000,1680000000,4691000000,59000000,0,1976000000,3963000000,533000000,-709000000,-709000000,-0.6,-0.6,0,None,None,None,488000000,1471000000,74000000,3.04,4.99,1.1,-0.2792,-0.1087,3.91,0.65,None,4.24,None,0.8448,0.4062,None,0.26,None,2.2768
2002-09-30,1147999772,1147999772,1,12182000000,3515000000,6647000000,1475000000,5397000000,138000000,7000000,2611000000,4171000000,837000000,-133000000,-260000000,-0.25,-0.25,0,-1000000,-394000000,438000000,43000000,983000000,70000000,2.79,4.12,1.46,-0.2595,-0.1016,4.7,0.52,None,4.24,None,0.7738,0.4425,None,0.29,-0.06,2.3831
2002-06-30,951747751,951747751,1,11886000000,3332000000,6697000000,1419000000,5082000000,107000000,7000000,2499000000,4285000000,896000000,-370000000,-370000000,-0.39,-0.39,0,23000000,394000000,-464000000,-18000000,940000000,111000000,5.46,7.78,3.15,-0.2446,-0.1076,5.33,0.98,None,4.24,None,0.8443,0.427,None,0.34,-0.09,2.3481
2002-03-31,950195288,950195288,1,12288000000,3696000000,6853000000,1633000000,5322000000,113000000,7000000,2369000000,4418000000,898000000,-90000000,-90000000,-0.1,-0.1,0,-171000000,219000000,-121000000,-79000000,958000000,102000000,8.47,10.7,6.25,None,-0.4538,5.59,1.48,None,4.24,None,0.8312,0.4325,None,0.42,-0.29,2.2633
2001-12-31,944919754,944919754,1,12793000000,4107000000,7253000000,1994000000,5421000000,119000000,7000000,2289000000,4461000000,974000000,-655000000,-655000000,-0.71,-0.71,0.06,221000000,-733000000,682000000,157000000,1037000000,317000000,8.66,10.3,7.01,-0.7817,-0.3977,5.73,1.36,None,4.24,None,0.824,0.4232,None,0.45,-0.1,2.0597
2001-09-30,945755114,945755114,1,12684000000,3948000000,6504000000,1806000000,6039000000,141000000,8000000,2346000000,3901000000,1509000000,-220000000,-220000000,-0.24,-0.24,0.06,534000000,-358000000,96000000,284000000,1595000000,328000000,12.59,16.82,8.35,-0.5878,-0.3265,6.38,1.98,None,4.18,None,0.6468,0.4755,None,0.49,0.22,2.186
2001-06-30,931640718,931640718,1,12651000000,4078000000,6562000000,1895000000,5945000000,144000000,8000000,2283000000,3855000000,1868000000,-4755000000,-4755000000,-5.13,-5.13,0.06,514000000,-601000000,253000000,162000000,1311000000,585000000,19.85,26.7,13,-0.5035,-0.2974,6.37,1.72,39.44,4.12,None,0.6493,0.4693,None,0.52,-0.08,2.152
2001-03-31,930138228,930138228,1,17173000000,4074000000,6274000000,1638000000,10759000000,140000000,8000000,7286000000,3838000000,1921000000,132000000,132000000,0.14,0.14,0.06,176000000,-683000000,-127000000,-645000000,1149000000,570000000,45.12,70.25,19.98,0.0518,0.0324,11.56,3.94,98.8,4.06,0.4558,0.357,0.626,0.062,0.52,-0.42,2.4872
2000-12-31,928087136,928087136,1,17525700000,4634400000,6745000000,1948700000,10641600000,139100000,8700000,7339900000,3966400000,2084300000,-57700000,-57700000,-0.08,-0.08,0.06,545700000,-4357600000,4363200000,556300000,1793800000,525400000,79.38,105.94,52.81,0.0545,0.0333,11.46,8.94,108.25,4,0.5016,0.373,0.6067,0.0592,0.56,0.02,2.3782
2000-09-30,884186991,884186991,1,12188100000,3715700000,4188300000,1469100000,7861100000,138700000,8900000,3582100000,0,1915800000,253600000,253600000,0.3,0.27,0.06,584800000,-454600000,-265900000,-142000000,1237500000,409900000,95.34,113.11,77.58,0.1148,0.0659,8.88,11.07,148.2,3.94,0.3145,0,0.6443,0.0971,0.68,0.2,2.5292
2000-06-30,293986745,881960235,3,11933900000,3646500000,4186400000,1406700000,7605300000,142200000,9600000,3586300000,0,1775600000,149200000,149200000,0.53,0.52,0.18,342400000,-437600000,164300000,66400000,1379500000,332200000,69.14,89.96,48.33,0.1253,0.0644,8.61,11.84,109.75,3.88,0.3685,0,0.6365,0.0896,0.72,0.01,2.5922
2000-03-31,277911505,833734515,3,9014300000,3500600000,3998600000,1265000000,4878800000,136900000,10400000,1150300000,0,1351400000,76900000,76900000,0.28,0.28,0.18,-51700000,-1299300000,2386600000,1032700000,1313100000,177600000,53.95,73.33,34.58,0.1775,0.0758,5.84,18.1,82.16,3.82,0.371,0,0.5401,0.0973,0.78,-0.28,2.7673
1999-12-31,275814906,827444718,3,6526000000,1984200000,3765000000,1554000000,2476200000,284800000,13500000,506700000,0,1692300000,174200000,174200000,0.55,0.59,0.18,372900000,-265800000,62300000,165100000,280400000,262400000,32.43,42.98,21.88,0.2442,0.0903,2.98,11.34,50.94,3.76,0.3522,0,0.3774,0.1088,0.83,0.13,1.2768
1999-09-30,244784698,734354094,3,5673800000,1632000000,3196400000,1218700000,2116000000,361400000,15200000,344500000,0,1136600000,133300000,133300000,0.55,0.54,0.18,343600000,-222800000,-91700000,25400000,101500000,154000000,22.73,25,20.46,0.2381,0.0837,2.86,8.45,37.67,3.7,0.3896,0,0.3703,0.1122,0.75,0.26,1.3391
1999-06-30,244717029,734151087,3,5490500000,1612800000,3136000000,1163700000,1991000000,363500000,15100000,311000000,0,1020000000,121800000,121800000,0.49,0.48,0.18,82500000,-275300000,122100000,-75800000,76100000,127300000,19.69,23.38,16,0.2455,0.0818,2.69,7.54,31.76,3.64,0.4107,0,0.3599,0.1113,0.73,-0.06,1.3859
1999-03-31,244056733,732170199,3,5166400000,1438400000,2892800000,918600000,1924000000,349600000,16000000,309000000,0,892200000,86500000,86500000,0.37,0.36,0.18,49900000,-169000000,229200000,106500000,151900000,145500000,17.74,20.31,15.17,0.2701,0.0853,2.61,8.18,30.24,3.58,0.4033,0,0.3693,0.117,0.73,-0.13,1.5659
1998-12-31,231577256,694731768,3,4981900000,1310300000,3112300000,1074700000,1523500000,346100000,17900000,309700000,0,926800000,104300000,104300000,0.44,0.53,0.18,233200000,-202800000,-49100000,-47600000,45400000,150900000,12.13,15,9.25,0.282,0.082,2.17,5.98,20.1,3.52,0.4234,0,0.3022,0.1131,0.72,0.12,1.2192
1998-09-30,231163703,693491109,3,4760300000,1280800000,2974600000,857100000,1423600000,362100000,18400000,283200000,0,906500000,104400000,104400000,0.45,0.44,0.18,220500000,-169800000,-48800000,-98300000,93000000,169000000,9.79,11.75,7.83,0.2989,0.0841,2.03,4.92,15.96,3.46,0.4189,0,0.2952,0.1301,0.65,0.07,1.4943
1998-06-30,231897734,695693202,3,4742000000,1334500000,2992300000,875000000,1406000000,343700000,18700000,281100000,0,855900000,123800000,123800000,0.54,0.53,0.18,192200000,362600000,-418000000,111800000,191300000,218300000,12.91,14.5,11.33,0.3154,0.0864,1.99,6.98,20.6,3.4,0.4108,0,0.2926,0.1273,0.68,-0.04,1.5251
1998-03-31,232082535,696247605,3,4738900000,1159600000,3085700000,954400000,1309000000,344200000,19100000,290100000,0,794800000,61500000,61500000,0.27,0.26,0.18,-8300000,-115700000,119300000,-17500000,79500000,35100000,12.77,14.75,10.79,0.3341,0.0882,1.85,7.13,18.97,3.34,0.4071,0,0.2722,0.1216,0.73,-0.06,1.215
1997-12-31,231617033,694851099,3,4691900000,1199100000,3076300000,957700000,1266300000,349300000,19800000,294200000,0,502500000,108500000,108500000,0.45,0.58,0.18,280000000,-307200000,12300000,25100000,97000000,320900000,14.17,16.42,11.92,0.3821,0.0971,1.79,8.01,23.36,3.28,4.0295,0,0.2657,0.1251,0.78,-0.06,1.2521
1997-09-30,231164745,693494235,3,4622800000,1458400000,3020300000,838200000,1247400000,355100000,20100000,366600000,0,1037800000,112300000,112300000,0.49,0.47,0.18,160800000,-177700000,-43800000,-60300000,80000000,176800000,17.67,21.67,13.67,0.3871,0.0942,1.77,10.77,42.07,3.22,4.2396,0,0.2655,0.1044,0.9,-0.02,1.7399
1997-06-30,230742218,692226654,3,4510300000,1470200000,3014800000,819800000,1157000000,338500000,21100000,369900000,0,1031100000,127000000,127000000,0.57,None,0.18,201800000,-174600000,6500000,33400000,140300000,137800000,16.59,18.67,14.5,0.2213,0.0606,1.64,11.52,58.55,3.16,6.1976,0,0.2518,0.0737,0.82,0.09,1.7934
1997-03-31,229434000,688302000,3,4289500000,1401400000,2956800000,738500000,1016200000,316500000,21700000,322100000,0,945400000,92000000,92000000,0.4,None,7.18,11500000,-53900000,-58900000,-116300000,106900000,53900000,13.33,15.33,11.33,0.127,0.0389,1.44,9.52,52.62,3.1,9.0458,0,0.2318,0.0604,0.65,-0.06,1.8976
1996-12-31,229231063,687693189,3,4321300000,1418700000,3027300000,807500000,983300000,310700000,22200000,330400000,0,990100000,86600000,86600000,0.38,None,0.18,268800000,444200000,-513500000,95700000,223200000,216900000,13.94,15.42,12.46,0.0962,0.0321,1.4,4.62,55.03,0.71,0.9409,0,0.2224,0.0481,0.67,0.08,1.7569
1996-09-30,228609000,685827000,3,5728700000,1300200000,3320200000,1039700000,2097000000,311500000,22700000,342200000,0,910200000,-19800000,-19800000,-0.09,None,0.18,217700000,-160800000,-55400000,5300000,127500000,151700000,12.46,13.08,11.83,0.0817,0.0293,3.02,4.03,30.64,0.65,0.9585,0,0.3621,0.0432,0.68,0.1,1.2506
1996-06-30,230097286,690291858,3,5777300000,1310600000,3316200000,1012800000,2158600000,302500000,23300000,347100000,0,398700000,37000000,37000000,0.16,None,0.18,None,None,None,-14800000,122200000,89000000,12.23,13.21,11.25,0.1309,0.0465,3.09,3.96,None,0.59,0.5999,0,0.3696,0.0593,0.78,None,1.294
1996-03-31,229938648,689815944,3,6057100000,1866800000,3608200000,1185900000,2158000000,290900000,23600000,1420900000,0,1352600000,71800000,71800000,0.31,None,0.18,49100000,-131900000,51000000,-50600000,164300000,104300000,10.84,12,9.67,-0.0282,-0.0098,3.09,3.55,None,0.53,None,0,0.3524,None,0.93,-0.08,1.5742
1995-12-31,229899405,689698215,3,5987100000,1834300000,3587700000,1165100000,2126900000,272500000,23900000,1416100000,0,1330400000,83500000,83500000,0.38,None,0.18,349900000,-147500000,-101100000,105900000,214900000,173600000,9.59,10.67,8.5,-0.024,-0.0085,3.05,3.21,None,0.47,None,0,0.3513,None,0.89,0.26,1.5744
1995-10-08,229254961,687764883,3,5919500000,1817600000,3562800000,1035100000,2081300000,275400000,23800000,1428200000,0,1568800000,83500000,83500000,0.37,None,0.18,217400000,-177600000,-137200000,None,109000000,133600000,10.02,11.29,8.75,-0.046,-0.0165,2.99,3.46,None,0.41,None,0,0.3476,None,0.87,0.12,1.756
1995-06-18,229801459,689404377,3,5990200000,1928000000,3692500000,1111200000,2022600000,275100000,24300000,1435600000,0,1297800000,-297200000,-297200000,-1.32,None,0.18,159000000,-115000000,66800000,None,194500000,105900000,11.48,12.42,10.54,-0.0481,-0.0175,2.9,3.41,24.43,0.35,None,0,0.3336,None,0.85,0.08,1.7351
1995-03-26,229054827,687164481,3,6111100000,1736000000,3510400000,1062600000,2343000000,257700000,24900000,1440900000,0,1116100000,79400000,79400000,0.35,None,0.18,-27700000,-103100000,68500000,-66500000,94800000,63100000,10.98,12.17,9.79,0.1367,None,3.37,3.33,24.58,0.29,0.5198,0,0.3793,0.0613,0.83,-0.13,1.6337
1995-01-01,228348662,685045986,3,6022700000,1726300000,3487800000,1074200000,2287900000,247000000,24900000,1408000000,0,1273500000,35000000,35000000,0.15,None,0.18,303000000,-186200000,-212000000,-93400000,161300000,45700000,10.67,11.71,9.63,0.1328,None,3.3,3.26,None,0.23,0.5391,0,0.3757,0.059,0.82,0.38,1.6071
1994-10-09,227542353,682627059,3,6146900000,1931500000,3698300000,1299900000,2254100000,194500000,25000000,1270100000,0,1442400000,76900000,76900000,0.37,None,0.17,151700000,-70400000,51300000,133700000,254700000,60300000,10.57,11.46,9.67,None,None,3.27,3.3,None,0.17,None,0,0.3626,None,None,0.13,1.4859
1994-06-19,213736161,641208483,3,5621100000,1599600000,3360200000,1063700000,2074700000,186200000,25000000,1217100000,0,1105700000,111400000,111400000,0.54,None,0.17,11300000,31500000,-20200000,22800000,121000000,-21000000,10.73,11.38,10.08,None,None,3.2,3.48,None,0.11,None,0,0.3646,None,None,0.05,1.5038
1994-03-27,208963513,626890539,3,5430200000,1492700000,3291900000,1040200000,1956100000,182200000,25500000,1193100000,0,948900000,58000000,58000000,0.28,None,0.17,-63800000,-334700000,335700000,-62600000,98200000,59800000,10.13,11.04,9.21,None,None,3.08,3.77,None,0.06,None,0,0.3555,None,None,-0.2,1.435
1994-01-02,208672343,626017029,3,5231700000,1471700000,3274500000,1020300000,1711500000,245700000,25700000,1009100000,0,None,None,None,None,None,0,None,None,None,None,160800000,0,8.75,9.33,8.17,None,None,2.69,None,None,0,None,0,0.3222,None,None,None,1.4424
