"Quarter end","Shares","Shares split adjusted","Split factor","Assets","Current Assets","Liabilities","Current Liabilities","Shareholders equity","Non-controlling interest","Preferred equity","Goodwill & intangibles","Long-term debt","Revenue","Earnings","Earnings available for common stockholders","EPS basic","EPS diluted","Dividend per share","Cash from operating activities","Cash from investing activities","Cash from financing activities","Cash change during period","Cash at end of period","Capital expenditures","Price","Price high","Price low","ROE","ROA","Book value of equity per share","P/B ratio","P/E ratio","Cumulative dividends per share","Dividend payout ratio","Long-term debt to equity ratio","Equity to assets ratio","Net margin","Asset turnover","Free cash flow per share","Current ratio"
2018-09-30,243534265,243534265,1,82956000000,None,67371000000,None,15555000000,30000000,0,6129000000,25041000000,11457000000,774000000,772000000,3.18,3.14,0,624000000,125000000,19657000000,20398000000,24032000000,126000000,187.81,208.73,166.88,0.1895,0.0408,63.87,3.1,18.25,4.58,0.0035,1.6098,0.1875,0.0615,0.66,2.04,None
2018-06-30,243364579,243364579,1,63102000000,None,48320000000,None,14743000000,39000000,0,6147000000,5195000000,11477000000,808000000,806000000,3.32,3.29,0,995000000,-99000000,-12000000,863000000,3634000000,117000000,172.95,182.1,163.8,0.1793,0.0409,60.58,2.96,17.04,4.58,0.0038,0.3524,0.2336,0.0582,0.7,3.61,None
2018-03-31,243268191,243268191,1,63141000000,None,48897000000,None,14195000000,49000000,0,6170000000,5191000000,11380000000,917000000,915000000,3.78,3.72,0.04,2025000000,-1700000000,-530000000,-201000000,2771000000,103000000,195.07,227.13,163.02,0.1804,0.0411,58.35,3.45,22.34,4.58,0.0038,0.3657,0.2248,0.0599,0.69,7.9,None
2017-12-31,242875357,242875357,1,61753000000,None,47969000000,None,13735000000,49000000,0,6655000000,5199000000,10531000000,267000000,266000000,1.08,1.07,0,575000000,-603000000,-683000000,-684000000,2972000000,131000000,197.77,212.46,183.08,0.1579,0.0362,56.55,3.45,21.69,4.54,0.0046,0.3785,0.2224,0.0538,0.68,1.83,None
2017-09-30,246549706,246549706,1,61936000000,None,47739000000,None,14145000000,52000000,0,6001000000,5207000000,10382000000,562000000,560000000,2.25,2.21,0,1235000000,-368000000,-825000000,45000000,3656000000,146000000,177.59,188.36,166.81,0.1662,0.0383,57.37,3.07,20.48,4.54,0.0044,0.3681,0.2284,0.0573,0.67,4.42,None
2017-06-30,251778121,251778121,1,61738000000,None,47133000000,None,14546000000,59000000,0,6000000000,4622000000,10318000000,810000000,813000000,3.2,3.15,0,697000000,-615000000,-628000000,-544000000,3611000000,103000000,159.95,173.21,146.7,0.1593,0.0367,57.77,2.88,21.36,4.54,0.0046,0.3178,0.2356,0.0555,0.67,2.36,None
2017-03-31,256014619,256014619,1,61147000000,None,46862000000,None,14226000000,59000000,0,8232000000,4621000000,10385000000,593000000,598000000,2.34,2.3,0.04,1579000000,-117000000,-515000000,970000000,4155000000,91000000,144.18,154.83,133.52,0.1408,0.0319,55.57,2.7,20.05,4.54,0.0053,0.3248,0.2327,0.0484,0.67,5.81,None
2016-12-31,257052404,257052404,1,59360000000,None,45575000000,None,13723000000,62000000,0,8207000000,4756000000,9944000000,374000000,382000000,1.49,1.46,0,952000000,-985000000,30000000,-39000000,3185000000,99000000,128.51,142,115.03,0.139,0.0309,53.39,2.36,17.44,4.5,0.0055,0.3466,0.2312,0.0471,0.67,3.32,None
2016-09-30,256738638,256738638,1,60762000000,None,46712000000,None,13974000000,76000000,0,8618000000,4780000000,9880000000,452000000,456000000,1.78,1.76,0,1878000000,-1088000000,-32000000,770000000,3224000000,108000000,136.26,148.99,123.53,0.1469,0.032,54.43,2.62,17.67,4.5,0.0054,0.3421,0.23,0.0487,0.66,6.89,None
2016-06-30,256570151,256570151,1,59506000000,None,46071000000,None,13356000000,79000000,0,8634000000,4789000000,9960000000,503000000,510000000,2,1.97,0,302000000,-168000000,-77000000,53000000,2454000000,142000000,132.39,142.91,121.87,0.1607,0.0341,52.06,2.68,16.55,4.5,0.0051,0.3586,0.2244,0.0516,0.67,0.62,None
2016-03-31,256513083,256513083,1,58884000000,None,46127000000,None,12675000000,82000000,0,8817000000,4791000000,9884000000,514000000,519000000,2.04,2,0.04,894000000,-333000000,-146000000,433000000,2401000000,112000000,135.74,147.93,123.54,0.1742,0.0358,49.41,2.89,16.88,4.5,0.0049,0.378,0.2153,0.0543,0.67,3.05,None
2015-12-31,255766310,255766310,1,57088000000,None,44975000000,None,12035000000,78000000,0,8495000000,0,9528000000,418000000,426000000,1.65,1.64,0,998000000,-1302000000,-105000000,-413000000,1968000000,153000000,138.01,148.51,127.51,0.1819,0.0362,47.05,3.02,16.87,4.46,0.0049,0,0.2108,0.0553,0.66,3.3,None
2015-09-30,257599928,257599928,1,56909000000,None,45055000000,None,11774000000,80000000,0,8713000000,0,9389000000,544000000,547000000,2.14,2.1,0,610000000,-201000000,21000000,412000000,2381000000,111000000,145.9,166.19,125.61,0.1907,0.0372,45.71,3.33,18.03,4.46,0.0048,0,0.2069,0.0573,0.65,1.94,None
2015-06-30,257495372,257495372,1,57132000000,None,45753000000,None,11290000000,89000000,0,8763000000,0,9492000000,584000000,588000000,2.3,2.26,0,445000000,-47000000,-1049000000,-651000000,1969000000,131000000,147.47,170.63,124.3,0.1922,0.0372,43.85,3.47,18.55,4.46,0.0049,0,0.1976,0.0579,0.65,1.22,None
2015-03-31,257367068,257367068,1,58122000000,None,47081000000,None,10942000000,99000000,0,9014000000,0,9467000000,531000000,533000000,2.08,2.04,0.04,664000000,-49000000,603000000,1200000000,2620000000,115000000,115.91,131.13,100.68,0.1924,0.0372,42.52,2.78,14.8,4.46,0.0049,0,0.1883,0.0587,0.64,2.13,None
2014-12-31,258442718,258442718,1,55896000000,None,45017000000,None,10774000000,105000000,0,8672000000,0,8928000000,462000000,467000000,1.81,1.78,0,522000000,-350000000,-358000000,-201000000,1420000000,123000000,95.74,105.73,85.75,0.1936,0.0376,41.69,2.24,13.04,4.42,0.0051,0,0.1928,0.0602,0.63,1.54,None
2014-09-30,261578645,261578645,1,55653000000,None,44385000000,None,11157000000,111000000,0,8443000000,0,8757000000,531000000,534000000,2.04,2.01,0,470000000,-573000000,-217000000,-346000000,1621000000,114000000,92.31,97.28,87.33,0.1849,0.0361,42.65,2.23,12.68,4.42,0.0054,0,0.2005,0.0585,0.62,1.36,None
2014-06-30,263817071,263817071,1,55929000000,None,44878000000,None,10937000000,114000000,0,8525000000,0,8733000000,572000000,573000000,2.16,2.12,0,512000000,-326000000,-508000000,-309000000,1967000000,139000000,83.34,93.2,73.47,0.1924,0.0368,41.46,2.12,12.04,4.42,0.0053,0,0.1956,0.0603,0.61,1.41,None
2014-03-31,268650946,268650946,1,55173000000,None,44508000000,None,10556000000,109000000,0,8560000000,0,8496000000,529000000,528000000,1.96,1.92,0.04,490000000,-506000000,-499000000,-519000000,2276000000,97000000,83,90.63,75.37,0.1912,0.0359,39.29,2.15,15.96,4.42,0.0055,0,0.1913,0.0596,0.6,1.46,None
2013-12-31,273566004,273566004,1,54336000000,None,43659000000,None,10567000000,110000000,0,8436000000,0,8151000000,363000000,363000000,1.31,1.29,0,612000000,-725000000,-159000000,-260000000,2795000000,113000000,80.6,88.57,72.64,0.1483,0.0272,38.63,2.26,15.01,4.38,0.0077,0,0.1945,0.0456,0.6,1.82,None
2013-09-30,276411976,276411976,1,54043000000,None,44074000000,None,9874000000,95000000,0,8460000000,0,8066000000,553000000,553000000,1.99,1.95,0,830000000,-407000000,-617000000,-154000000,3055000000,205000000,77.9,84.68,71.12,0.1557,0.0281,35.72,2.25,15.49,4.38,0.0075,0,0.1827,0.0479,0.59,2.26,None
2013-06-30,282839284,282839284,1,53829000000,None,43953000000,None,9775000000,101000000,0,8619000000,0,7980000000,505000000,505000000,1.79,1.76,0,82000000,185000000,-339000000,-97000000,3209000000,125000000,67.5,73.13,61.88,0.1481,0.0266,34.56,1.99,14.74,4.38,0.008,0,0.1816,0.0462,0.57,-0.15,None
2013-03-31,285322450,285322450,1,54939000000,None,45166000000,None,9660000000,113000000,0,8836000000,0,8183000000,57000000,57000000,0.2,0.2,0.04,-805000000,962000000,185000000,328000000,3306000000,84000000,58.55,63.19,53.91,0.1379,0.0243,33.86,1.71,10.34,4.38,0.0087,0,0.1758,0.0429,0.57,-3.12,None
2012-12-31,285954499,285954499,1,53734000000,None,43851000000,None,9769000000,114000000,0,8356000000,0,7516000000,406000000,406000000,1.43,1.46,0,793000000,7000000,-78000000,742000000,2978000000,79000000,50.92,54.53,47.31,0.176,0.0304,34.16,1.53,9.68,4.34,0.0071,0,0.1818,0.0557,0.55,2.5,None
2012-09-30,285890413,285890413,1,53531000000,None,44001000000,None,9530000000,0,0,8107000000,0,7358000000,466000000,466000000,1.64,1.61,0,-320000000,-441000000,-58000000,-809000000,2236000000,121000000,43.63,47.92,39.34,0.17,0.0286,33.33,1.39,9.94,4.34,0.0077,0,0.178,0.0557,0.51,-1.54,None
2012-06-30,288363488,288363488,1,53553000000,None,44531000000,None,9022000000,0,0,8182000000,0,7457000000,380000000,380000000,1.33,1.31,0,936000000,-4000000,14000000,934000000,3045000000,127000000,45.92,49.63,42.21,0.1474,0.0242,31.29,1.55,10.03,4.34,0.0093,0,0.1685,0.049,0.49,2.81,None
2012-03-31,288321052,288321052,1,52785000000,None,44224000000,None,8561000000,0,0,8054000000,0,6788000000,371000000,371000000,1.3,1.28,0.04,941000000,-3419000000,-106000000,-2579000000,2111000000,81000000,45.58,49.89,41.27,0.1576,0.0256,29.69,1.57,9.36,4.34,0.0091,0,0.1622,0.0543,0.47,2.98,None
2011-12-31,286517042,286517042,1,51047000000,None,42703000000,None,8344000000,0,0,4940000000,0,5463000000,290000000,290000000,1.08,1.06,0,248000000,-44000000,2590000000,2788000000,4690000000,131000000,43.22,47.61,38.82,0.173,0.0276,29.12,1.5,7.86,4.3,0.0082,0,0.1635,0.0603,0.46,0.41,None
2011-09-30,270222950,270222950,1,47804000000,None,40043000000,None,7761000000,0,0,4641000000,0,5613000000,200000000,200000000,0.74,0.74,0,664000000,-522000000,4000000,128000000,1902000000,104000000,46.59,52.95,40.24,0.2068,0.032,28.72,1.67,7.91,4.3,0.0072,0,0.1624,0.0682,0.47,2.07,None
2011-06-30,270197763,270197763,1,47033000000,None,39485000000,None,7548000000,0,0,4443000000,0,5509000000,408000000,408000000,1.52,1.5,0,528000000,-388000000,-32000000,118000000,1774000000,114000000,47.3,51.81,42.8,0.2319,0.0347,27.94,1.82,8.68,4.3,0.0067,0,0.1605,0.0742,0.47,1.53,None
2011-03-31,270569454,270569454,1,46517000000,None,39493000000,None,7024000000,0,0,4354000000,0,5413000000,429000000,429000000,1.59,1.57,0.04,51000000,-316000000,305000000,51000000,1656000000,73000000,40.52,44.29,36.76,0.2284,0.0327,25.96,1.65,8.27,4.3,0.0073,0,0.151,0.0695,0.47,-0.08,None
2010-12-31,271234488,271234488,1,45682000000,None,39019000000,None,6645000000,18000000,0,4357000000,0,5429000000,461000000,461000000,1.71,1.69,0,460000000,-284000000,24000000,201000000,1605000000,91000000,36.43,38.53,34.33,0.2161,0.0299,24.5,1.53,8.26,4.26,0.0082,0,0.1455,0.0633,0.47,1.36,None
2010-09-30,270920033,270920033,1,45979000000,None,39493000000,None,6469000000,17000000,0,4579000000,0,5266000000,307000000,307000000,1.13,1.13,0,510000000,-522000000,-51000000,-45000000,1404000000,89000000,32.58,36.03,29.12,0.205,0.0274,23.88,1.48,7.29,4.26,0.0091,0,0.1407,0.0593,0.46,1.55,None
2010-06-30,272188406,272188406,1,44432000000,None,38441000000,None,5976000000,15000000,0,4074000000,0,5353000000,294000000,294000000,1.07,1.06,0,379000000,-413000000,194000000,150000000,1449000000,68000000,34.2,37.61,30.78,0.221,0.0284,21.96,1.63,6.85,4.26,0.009,0,0.1345,0.0627,0.45,1.14,None
2010-03-31,276674906,276674906,1,43864000000,None,38049000000,None,5801000000,14000000,0,3883000000,0,5205000000,283000000,283000000,1.03,1.02,0.04,394000000,-123000000,107000000,375000000,1299000000,52000000,35.63,39.26,32,0.2638,0.0322,20.97,1.81,7.53,4.26,0.008,0,0.1322,0.073,0.44,1.24,None
2009-12-31,274968520,274968520,1,43013000000,None,37584000000,None,5417000000,12000000,0,3932000000,0,4636000000,329000000,329000000,1.2,1.2,0,476000000,-411000000,17000000,88000000,924000000,89000000,32.47,38.12,26.83,0.2756,0.0309,19.7,1.72,11.81,4.22,0.0084,0,0.1259,0.0707,0.44,1.41,None
2009-09-30,273436995,273436995,1,42653000000,None,37485000000,None,5157000000,11000000,0,4042000000,0,4517000000,329000000,329000000,1.2,1.19,0,157000000,-426000000,79000000,-186000000,836000000,82000000,28.05,33,23.1,0.179,0.0183,18.86,1.7,12.87,4.22,0.0143,0,0.1209,0.0411,0.45,0.27,None
2009-06-30,272704706,272704706,1,41649000000,None,37151000000,None,4489000000,9000000,0,4096000000,0,4488000000,435000000,435000000,1.59,1.58,0,40000000,-482000000,74000000,-353000000,1022000000,76000000,21.22,25.6,16.84,0.1464,0.0147,16.46,1.51,13.52,4.22,0.018,0,0.1078,0.032,0.46,-0.13,None
2009-03-31,272776207,272776207,1,41234000000,None,37396000000,None,3831000000,7000000,0,4302000000,0,4773000000,209000000,209000000,0.76,0.76,0.04,72000000,-166000000,137000000,33000000,1375000000,60000000,17.87,23.06,12.68,0.1054,0.0108,14.04,1.35,17.52,4.22,0.0246,0,0.0929,0.0229,0.47,0.04,None
2008-12-31,271037887,271037887,1,41406000000,None,37814000000,None,3592000000,0,0,4398000000,0,4817000000,-209000000,-209000000,-0.78,-0.78,0,606000000,-268000000,-63000000,264000000,1342000000,78000000,21.23,34.47,8,0.0656,0.0071,13.25,1.24,7.75,4.18,0.0385,0,0.0868,0.0153,0.46,1.95,None
2008-09-30,271723618,271723618,1,40776000000,None,36134000000,None,4642000000,0,0,3948000000,0,4852000000,171000000,171000000,0.63,0.62,0,491000000,43000000,-246000000,273000000,1078000000,51000000,37.95,44.13,31.76,0.1612,0.0187,17.08,2.19,11.16,4.18,0.0184,0,0.1138,0.0408,0.46,1.62,None
2008-06-30,274856896,274856896,1,41415000000,None,36661000000,None,4754000000,0,0,3800000000,0,4863000000,272000000,272000000,0.98,0.97,0,207000000,-2184000000,-67000000,-2045000000,805000000,60000000,39.75,44.43,35.07,0.2066,0.0236,17.3,2.32,12.78,4.18,0.0176,0,0.1148,0.0523,0.45,0.53,None
2008-03-31,280813911,280813911,1,40988000000,None,36174000000,None,4814000000,0,0,2667000000,0,4569000000,58000000,58000000,0.21,0.21,0.04,352000000,-163000000,690000000,880000000,2850000000,68000000,46.86,56.98,36.75,0.1986,0.0218,17.14,2.76,12.09,4.18,0.0222,0,0.1174,0.0496,0.44,1.01,None
2007-12-31,280085645,280085645,1,40065000000,None,35317000000,None,4748000000,0,0,2319000000,0,4455000000,263000000,263000000,0.95,0.94,0.01,576000000,176000000,-208000000,549000000,1970000000,79000000,52.55,56.89,48.21,0.2601,0.0272,16.95,3.46,13.98,4.14,0.0097,0,0.1185,0.0633,0.43,1.77,None
2007-09-30,279163023,279163023,1,39800000000,None,35564000000,None,4236000000,0,0,2298000000,0,4413000000,365000000,365000000,1.3,1.28,0.01,348000000,197000000,-230000000,317000000,1421000000,78000000,49.17,54.7,43.65,0.2592,0.0261,15.17,3.47,14.48,4.13,0.0092,0,0.1064,0.0624,0.42,0.97,None
2007-06-30,282862072,282862072,1,41526000000,None,37517000000,None,4009000000,0,0,2485000000,0,4381000000,198000000,198000000,0.7,0.68,0.01,40000000,47000000,-573000000,-486000000,1104000000,86000000,52.25,56.87,47.63,0.2429,0.0241,14.17,3.62,14.96,4.12,0.0096,0,0.0965,0.0595,0.41,-0.16,None
2007-03-31,95931638,287794914,3,42378000000,None,38226000000,None,4152000000,0,0,2162000000,0,4374000000,289000000,289000000,2.99,2.93,0.025,378000000,-151000000,-30000000,197000000,1589000000,19000000,45.72,49.11,42.33,0.2506,0.0258,14.43,3.09,13.16,4.11,0.0089,0,0.098,0.0649,0.4,1.25,None
2006-12-31,97472470,292417410,3,42399000000,None,38069000000,None,4330000000,0,0,2115000000,0,4205000000,232000000,232000000,2.3,2.47,0.02,262000000,236000000,-316000000,184000000,1392000000,43000000,41.14,44.21,38.07,0.2479,0.027,14.81,2.97,12.88,4.1,0.0089,0,0.1021,0.0698,0.39,0.75,None
2006-09-30,102567908,307703724,3,42189000000,None,37932000000,None,4257000000,0,0,2084000000,0,4137000000,298000000,298000000,2.8,2.75,0.025,299000000,487000000,-969000000,-180000000,1208000000,26000000,35.09,39.83,30.35,0.2305,0.0261,13.83,2.49,11.92,4.1,0.0095,0,0.1009,0.0685,0.38,0.89,None
2006-06-30,110894350,332683050,3,42276000000,None,37582000000,None,4694000000,0,0,1622000000,0,4098000000,273000000,273000000,2.37,2.33,0.025,168000000,168000000,-853000000,-517000000,1388000000,37000000,36.86,44.37,29.35,0.2077,0.0247,14.11,2.47,9.23,4.09,0.0104,0,0.111,0.0666,0.37,0.39,None
2006-03-31,119758787,359276361,3,44028000000,None,38676000000,None,5352000000,0,0,1622000000,0,4107000000,352000000,352000000,2.93,2.87,0.025,-87000000,657000000,-375000000,195000000,1904000000,30000000,40.56,44.59,36.53,0.277,0.0337,14.9,2.75,9.82,4.08,0.0076,0,0.1216,0.0937,0.36,-0.33,None
2005-12-31,121068516,363205548,3,44863000000,None,39503000000,None,5360000000,0,0,1622000000,0,4210000000,210000000,210000000,1.67,1.63,0.02,465000000,535000000,-539000000,458000000,1709000000,29000000,37.48,39.94,35.03,0.2927,0.0343,14.76,2.5,7.52,4.07,0.0078,0,0.1195,0.0974,0.35,1.2,None
2005-09-30,125780161,377340483,3,45897000000,None,40239000000,None,5658000000,0,0,1620000000,0,4022000000,259000000,259000000,2.04,2,0.025,-166000000,231000000,-695000000,-630000000,1251000000,-19000000,36.84,39.41,34.27,0.3583,0.035,14.99,2.42,7.25,4.06,0.0065,0,0.1233,0.1174,0.3,-0.39,None
2005-06-30,128567742,385703226,3,47866000000,None,41987000000,None,5879000000,0,0,1620000000,0,4107000000,720000000,720000000,5.58,5.48,0.025,148000000,-454000000,-215000000,-521000000,1879000000,28000000,32.52,36.48,28.55,0.3854,0.0302,15.24,2.41,7.35,4.06,0.0065,0,0.1228,0.1174,0.26,0.31,None
2005-03-31,130887364,392662092,3,50877000000,None,45568000000,None,5309000000,0,0,1620000000,0,4345000000,436000000,436000000,3.34,3.28,0.03,271000000,-54000000,-336000000,-119000000,2400000000,23000000,28.48,30.91,26.04,0.3696,0.023,13.52,2.16,8.13,4.05,0.0074,0,0.1043,0.1012,0.23,0.63,None
2004-12-31,131553713,394661139,3,81059000000,None,75856000000,None,5203000000,0,0,1620000000,0,4342000000,560000000,560000000,4.24,4.19,0.02,255000000,-439000000,-222000000,-406000000,2519000000,6000000,23.49,27.6,19.38,0.3051,0.0162,13.18,2.03,8.54,4.04,0.039,0,0.0642,0.0791,0.2,0.63,None
2004-09-30,134252295,402756885,3,88873000000,None,84216000000,None,4657000000,0,0,1620000000,0,4479000000,312000000,312000000,2.31,2.29,0.025,-82000000,373000000,-399000000,-108000000,2925000000,0,21.55,23.47,19.64,0.2527,0.0126,11.56,2.06,8.8,4.03,0.0869,0,0.0524,0.0627,0.2,-0.2,None
2004-06-30,137526222,412578666,3,92063000000,None,87741000000,None,4322000000,0,0,1620000000,0,4633000000,493000000,493000000,3.55,3.51,0.025,190000000,1799000000,-447000000,1542000000,3033000000,14000000,21.56,23.51,19.61,0.2324,0.0113,10.48,1.96,18.69,4.02,0.1384,0,0.0469,0.0555,0.2,0.43,None
2004-03-31,141403654,424210962,3,92832000000,None,88164000000,None,4668000000,0,0,1620000000,0,4722000000,73000000,73000000,0.52,0.52,0.33,1073000000,-515000000,-459000000,99000000,1491000000,18000000,19.48,21.32,17.63,0.1102,0.0053,11,1.81,12.65,4.01,0.3816,0,0.0503,0.0261,0.2,2.49,None
2003-12-31,140973691,422921073,3,90992000000,None,86434000000,None,4558000000,0,0,1620000000,0,4501000000,272000000,272000000,1.94,1.93,0.33,1467000000,-954000000,-1082000000,-569000000,1392000000,40000000,17.12,19.53,14.7,0.1517,0.0072,10.78,1.7,16.68,3.9,0.2853,0,0.0501,0.0346,0.21,3.37,None
2003-09-30,140490168,421470504,3,90173000000,None,85938000000,None,4235000000,0,0,1620000000,0,4773000000,195000000,195000000,1.4,1.39,0.33,201000000,57000000,-72000000,186000000,1961000000,21000000,15,16.67,13.33,0.1034,0.0047,10.05,1.5,None,3.79,0.4352,0,0.047,0.0228,0.21,0.43,None
2003-06-30,140233074,420699222,3,91338000000,None,87127000000,None,4211000000,0,0,1620000000,0,4634000000,-53000000,-53000000,-0.38,-0.38,0.33,88000000,-313000000,-61000000,-286000000,1775000000,20000000,17.16,19.14,15.17,-0.1552,-0.0072,10.01,1.75,None,3.68,None,0,0.0461,None,0.21,0.16,None
2003-03-31,140198196,420594588,3,88984000000,None,84849000000,None,4135000000,0,0,1620000000,0,4900000000,236000000,236000000,1.69,1.68,0.33,552000000,414000000,-480000000,486000000,2061000000,26000000,14.29,15.56,13.03,-0.086,-0.0043,9.83,1.55,None,3.57,None,0,0.0465,None,0.22,1.25,None
2002-12-31,139593057,418779171,3,88950000000,None,85083000000,None,3867000000,0,0,1620000000,0,4332000000,47000000,47000000,0.35,0.39,0.33,682000000,-1516000000,-51000000,-887000000,1575000000,98000000,18.05,24.73,11.38,-0.0857,-0.0044,9.23,1.69,None,3.46,None,0,0.0435,None,0.21,1.39,None
2002-09-30,139385613,418156839,3,89614000000,None,85156000000,None,4458000000,0,0,1648000000,0,5218000000,-877000000,-877000000,-6.27,-6.27,0.33,569000000,178000000,441000000,1189000000,2477000000,0,27.93,32.8,23.07,-0.0514,-0.0028,10.66,2.25,13.62,3.35,None,0,0.0497,None,0.22,1.36,None
2002-06-30,140130070,420390210,3,89242000000,None,84035000000,None,5207000000,0,0,1652000000,0,4971000000,214000000,214000000,1.52,1.5,0.33,-221000000,-21000000,-95000000,-337000000,1288000000,0,34.31,37,31.62,0.1732,0.0099,12.39,2.88,16.31,3.24,0.2064,0,0.0583,0.0458,0.22,-0.53,None
2002-03-31,140877291,422631873,3,92286000000,None,87244000000,None,5042000000,0,0,1652000000,0,4827000000,218000000,218000000,1.54,1.52,0.33,348000000,-127000000,-530000000,-308000000,1625000000,0,31.55,33.84,29.25,0.1799,0.0102,11.93,2.65,14.41,3.13,0.1992,0,0.0546,0.0485,0.21,0.82,None
2001-12-31,141477878,424433634,3,91589000000,None,86534000000,None,5055000000,0,0,1808000000,0,4942000000,191000000,191000000,1.33,1.32,0.32,377000000,-369000000,339000000,348000000,1933000000,0,27.46,31.63,23.29,0.1885,0.011,11.91,2.24,11.72,3.02,0.189,0,0.0552,0.0517,0.21,0.89,None
2001-09-30,144627101,433881303,3,88671000000,None,83348000000,None,5323000000,0,0,1824000000,0,4778000000,270000000,270000000,1.83,1.81,0.32,369000000,-472000000,13000000,-89000000,1585000000,0,29.71,34.24,25.17,0.2015,0.0118,12.27,2.5,12.81,2.92,0.1756,0,0.06,0.0558,0.21,0.85,None
2001-06-30,148142602,444427806,3,91494000000,None,86213000000,None,5281000000,0,0,1842000000,0,4663000000,252000000,252000000,1.69,1.66,0.32,182000000,-936000000,378000000,-378000000,1674000000,0,33.01,36.77,29.25,0.2025,0.0117,11.88,2.79,15.74,2.81,0.1755,0,0.0577,0.0555,0.21,0.41,None
2001-03-31,149754190,449262570,3,88321000000,None,82996000000,None,5325000000,0,0,1860000000,0,4732000000,276000000,276000000,1.82,1.78,0.32,158000000,-251000000,-60000000,-154000000,2052000000,0,39.04,44.98,33.1,0.1839,0.0105,11.85,3.29,19.17,2.7,0.193,0,0.0603,0.05,0.21,0.35,None
2000-12-31,152005000,456015000,3,95088000000,None,89675000000,None,5413000000,0,0,1878000000,0,5106000000,277000000,277000000,1.82,1.78,0.31,459000000,-241000000,-24000000,189000000,2206000000,0,40.13,45.58,34.68,0.1787,0.0102,11.87,3.44,19.77,2.6,0.1966,0,0.0569,0.0494,0.21,1.01,None
2000-09-30,153502181,460506543,3,96725000000,None,91348000000,None,5377000000,0,0,1896000000,0,5026000000,278000000,278000000,1.78,1.74,0.31,309000000,-268000000,-241000000,-202000000,2017000000,0,32.14,35.33,28.96,0.1756,0.0104,11.68,2.78,9.85,2.49,0.1971,0,0.0556,0.0531,0.2,0.67,None
2000-06-30,157591082,472773246,3,96527000000,None,91061000000,None,5466000000,0,0,1913000000,0,4971000000,161000000,161000000,1,0.99,0.31,469000000,-777000000,20000000,-291000000,2219000000,0,28.82,33.17,24.46,0.2901,0.0187,11.56,2.41,8.71,2.39,0.1152,0,0.0566,0.0963,0.19,0.99,None
2000-03-31,162853250,488559750,3,96997000000,None,91159000000,None,5838000000,0,0,1937000000,0,4891000000,271000000,271000000,1.61,1.6,0.31,448000000,379000000,-529000000,278000000,2510000000,0,24.39,28.54,20.25,0.2803,0.0196,11.95,2.01,7.92,2.29,0.1166,0,0.0602,0.1016,0.19,0.92,None
1999-12-31,168574562,505723686,3,95333000000,None,89184000000,None,6149000000,0,0,1955000000,0,3995000000,292000000,292000000,1.74,1.76,0.3,792000000,1390000000,-1809000000,381000000,2232000000,0,25.11,29.08,21.15,0.2487,0.018,12.16,1.95,8.74,2.18,0.128,0,0.0645,0.0945,0.19,1.57,None
1999-09-30,185952253,557856759,3,92773000000,None,85597000000,None,7176000000,0,0,1974000000,0,4689000000,1062000000,1062000000,5.44,5.44,0.3,315000000,1557000000,-1399000000,589000000,1851000000,0,28.14,31.46,24.83,0.2244,0.0166,12.86,2.29,19.32,2.08,0.136,0,0.0774,0.0849,0.2,0.56,None
1999-06-30,199121311,597363933,3,93446000000,None,86105000000,None,7341000000,0,0,2050000000,0,4697000000,232000000,232000000,1.15,1.13,0.3,None,None,None,77000000,1262000000,0,29.98,32.88,27.08,0.1149,0.0085,12.29,2.33,19.3,1.98,0.2619,0,0.0786,0.0437,0.19,None,None
1999-03-31,203460700,610382100,3,112453000000,None,104584000000,None,7869000000,0,0,2461000000,0,5400000000,188000000,188000000,0.92,0.91,0.3,122000000,-237000000,-681000000,-801000000,2227000000,0,26.67,28.83,24.52,0.1207,0.0088,12.89,1.98,13.29,1.88,0.2435,0,0.07,0.046,0.19,0.2,None
1998-12-31,205049649,615148947,3,114612000000,None,106335000000,None,8277000000,0,0,2495000000,0,5479000000,238000000,238000000,1.15,1.14,0.28,428000000,1306000000,87000000,1866000000,3028000000,0,24.07,27.46,20.67,0.1561,0.0116,13.46,1.83,11.98,1.78,0.1868,0,0.0722,0.0603,0.19,0.7,None
1998-09-30,206482621,619447863,3,109296000000,None,101140000000,None,8156000000,0,0,2462000000,0,5226000000,251000000,251000000,1.2,1.19,0.29,302000000,-710000000,-319000000,-741000000,1162000000,0,21.95,24.83,19.06,0.158,0.0118,13.17,1.68,10.83,1.69,0.1885,0,0.0746,0.0603,0.2,0.49,None
1998-06-30,212280085,636840255,3,110927000000,None,102587000000,None,8340000000,0,0,2490000000,0,5321000000,308000000,308000000,1.44,1.42,0.29,-22000000,159000000,-555000000,-419000000,1903000000,0,23.17,23.92,22.42,0.1623,0.0121,13.1,1.8,11.77,1.59,0.1857,0,0.0752,0.0618,0.2,-0.03,None
1998-03-31,215351649,646054947,3,111219000000,None,102894000000,None,8325000000,0,0,2517000000,0,5411000000,495000000,495000000,2.3,2.27,0.29,-81000000,537000000,-752000000,-303000000,2322000000,0,20.89,23.11,18.67,0.1627,0.012,12.89,1.71,12.74,1.5,0.1897,0,0.0749,0.0622,0.19,-0.13,None
1997-12-31,72244214,650197926,9,108199000000,None,100267000000,None,7932000000,0,0,2542000000,0,5492000000,240000000,240000000,3.45,None,0.83,509000000,-41000000,253000000,682000000,2625000000,0,18.76,20.69,16.83,0.142,0.0104,12.2,1.56,10.99,1.4,0.2249,0,0.0733,0.0542,0.19,0.78,None
1997-09-30,74057237,666515133,9,106428000000,None,98437000000,None,7991000000,0,0,2545000000,0,5182000000,279000000,279000000,3.72,None,0.83,369000000,-377000000,-215000000,-219000000,1470000000,0,20.89,22.31,19.48,0.1543,0.0113,11.99,1.84,12.26,1.31,0.2114,0,0.0751,0.0593,0.19,0.55,None
1997-06-30,74014308,666128772,9,103662000000,None,96114000000,None,7548000000,0,0,2563000000,0,4719000000,279000000,279000000,3.73,None,0.83,38000000,-423000000,866000000,466000000,1689000000,0,18.13,20.81,15.44,0.1598,0.0116,11.33,1.7,11.17,1.22,0.2099,0,0.0728,0.0609,0.19,0.06,None
1997-03-31,73993750,665943750,9,98752000000,None,91635000000,None,7117000000,0,0,1053000000,0,4645000000,288000000,288000000,3.86,None,0.83,315000000,-125000000,-246000000,-64000000,1223000000,0,16.48,17.93,15.03,0.1568,0.0113,10.69,1.52,10.71,1.12,0.2184,0,0.0721,0.0584,0.19,0.47,None
1996-12-31,74020202,666181818,9,98932000000,None,91724000000,None,7208000000,0,0,1068000000,0,4889000000,306000000,306000000,4.06,None,0.8,359000000,-1095000000,-50000000,-801000000,1287000000,0,14.55,15.82,13.28,0.1511,0.0109,10.82,1.4,9.6,1.03,0.2286,0,0.0729,0.0557,0.2,0.54,None
1996-09-30,75180739,676626651,9,97347000000,None,90339000000,None,7008000000,0,0,1078000000,0,4685000000,281000000,281000000,3.69,None,0.8,399000000,140000000,107000000,654000000,2088000000,0,12.66,13.6,11.72,0.1479,0.0107,10.36,1.26,52.03,0.94,0.2328,0,0.072,0.0547,0.2,0.59,None
1996-06-30,75973510,683761590,9,95899000000,None,89014000000,None,6885000000,0,0,1097000000,0,4731000000,231000000,231000000,3,3,0.8,21000000,259000000,-104000000,165000000,1434000000,0,12.14,13.1,11.19,0.0271,0.0019,10.07,1.22,56.61,0.85,1.2855,0,0.0718,0.0098,0.2,0.03,None
1996-03-31,76511754,688605786,9,95417000000,None,88554000000,None,6863000000,0,0,1107000000,0,4645000000,238000000,238000000,3.1,3.1,0.8,-79000000,339000000,-546000000,-290000000,1269000000,0,12.71,13.94,11.47,0.0233,0.0017,9.97,1.22,42.68,0.76,1.4601,0,0.0719,0.0084,0.2,-0.11,None
1995-12-31,76458246,688124214,9,95903000000,None,88746000000,None,7157000000,0,0,1118000000,0,4806000000,282000000,282000000,3.85,None,0.76,761000000,-1181000000,246000000,-216000000,1559000000,0,11.68,12.78,10.58,0.0318,0.0023,10.4,1.25,77.87,0.68,1.0712,0,0.0746,0.0111,0.2,1.11,None
1995-09-30,75939097,683451873,9,93749000000,None,87355000000,None,6394000000,0,0,1135000000,0,4642000000,-566000000,-566000000,-7.76,None,0.76,-375000000,-366000000,819000000,68000000,1775000000,0,10.2,11.78,8.61,0.0176,0.0012,9.36,0.98,8.49,0.59,2.0087,0,0.0682,0.0059,0.21,-0.55,None
1995-06-30,72536885,652831965,9,91734000000,None,84905000000,None,6829000000,0,0,1142000000,0,4753000000,205000000,205000000,2.82,2.74,0.76,243000000,-1324000000,496000000,-536000000,1707000000,0,8.18,8.78,7.58,0.1294,0.0091,10.46,0.86,7.41,0.51,0.2752,0,0.0744,0.0425,0.21,0.37,None
1995-03-31,72464521,652180689,9,88847000000,None,82660000000,None,6187000000,0,0,1152000000,0,4754000000,290000000,290000000,4,3.85,0.76,475000000,-842000000,917000000,550000000,2243000000,0,7.71,8.49,6.92,0.123,None,9.49,0.87,9.06,0.42,0.3013,0,0.0696,0.0392,0.22,0.73,None
1994-12-31,72441624,651974616,9,86102000000,None,80291000000,None,5811000000,0,0,1165000000,0,4723000000,182000000,182000000,2.52,None,0.76,188000000,-1334000000,1185000000,31000000,1693000000,0,7.13,7.71,6.56,0.0937,None,8.91,0.79,None,0.34,0.3967,0,0.0675,0.0301,0.22,0.29,None
1994-09-30,72236930,650132370,9,86004000000,None,80104000000,None,5900000000,0,0,1188000000,0,4600000000,123000000,123000000,1.7,None,0.76,17000000,-148000000,576000000,477000000,1662000000,0,7.41,8.22,6.6,None,None,9.08,0.82,None,0.25,None,0,0.0686,None,None,0.03,None
1994-06-30,72242348,650181132,9,84322000000,None,78472000000,None,5850000000,0,0,1207000000,0,4538000000,135000000,135000000,1.86,None,0.76,78000000,-615000000,335000000,-196000000,1185000000,0,7.28,8.22,6.33,None,None,9,0.78,None,0.17,None,0,0.0694,None,None,0.12,None
1994-03-31,72286505,650578545,9,84887000000,None,78791000000,None,6096000000,0,0,1231000000,0,4531000000,114000000,114000000,1.58,None,0.76,192000000,10000000,-34000000,170000000,1381000000,0,7.13,7.83,6.44,None,None,9.37,0.71,None,0.08,None,0,0.0718,None,None,0.3,None
1993-12-31,72359080,651231720,9,84975000000,None,78400000000,None,6575000000,0,0,1262000000,0,None,None,None,None,None,0,None,None,None,None,1211000000,0,7.22,7.6,6.85,None,None,10.1,None,None,0,None,0,0.0774,None,None,None,None
