"Quarter end","Shares","Shares split adjusted","Split factor","Assets","Current Assets","Liabilities","Current Liabilities","Shareholders equity","Non-controlling interest","Preferred equity","Goodwill & intangibles","Long-term debt","Revenue","Earnings","Earnings available for common stockholders","EPS basic","EPS diluted","Dividend per share","Cash from operating activities","Cash from investing activities","Cash from financing activities","Cash change during period","Cash at end of period","Capital expenditures","Price","Price high","Price low","ROE","ROA","Book value of equity per share","P/B ratio","P/E ratio","Cumulative dividends per share","Dividend payout ratio","Long-term debt to equity ratio","Equity to assets ratio","Net margin","Asset turnover","Free cash flow per share","Current ratio"
2015-12-31,254340724,254340724,1,16326000000,1202000000,11730000000,2308000000,4413000000,183000000,0,1406000000,4695000000,1150000000,130000000,130000000,0.51,0.51,0.27,338000000,-326000000,-258000000,-246000000,25000000,321000000,25.55,26.97,24.13,0.0752,0.0201,17.35,1.49,27.77,13.97,0.8377,1.0639,0.2703,0.0651,0.31,0.07,0.5208
2015-09-30,253617191,253617191,1,16557000000,1546000000,12209000000,2340000000,4348000000,0,0,1406000000,4890000000,1362000000,91000000,91000000,0.36,0.36,0.27,262000000,-283000000,258000000,237000000,271000000,293000000,24.48,27.34,21.61,0.0536,0.0144,17.14,1.44,28.14,13.7,1.1789,1.1247,0.2626,0.0465,0.31,-0.12,0.6607
2015-06-30,253466203,253466203,1,16132000000,1291000000,11814000000,2033000000,4318000000,0,0,1406000000,4893000000,1140000000,53000000,53000000,0.21,0.21,0.27,182000000,-317000000,28000000,-107000000,34000000,316000000,25.65,27.3,24,0.0508,0.0139,17.04,1.5,29.48,13.43,1.2411,1.1332,0.2677,0.0445,0.31,-0.53,0.635
2015-03-31,253072175,253072175,1,16027000000,1411000000,11710000000,2157000000,4317000000,0,0,1406000000,4699000000,1371000000,53000000,53000000,0.21,0.21,0.27,157000000,-235000000,205000000,127000000,141000000,246000000,27.13,27.5,26.75,0.0508,0.0142,17.06,1.59,28.26,13.16,1.2387,1.0885,0.2694,0.0447,0.32,-0.35,0.6541
2014-12-31,252815448,252815448,1,15667000000,1084000000,11345000000,2065000000,4322000000,0,0,1407000000,4491000000,1118000000,35000000,35000000,0.14,0.14,0.27,105000000,-382000000,34000000,-243000000,14000000,382000000,27,27.65,26.35,0.0558,0.0159,17.1,1.56,25.23,12.89,1.1238,1.0391,0.2759,0.0496,0.32,-1.1,0.5249
2014-09-30,251907108,251907108,1,15298000000,1369000000,10936000000,1809000000,4362000000,0,0,1407000000,4746000000,1313000000,79000000,79000000,0.31,0.31,0.27,330000000,-298000000,41000000,73000000,257000000,287000000,27.34,27.92,26.76,0.0611,0.0176,17.32,1.59,22.05,12.62,1.0239,1.088,0.2851,0.0512,0.34,0.17,0.7568
2014-06-30,251524386,251524386,1,15070000000,1316000000,10735000000,1767000000,4335000000,0,0,1407000000,4612000000,1117000000,53000000,53000000,0.21,0.21,0.27,135000000,-261000000,188000000,62000000,184000000,266000000,23.99,27.9,20.09,0.0703,0.0203,17.23,1.39,19.99,12.35,0.8907,1.0639,0.2877,0.0584,0.35,-0.52,0.7448
2014-03-31,251025051,251025051,1,15004000000,1464000000,10668000000,1912000000,4336000000,0,0,1407000000,4512000000,1330000000,75000000,75000000,0.3,0.3,0.27,284000000,-285000000,100000000,99000000,122000000,275000000,19.73,20.93,18.53,0.0682,0.0196,17.27,1.15,None,12.08,0.9219,1.0406,0.289,0.057,0.34,0.04,0.7657
2013-12-31,250517109,250517109,1,14848000000,1398000000,10533000000,2313000000,4315000000,0,0,1407000000,4113000000,1417000000,58000000,58000000,0.25,0.25,0.27,230000000,-356000000,91000000,-35000000,23000000,362000000,18.91,19.62,18.19,-0.0495,-0.014,17.22,1.1,None,11.81,None,0.9532,0.2906,None,0.31,-0.53,0.6044
2013-09-30,249756730,249756730,1,14912000000,1465000000,10610000000,2378000000,4302000000,0,0,1407000000,3870000000,1344000000,118000000,118000000,0.48,0.48,0.27,302000000,-138000000,-121000000,43000000,58000000,322000000,19.47,20.9,18.04,-0.0526,-0.0148,17.22,1.15,None,11.54,None,0.8996,0.2885,None,0.29,-0.08,0.6161
2013-06-30,249142538,249142538,1,14989000000,1396000000,10753000000,2424000000,4236000000,0,0,1407000000,3876000000,1053000000,42000000,42000000,0.17,0.17,0.27,111000000,379000000,-600000000,-110000000,15000000,309000000,21.04,22.72,19.35,-0.0535,-0.015,17,1.22,None,11.27,None,0.915,0.2826,None,0.29,-0.79,0.5759
2013-03-31,248581877,248581877,1,15655000000,1521000000,11377000000,2883000000,4278000000,0,0,1407000000,3967000000,852000000,-430000000,-430000000,-1.82,-1.82,0.27,-146000000,-296000000,542000000,100000000,125000000,295000000,20.13,21.43,18.82,-0.0485,-0.0136,17.21,1.04,16.23,11,None,0.9273,0.2733,None,0.3,-1.77,0.5276
2012-12-31,230073469,230073469,1,15776000000,1249000000,11330000000,2527000000,4446000000,0,0,1407000000,3718000000,1134000000,43000000,43000000,0.19,0.18,0.27,173000000,-307000000,45000000,-89000000,25000000,313000000,19.43,20.06,18.8,0.0646,0.0184,19.32,1,16.9,10.73,0.8685,0.8363,0.2818,0.0561,0.33,-0.61,0.4943
2012-09-30,229471971,229471971,1,15622000000,1487000000,11169000000,2003000000,4453000000,0,0,1407000000,4170000000,1476000000,112000000,112000000,0.49,0.49,0.27,295000000,-102000000,-118000000,75000000,114000000,296000000,19.48,20.3,18.67,0.0595,0.0171,19.41,1.02,19.29,10.46,0.946,0.9364,0.285,0.0504,0.34,-0,0.7424
2012-06-30,228885730,228885730,1,15421000000,1289000000,11037000000,1876000000,4384000000,0,0,1407000000,4273000000,1179000000,62000000,62000000,0.27,0.27,0.27,101000000,-279000000,153000000,-25000000,39000000,283000000,18.88,19.63,18.14,0.0525,0.0152,19.15,0.99,16.28,10.19,1.0752,0.9747,0.2843,0.0428,0.36,-0.8,0.6871
2012-03-31,228280444,228280444,1,15188000000,1348000000,10822000000,2095000000,4366000000,0,0,1407000000,3872000000,1292000000,68000000,68000000,0.3,0.3,0.27,23000000,-281000000,213000000,-45000000,64000000,284000000,19.55,20.48,18.63,0.0601,0.0177,19.13,1.03,17.15,9.92,0.9408,0.8869,0.2875,0.0468,0.38,-1.14,0.6434
2011-12-31,227822565,227822565,1,14910000000,1439000000,10574000000,1861000000,4336000000,0,0,1407000000,3872000000,1234000000,19000000,19000000,0.09,0.09,0.27,155000000,-276000000,127000000,6000000,109000000,277000000,19.2,20.64,17.77,0.0595,0.0177,19.03,1,16.13,9.65,0.9528,0.893,0.2908,0.0434,0.41,-0.54,0.7732
2011-09-30,226956398,226956398,1,14570000000,1618000000,10213000000,1683000000,4357000000,0,0,1407000000,3876000000,1643000000,80000000,80000000,0.35,0.35,0.27,197000000,-251000000,99000000,45000000,103000000,241000000,18.3,20.04,16.57,0.0632,0.0188,19.2,0.96,19.89,9.38,0.8998,0.8896,0.299,0.0479,0.39,-0.19,0.9614
2011-06-30,226395875,226395875,1,14238000000,1498000000,9922000000,1564000000,4316000000,0,0,1407000000,3877000000,1409000000,94000000,94000000,0.42,0.42,0.27,137000000,-56000000,-41000000,40000000,58000000,209000000,19.23,20.36,18.1,0.0489,0.0146,19.06,1.02,73.96,9.11,1.1691,0.8983,0.3031,0.0342,0.43,-0.32,0.9578
2011-03-31,225770379,225770379,1,14242000000,1491000000,9981000000,1683000000,4261000000,0,0,1407000000,3712000000,1634000000,64000000,64000000,0.28,0.28,0.27,197000000,-164000000,-36000000,-3000000,18000000,162000000,18.48,19.14,17.83,0.0142,0.0041,18.87,0.98,132,8.84,4.0417,0.8712,0.2992,0.0095,0.43,0.16,0.8859
2010-12-31,224000000,224000000,1,14480000000,1757000000,10244000000,1797000000,4230000000,6000000,0,1407000000,3715000000,977000000,33000000,33000000,0.14,0.14,0.27,253000000,-231000000,-45000000,-8000000,20000000,241000000,18.91,19.8,18.01,0.0076,0.0021,18.88,1.01,105.06,8.57,7.5566,0.8783,0.2921,0.0045,0.47,0.05,0.9777
2010-09-30,224500318,224500318,1,14211000000,1738000000,10002000000,1833000000,4203000000,6000000,0,1407000000,4045000000,2067000000,17000000,17000000,0.08,0.08,0.27,None,None,None,-8000000,28000000,211000000,17.16,18.92,15.4,0.0095,0.0026,18.72,0.91,26,8.3,6.0342,0.9624,0.2958,0.0049,0.53,None,0.9482
2010-06-30,223889619,223889619,1,15873000000,1864000000,11639000000,3401000000,4228000000,6000000,0,1407000000,4051000000,1636000000,-54000000,-54000000,-0.24,-0.24,0.27,432000000,-266000000,-168000000,-2000000,34000000,267000000,16.46,17.78,15.13,0.0348,0.0093,18.88,0.88,16.3,8.03,1.6366,0.9581,0.2664,0.017,0.55,0.74,0.5481
2010-03-31,223210345,223210345,1,15832000000,1874000000,11648000000,2453000000,4178000000,6000000,0,1407000000,4960000000,2359000000,36000000,36000000,0.16,0.16,0.27,67000000,-207000000,132000000,-8000000,38000000,208000000,16.66,17.57,15.74,0.0538,0.0142,18.72,0.87,15.72,7.76,1.0609,1.1872,0.2639,0.0248,0.57,-0.63,0.764
2009-12-31,222357258,222357258,1,15779000000,1926000000,11517000000,2302000000,4256000000,6000000,0,1407000000,4470000000,2135000000,41000000,41000000,0.18,0.18,0.27,298000000,-270000000,-2000000,26000000,46000000,89000000,15.88,17.51,14.24,0.0562,0.0146,19.14,0.83,13.23,7.49,1.0165,1.0503,0.2697,0.0254,0.58,0.94,0.8367
2009-09-30,221592782,221592782,1,15830000000,2039000000,11578000000,2234000000,4246000000,6000000,0,1411000000,4470000000,2539000000,124000000,124000000,0.56,0.56,0.27,301000000,-208000000,-193000000,-100000000,20000000,387000000,14.11,15.37,12.85,0.0627,0.0161,19.16,0.76,11.47,7.22,0.9119,1.0528,0.2682,0.0272,0.59,-0.39,0.9127
2009-06-30,220820630,220820630,1,16113000000,2055000000,11988000000,2382000000,4119000000,6000000,0,1411000000,4502000000,2065000000,25000000,25000000,0.11,0.11,0.27,-119000000,-202000000,-139000000,-460000000,120000000,208000000,12.56,13.67,11.45,0.0622,0.0158,18.65,0.67,10.55,6.95,0.91,1.093,0.2556,0.0253,0.63,-1.48,0.8627
2009-03-31,219990152,219990152,1,16585000000,2641000000,12479000000,2179000000,4100000000,6000000,0,1411000000,5051000000,2520000000,45000000,45000000,0.21,0.21,0.27,126000000,-180000000,250000000,196000000,580000000,180000000,14.39,18.71,10.07,0.0588,0.0151,18.64,0.75,9.79,6.68,0.9261,1.232,0.2472,0.0232,0.65,-0.25,1.212
2008-12-31,219115048,219115048,1,16475000000,2626000000,12279000000,2030000000,4190000000,6000000,0,1411000000,4958000000,2481400000,67000000,67000000,0.32,0.32,0.27,-55800000,-176200000,388900000,156900000,384000000,220400000,19.6,23.93,15.27,0.0714,0.0187,19.12,0.98,13.71,6.41,0.742,1.1833,0.2543,0.028,0.67,-1.26,1.2936
2008-09-30,202208790,202208790,1,15572600000,2527100000,11513100000,2633600000,4053300000,6200000,0,1409000000,4212300000,3059500000,118800000,118800000,0.59,0.59,0.27,-224500000,-177200000,337500000,-64200000,227200000,194800000,23.88,26.16,21.61,0.0699,0.0186,20.05,1.1,13.96,6.14,0.7419,1.0392,0.2603,0.0276,0.67,-2.07,0.9596
2008-06-30,201759071,201759071,1,16365600000,2993700000,11983800000,2404100000,4375600000,6200000,0,1409000000,4362300000,2518200000,15000000,15000000,0.07,0.07,0.27,346300000,-228300000,-142800000,-24800000,291400000,194900000,25.7,27.39,24.01,0.083,0.0219,21.69,1.23,13.25,5.87,0.6229,0.997,0.2674,0.0331,0.66,0.75,1.2452
2008-03-31,201396295,201396295,1,15592900000,2342100000,11391600000,1949400000,4195100000,6200000,0,1409600000,4540900000,2640900000,99200000,99200000,0.49,0.49,0.27,347000000,-132300000,46400000,261100000,316200000,170900000,26.72,29.64,23.8,0.0975,0.0253,20.83,1.34,15.53,5.6,0.5431,1.0824,0.269,0.0388,0.65,0.87,1.2014
2007-12-31,201110282,201110282,1,15111000000,1997100000,11086400000,2040800000,4018400000,6200000,0,1409600000,4280200000,2333000000,57800000,57800000,0.28,0.28,0.26,332500000,-189800000,-113600000,29100000,55100000,200700000,27.91,30.1,25.73,0.0884,0.0226,19.98,1.43,17.02,5.33,0.608,1.0652,0.2659,0.0357,0.63,0.66,0.9786
2007-09-30,193768141,193768141,1,15057700000,2081600000,11276200000,2328000000,3775300000,6200000,0,1407900000,4179800000,2770300000,167600000,167600000,0.87,0.87,0.26,147700000,-119200000,-25500000,3000000,26000000,137700000,26.74,29.28,24.2,0.085,0.0215,19.48,1.41,20.41,5.07,0.6426,1.1071,0.2507,0.035,0.61,0.05,0.8942
2007-06-30,193517986,193517986,1,14530400000,2005000000,10846800000,2410000000,3677400000,6200000,0,1407300000,4196100000,2084300000,57200000,57200000,0.3,0.3,0.26,57300000,-152600000,36600000,-58700000,23000000,158000000,28.8,30.71,26.89,0.0685,0.0175,19,1.52,22.5,4.81,0.8041,1.1411,0.2531,0.0284,0.61,-0.52,0.832
2007-03-31,193082141,193082141,1,14321500000,1912100000,10660700000,2651600000,3654600000,6200000,0,1409200000,3787700000,2178800000,51600000,51600000,0.27,0.27,0.26,257500000,-120000000,-104600000,32900000,81700000,127000000,27.09,29.28,24.89,0.0675,0.0173,18.93,1.44,20.84,4.55,0.8209,1.0364,0.2552,0.0283,0.61,0.68,0.7211
2006-12-31,192458100,192458100,1,14243500000,1981400000,10606900000,2526900000,3612200000,24400000,0,1409200000,3879700000,1904500000,36300000,36300000,0.2,0.2,0.26,222000000,-82600000,-133800000,5600000,48800000,-63200000,25.62,26.99,24.25,0.0696,0.0179,18.77,1.36,16.75,4.29,0.8009,1.0741,0.2536,0.0297,0.6,1.48,0.7841
2006-09-30,191341342,191341342,1,13949900000,1946500000,10343200000,2619900000,3606700000,0,0,1409200000,3756700000,2589900000,104000000,104000000,0.54,0.54,0.26,99000000,67900000,-156600000,10300000,43200000,108000000,24.07,25.5,22.64,0.0827,0.0212,18.85,1.3,12.74,4.03,0.6687,1.0416,0.2585,0.0345,0.62,-0.05,0.743
2006-06-30,190694006,190694006,1,13688400000,1778500000,10160400000,2254300000,3528000000,0,0,1415000000,4256700000,1916600000,51200000,51200000,0.27,0.27,0.26,-100800000,-112700000,195600000,-17900000,32900000,128100000,22.86,23.92,21.79,0.1014,0.0259,18.5,1.23,11.66,3.77,0.5392,1.2065,0.2577,0.0427,0.61,-1.2,0.7889
2006-03-31,190366905,190366905,1,13686800000,1774600000,10159700000,2235000000,3527100000,0,0,1431300000,4233400000,1951900000,56800000,56800000,0.29,0.29,0.26,-17600000,-101700000,48600000,-70700000,50800000,120200000,23.21,24.28,22.15,0.106,0.0268,18.53,1.25,11.84,3.51,0.5145,1.2002,0.2577,0.0454,0.59,-0.72,0.794
2005-12-31,189993166,189993166,1,14017800000,2151700000,10433700000,2399300000,3584100000,0,45900000,1431300000,4319500000,2059900000,81600000,81600000,0.43,0.43,0.25,177600000,-111300000,-194400000,-128100000,121500000,41600000,22.13,23.89,20.36,0.1068,0.0267,18.62,1.17,14.1,3.25,0.5101,1.2208,0.2524,0.046,0.58,0.72,0.8968
2005-09-30,189512259,189512259,1,14223200000,2295900000,10606600000,2303800000,3616600000,0,27000000,1428000000,4442100000,2488700000,170100000,170100000,0.9,0.9,0.25,503400000,-43200000,-387600000,72600000,249700000,123200000,23.16,24.46,21.87,0.0865,0.0216,18.94,1.29,17.68,3,0.639,1.2375,0.2524,0.0383,0.56,2.01,0.9966
2005-06-30,189156757,189156757,1,13757700000,1873600000,10332800000,2147900000,3424900000,0,27000000,1431300000,4441600000,1712100000,64000000,64000000,0.34,0.34,0.25,137400000,-121400000,117700000,133700000,177100000,129900000,22.35,24.2,20.5,0.0702,0.0175,17.96,1.25,14.9,2.75,0.7969,1.3072,0.247,0.0325,0.54,0.04,0.8723
2005-03-31,188786679,188786679,1,13515400000,1716300000,10110400000,2292900000,3405000000,0,27000000,1431300000,4096500000,1804800000,55500000,55500000,0.29,0.29,0.25,168500000,-58000000,-96700000,13800000,43400000,88300000,21.76,23.25,20.26,0.0803,0.0195,17.89,1.24,14.41,2.5,0.7012,1.2127,0.2499,0.0362,0.54,0.42,0.7485
2004-12-31,188348974,188348974,1,13349400000,1653900000,9983100000,1942800000,3366300000,0,54900000,1430500000,4484200000,1719700000,6100000,6100000,0.04,0.04,0.25,294500000,-102100000,-224300000,-31900000,29600000,114000000,20.78,21.68,19.88,0.0816,0.0192,17.58,1.15,18.72,2.25,0.6968,1.3542,0.2481,0.0358,0.54,0.96,0.8513
2004-09-30,187924302,187924302,1,13528700000,1801600000,10100200000,2174100000,3428500000,0,42500000,1430500000,4326300000,2046500000,111000000,111000000,0.64,0.64,0.25,194500000,-152600000,-50400000,-8500000,62700000,128800000,19.3,20.7,17.9,0.0619,0.0141,18.02,1.1,13.88,2,0.9236,1.2777,0.2503,0.0272,0.52,0.35,0.8287
2004-06-30,172611414,172611414,1,13430600000,1698000000,10362200000,2018900000,3068400000,0,45000000,1432300000,4776400000,1691500000,90400000,90400000,0.53,0.53,0.25,107500000,-105500000,-225200000,-223200000,79700000,133900000,18.82,20.7,16.94,0.0795,0.0177,17.52,1.09,16.95,1.75,0.7257,1.5798,0.2251,0.0334,0.53,-0.15,0.8411
2004-03-31,172171604,172171604,1,13549800000,1808100000,10522400000,2176200000,3027400000,0,63200000,1434300000,4755700000,1764100000,51200000,51200000,0.3,0.3,0.25,138100000,-61900000,126400000,202600000,302900000,94300000,20.39,21.71,19.08,0.0647,0.0143,17.22,1.19,30.89,1.5,0.9049,1.6044,0.2188,0.0267,0.54,0.25,0.8309
2003-12-31,171834528,171834528,1,13434400000,1628900000,10431100000,2090400000,3003300000,0,63200000,1434300000,4704300000,1513600000,-61900000,-61900000,-0.36,-0.36,0.25,176100000,-4200000,-270700000,-98800000,100300000,-3100000,18.56,19.84,17.28,0.0392,None,17.11,1.06,None,1.25,1.5079,1.6,0.2188,0.0156,0.55,1.04,0.7792
2003-09-30,171383998,171383998,1,13111200000,1886500000,10056600000,2395700000,3054600000,0,63200000,1432600000,5175100000,2130600000,157300000,157300000,0.92,0.92,0.25,130300000,50900000,-81400000,99800000,199100000,142000000,18.15,19.65,16.65,None,None,17.45,1.1,None,1,None,1.73,0.2282,None,None,-0.07,0.7875
2003-06-30,170907405,170907405,1,12969200000,1721700000,10027000000,2373800000,2942200000,0,110700000,1432500000,5178300000,1698400000,43000000,43000000,0.25,0.25,0.25,308800000,-153800000,-150100000,4900000,99300000,151000000,18.3,20.51,16.1,None,None,16.57,1.1,None,0.75,None,1.8288,0.2183,None,None,0.92,0.7253
2003-03-31,170439536,170439536,1,13035400000,1907300000,10093300000,2708300000,2942100000,0,110700000,1432500000,5025600000,1928700000,-24900000,-24900000,-0.15,-0.15,0.25,46200000,-125400000,91100000,11900000,94400000,149100000,18.64,20.56,16.73,None,None,16.61,1.1,None,0.5,None,1.775,0.2172,None,None,-0.6,0.7042
2002-12-31,170081788,170081788,1,12861700000,1701900000,9865900000,2596600000,2995800000,0,110700000,1431800000,4832400000,None,None,None,None,None,0,203600000,-292000000,97500000,9100000,98800000,248600000,19.69,21.08,18.3,None,None,16.96,1.17,None,0.25,None,1.675,0.2243,None,None,-0.26,0.6554
2002-09-30,163633699,163633699,1,12648400000,1661400000,9768300000,2932200000,2880100000,0,118600000,1418300000,4547800000,1641200000,115200000,115200000,0.8,0.8,0.25,None,None,None,None,89700000,0,18.63,21.88,15.37,None,None,16.88,None,None,0.25,None,1.6469,0.2183,None,None,None,0.5666
