"Quarter end","Shares","Shares split adjusted","Split factor","Assets","Current Assets","Liabilities","Current Liabilities","Shareholders equity","Non-controlling interest","Preferred equity","Goodwill & intangibles","Long-term debt","Revenue","Earnings","Earnings available for common stockholders","EPS basic","EPS diluted","Dividend per share","Cash from operating activities","Cash from investing activities","Cash from financing activities","Cash change during period","Cash at end of period","Capital expenditures","Price","Price high","Price low","ROE","ROA","Book value of equity per share","P/B ratio","P/E ratio","Cumulative dividends per share","Dividend payout ratio","Long-term debt to equity ratio","Equity to assets ratio","Net margin","Asset turnover","Free cash flow per share","Current ratio"
2019-03-31,128285393,128285393,1,15477935000,5537791000,9461887000,3548950000,6009978000,6070000,0,7294398000,4284235000,3687518000,411381000,411248000,3.2,3.14,0.76,551557000,-84785000,-430201000,51344000,1098729000,47608000,161.13,178.47,143.8,0.2441,0.0944,46.85,3.58,15.37,27.74,0.2644,0.7129,0.3883,0.1004,0.94,3.93,1.5604
2018-12-31,129365355,129365355,1,15307687000,5334736000,9486521000,3508934000,5815209000,5957000,0,7346380000,4303331000,3472045000,311913000,311737000,2.39,2.36,0.76,381652000,-16247000,-252736000,95263000,1047385000,29168000,164.03,187.24,140.82,0.2379,0.0903,44.95,3.56,19.23,26.98,0.2659,0.74,0.3799,0.0969,0.93,2.72,1.5203
2018-09-30,132348854,132348854,1,15425042000,5298082000,9317936000,3308521000,6101380000,5726000,0,7441245000,4313221000,3479294000,375899000,375711000,2.84,2.79,0.76,159388000,-15063000,-7247000,129985000,952122000,31137000,173.53,193.19,153.86,0.1972,0.0732,46.1,3.92,22.13,26.22,0.3159,0.7069,0.3956,0.0798,0.92,0.97,1.6013
2018-06-30,132360024,132360024,1,15320087000,5085238000,9454594000,3197483000,5859866000,5627000,0,7519940000,4318559000,3817477000,352952000,352952000,2.67,2.63,0.66,695462000,203072000,-1146444000,-267392000,822137000,35682000,168.19,183.91,152.47,0.1863,0.0671,44.27,3.81,22.7,25.46,0.3308,0.737,0.3825,0.0741,0.9,4.98,1.5904
2018-03-31,132959431,132959431,1,16237484000,5563096000,10361201000,3508517000,5870353000,5930000,0,7881017000,4818570000,3749591000,366130000,365989000,2.75,2.7,0.66,444488000,-37593000,-352704000,64759000,1089529000,45171000,190.15,212.8,167.5,0.1806,0.0631,44.15,4.59,29.43,24.8,0.3511,0.8208,0.3615,0.0716,0.88,3,1.5856
2017-12-31,133048544,133048544,1,15965181000,5286359000,10445971000,3537703000,5513401000,5809000,0,7872811000,4798371000,3370673000,56322000,56159000,0.42,0.41,0.66,221373000,-27112000,-47411000,150004000,1024770000,18045000,185.74,200.82,170.66,0.1661,0.0559,41.44,4.48,23.72,24.14,0.4024,0.8703,0.3453,0.0654,0.85,1.53,1.4943
2017-09-30,133226057,133226057,1,15731279000,5004618000,10200620000,3467124000,5524940000,5719000,0,7894536000,4788147000,3364651000,285397000,285397000,2.14,2.1,0.66,238964000,-118277000,-135413000,-10120000,874766000,66888000,165.63,177.61,153.65,0.2111,0.0727,41.47,4.19,22.75,23.48,0.3284,0.8666,0.3512,0.0837,0.87,1.29,1.4434
2017-06-30,133129936,133129936,1,15489904000,4779718000,10222558000,3395860000,5261649000,5697000,0,7894362000,5336160000,3496238000,293305000,293305000,2.2,2.2,0.66,513178000,-56789000,-385724000,65323000,884886000,52316000,158.88,166.6,151.17,0.2051,0.0722,39.52,4.46,23.16,22.82,0.3496,1.0142,0.3397,0.0818,0.88,3.46,1.4075
2017-03-31,133183359,133183359,1,15325333000,4619154000,10577607000,3048441000,4742139000,5587000,0,7847076000,5255156000,3119139000,238673000,238673000,1.79,1.75,0.66,385117000,-3410651000,2309027000,-701173000,819563000,70419000,150.57,161.23,139.92,0.2016,0.073,35.61,4.43,23.24,22.16,0.3651,1.1082,0.3094,0.0811,0.9,2.36,1.5153
2016-12-31,133293693,133293693,1,11731613000,5247839000,7200635000,2425474000,4527709000,3269000,0,3662930000,2653560000,2670804000,241305000,241305000,1.81,1.78,0.63,290244000,57079000,-156136000,126886000,1520736000,38337000,132.1,145.44,118.77,0.1876,0.0736,33.97,3.79,21.91,21.5,0.3831,0.5861,0.3859,0.0786,0.94,1.89,2.1636
2016-09-30,133398476,133398476,1,11970914000,5281878000,7320325000,2494238000,4647281000,3308000,0,3812704000,2653008000,2743131000,210129000,210129000,1.57,1.55,0.63,113932000,45213000,15461000,172197000,1393850000,28028000,115.8,126.59,105,0.1726,0.0687,34.84,3.39,19.66,20.87,0.4116,0.5709,0.3882,0.0732,0.94,0.64,2.1176
2016-06-30,133901044,133901044,1,12056738000,5207787000,7478060000,2365941000,4575255000,3423000,0,3825608000,2733140000,2957150000,241796000,241796000,1.8,1.78,0.63,488344000,129821000,-409788000,186682000,1221653000,33894000,108.44,117.78,99.1,0.1677,0.0674,34.17,2.91,20.08,20.24,0.4214,0.5974,0.3795,0.071,0.95,3.39,2.2011
2016-03-31,134681477,134681477,1,12069401000,5456839000,7042418000,2500619000,5023612000,3371000,0,3909490000,2675000000,2828665000,187084000,187084000,1.39,1.37,0.63,334871000,-171181000,-183489000,-12523000,1034971000,29779000,98.41,113.51,83.32,0.1506,0.0619,37.3,2.77,16.27,19.61,0.4605,0.5325,0.4162,0.0645,0.96,2.27,2.1822
2015-12-31,135102576,135102576,1,11754091000,5151011000,6951370000,2368099000,4799406000,3315000,0,3888580000,2724860000,2705590000,182982000,182982000,1.35,1.33,0.63,341660000,-21853000,-223482000,73226000,1047494000,32079000,100.73,108,93.47,0.1693,0.0697,35.52,2.82,15.45,18.98,0.4098,0.5677,0.4083,0.0709,0.98,2.29,2.1752
2015-09-30,135980028,135980028,1,12001554000,5327902000,7146803000,2550041000,4851518000,3233000,0,3951341000,2725409000,2869348000,194978000,194978000,1.42,1.41,0.63,4968000,-201426000,14336000,-206316000,974268000,34834000,106.31,117.98,94.64,0.1777,0.0754,35.68,2.88,15.27,18.35,0.3775,0.5618,0.4042,0.0753,1,-0.22,2.0893
2015-06-30,138418792,138418792,1,12295037000,5583092000,7187468000,2350130000,5104287000,3282000,0,3956118000,2947102000,3144508000,179454000,179454000,1.29,1.29,0.63,510891000,218276000,-582821000,163571000,1180584000,53979000,120.49,125.33,115.65,0.1792,0.0811,36.88,3.24,15.71,17.72,0.3316,0.5774,0.4152,0.0796,1.02,3.3,2.3757
2015-03-31,138676726,138676726,1,12337215000,5784997000,7182276000,2767324000,5151715000,3224000,0,3915130000,2724943000,3162311000,285345000,285345000,2.06,2.02,0.63,252553000,-156705000,-114616000,-58294000,1017013000,36014000,122.7,129.54,115.86,0.1878,0.0891,37.15,3.04,16.92,17.09,0.2822,0.5289,0.4176,0.0866,1.03,1.56,2.0905
2014-12-31,142455351,142455351,1,12568399000,5727772000,6808258000,2339151000,5756749000,3392000,0,4102866000,2725510000,3134993000,267252000,267252000,1.84,1.8,0.63,277623000,-159807000,-117641000,-16830000,1075307000,53906000,116.61,133.41,99.82,0.1715,0.0844,40.41,2.63,16.4,16.46,0.2787,0.4734,0.458,0.0821,1.03,1.57,2.4487
2014-09-30,148645133,148645133,1,12744625000,5876262000,6162261000,2888199000,6579003000,3361000,0,4198732000,1482492000,3269932000,280089000,280089000,1.88,1.85,0.48,260874000,-480927000,-229666000,-521418000,1092137000,51973000,116.75,127.6,105.91,0.1658,0.0829,44.26,2.61,16.99,15.83,0.2613,0.2253,0.5162,0.0812,1.02,1.41,2.0346
2014-06-30,148795701,148795701,1,13274362000,6071580000,6611554000,3252796000,6659428000,3380000,0,4359707000,1508638000,3525415000,301038000,301038000,2.01,2,0.48,570422000,-674659000,-375390000,-482434000,1613555000,45386000,124.45,130.44,118.46,0.1633,0.08,44.76,2.87,18.57,15.35,0.2662,0.2265,0.5017,0.0788,1.02,3.53,1.8666
2014-03-31,148936277,148936277,1,13102358000,5949000000,6648125000,3367181000,6450996000,3237000,0,4375142000,1508611000,3358406000,242406000,242406000,1.63,1.6,0.48,277362000,-71183000,-249389000,-43533000,2095989000,53529000,119.03,129.4,108.66,0.1646,0.0789,43.31,2.82,17.56,14.87,0.2699,0.2339,0.4924,0.0771,1.02,1.5,1.7668
2013-12-31,149128841,149128841,1,12863936000,5744873000,6565650000,3303103000,6295226000,3060000,0,4382246000,1507019000,3106006000,253288000,253288000,1.7,1.66,0.45,257418000,151637000,-222312000,193899000,2139522000,49321000,116.56,129.77,103.36,0.1743,0.0806,42.21,2.86,18.47,14.39,0.259,0.2394,0.4894,0.0785,1.03,1.4,1.7392
2013-09-30,149235808,149235808,1,12788364000,5679179000,6698593000,3455009000,6086861000,2910000,0,4565659000,1506744000,3226144000,244316000,244316000,1.64,1.61,0.45,282691000,-52196000,-111024000,164211000,1945623000,53736000,102.51,110.21,94.81,0.169,0.0771,40.79,2.66,16.35,13.94,0.2724,0.2475,0.476,0.0732,1.05,1.53,1.6438
2013-06-30,149179343,149179343,1,12540898000,5531186000,6799417000,3520203000,5738426000,3055000,0,4514014000,1498341000,3428233000,271164000,271164000,1.82,1.83,0.45,472136000,-62273000,-296403000,104093000,1781412000,51109000,93.19,101.88,84.5,0.1755,0.0794,38.47,2.57,14.54,13.49,0.2674,0.2611,0.4576,0.0729,1.09,2.82,1.5713
2013-03-31,149251263,149251263,1,12671772000,5438509000,7259364000,3648549000,5409058000,3350000,0,4543817000,1496026000,3307041000,256560000,256560000,1.72,1.68,0.43,371461000,-60612000,929425000,1179684000,1677319000,63692000,92.33,98.15,86.51,0.1886,0.0843,36.24,2.59,13.7,13.04,0.253,0.2766,0.4269,0.0753,1.12,2.06,1.4906
2012-12-31,149158283,149158283,1,11461361000,4095747000,6132372000,2488260000,5325717000,3272000,0,4663119000,1509238000,3065495000,180962000,180962000,1.21,1.19,0.41,354309000,-424540000,114820000,61504000,497635000,58008000,81.42,87.04,75.8,0.1976,0.0927,35.71,2.36,11.45,12.61,0.2344,0.2834,0.4647,0.0791,1.17,1.99,1.646
2012-09-30,149180977,149180977,1,11134578000,4200082000,5982564000,2366465000,5141124000,10890000,0,4269949000,1511799000,3214935000,239741000,239741000,1.61,1.57,0.41,-6971000,-262420000,-171668000,-402186000,436131000,68040000,79.06,87.71,70.42,0.2108,0.1006,34.46,2.41,10.61,12.2,0.2167,0.2941,0.4617,0.0834,1.21,-0.5,1.7748
2012-06-30,149443661,149443661,1,11170282000,4498114000,6264552000,2486013000,4896515000,9215000,0,4021074000,1729535000,3411666000,301965000,301965000,2.01,1.97,0.41,523924000,-189846000,-232691000,64858000,838317000,59876000,80.68,89.45,71.9,0.2231,0.1079,32.76,2.18,11.1,11.79,0.2013,0.3532,0.4384,0.0876,1.23,3.11,1.8094
2012-03-31,151051111,151051111,1,10889124000,4497301000,5302656000,2489300000,5577592000,8876000,0,4022617000,1515217000,3393563000,312074000,312074000,2.07,2.01,0.39,443045000,4839000,-161962000,285475000,773459000,52819000,84.19,91.47,76.92,0.2161,0.1077,36.93,2.46,12.13,11.38,0.1997,0.2717,0.5122,0.0869,1.24,2.58,1.8067
2011-12-31,150902888,150902888,1,10327584000,4043023000,5071681000,2120109000,5158126000,97777000,0,3980189000,1659434000,3106832000,240766000,240766000,1.59,1.56,0.37,253920000,-65314000,-74720000,63630000,487984000,47389000,72.55,85.84,59.26,0.2109,0.1034,34.18,2.18,10.72,10.99,0.1992,0.3217,0.4995,0.0854,1.21,1.37,1.907
2011-09-30,151080156,151080156,1,10321590000,3999334000,5208102000,2235709000,5017264000,96224000,0,4020101000,1668600000,3233881000,297018000,297018000,1.95,1.91,0.37,309496000,-125447000,-354147000,-233112000,424354000,38329000,76.19,92.01,60.36,0.2094,0.1017,33.21,2.19,11.96,10.62,0.193,0.3326,0.4861,0.0862,1.18,1.79,1.7888
2011-06-30,155061050,155061050,1,10886805000,4305256000,5398469000,2391043000,5383854000,104482000,0,4186838000,1766357000,3409830000,292190000,292190000,1.84,1.79,0.37,367000000,-41823000,-792105000,-450489000,657466000,40368000,91.53,99.4,83.65,0.201,0.0963,34.72,2.71,15.28,10.25,0.1904,0.3281,0.4945,0.085,1.13,2.11,1.8006
2011-03-31,162174500,162174500,1,11376862000,4691329000,5793133000,2340420000,5481908000,101821000,0,4167304000,1683731000,3240103000,279589000,279589000,1.72,1.68,0.32,391776000,-57835000,-57302000,299219000,1107955000,42085000,88.9,95,82.8,0.1972,0.0919,33.8,2.81,16.93,9.88,0.1882,0.3071,0.4818,0.0835,1.1,2.16,2.0045
2010-12-31,161882021,161882021,1,10618844000,4043940000,5404251000,1940868000,5113261000,101332000,0,4089641000,1742464000,2866664000,230180000,230180000,1.42,1.39,0.29,285277000,-86312000,-313370000,-115100000,808736000,42031000,77.44,87.36,67.52,0.1798,0.0831,31.59,2.55,17.21,9.56,0.2023,0.3408,0.4815,0.0769,1.08,1.5,2.0836
2010-09-30,161331980,161331980,1,10709721000,4147596000,5717144000,2282104000,4894945000,97632000,0,4095623000,1745812000,2829273000,247171000,247171000,1.53,1.51,0.27,122880000,-58968000,246999000,348310000,923836000,50521000,63.19,72.12,54.26,0.158,0.0723,30.34,2.33,18.37,9.27,0.228,0.3567,0.4571,0.0688,1.05,0.45,1.8174
2010-06-30,161176153,161176153,1,9910382000,3588796000,5450982000,2204891000,4367965000,91435000,0,3936385000,1759147000,2786470000,222163000,222163000,1.37,1.41,0.26,377425000,-41730000,-115669000,194965000,575526000,30485000,63.84,72.5,55.18,0.123,0.0561,27.1,2.23,27.05,9,0.2934,0.4027,0.4407,0.0554,1.01,2.15,1.6277
2010-03-31,161035631,161035631,1,9858248000,3354328000,5162704000,2071975000,4609629000,85915000,0,4090149000,1535905000,2614823000,153863000,153863000,0.96,0.94,0.25,235147000,-34566000,-50058000,146662000,380561000,31241000,60.1,66.71,53.5,0.0851,0.0387,28.62,2.12,34.34,8.74,0.4215,0.3332,0.4676,0.0405,0.96,1.27,1.6189
2009-12-31,160799431,160799431,1,9794189000,3058498000,5156403000,1916038000,4552027000,85759000,0,4203286000,1554088000,2354708000,104546000,104546000,0.65,0.64,0.25,346197000,-42866000,-245573000,44050000,233899000,29890000,54.36,59.36,49.36,0.0632,0.0287,28.31,1.95,26.26,8.49,0.5717,0.3414,0.4648,0.0307,0.93,1.97,1.5963
2009-09-30,160691446,160691446,1,9937173000,3133491000,5367560000,1835337000,4481984000,87629000,0,4240370000,1855531000,2237165000,73493000,73493000,0.46,0.45,0.25,260053000,-27011000,-238696000,2238000,189849000,25677000,47.71,55.89,39.53,0.0745,0.0336,27.89,1.79,15.29,8.24,0.484,0.414,0.451,0.035,0.96,1.46,1.7073
2009-06-30,160517563,160517563,1,9855902000,3123781000,5576277000,2005754000,4279625000,0,0,4176939000,1839705000,2210958000,49516000,49516000,0.32,0.33,0.25,413098000,-42668000,-355500000,21063000,187611000,41451000,40.79,48.45,33.13,0.1125,0.0513,26.66,1.47,9.51,7.99,0.316,0.4299,0.4342,0.0493,1.04,2.32,1.5574
2009-03-31,160510189,160510189,1,9567510000,3311464000,5098858000,2306529000,4468652000,0,0,4051054000,1849286000,2344713000,53422000,53422000,0.33,0.33,0.25,271579000,-46221000,-318865000,-95442000,166548000,36455000,37.07,46.45,27.69,0.1494,0.0708,27.84,1.3,6.8,7.74,0.2189,0.4138,0.4671,0.0622,1.14,1.46,1.4357
2008-12-31,160666772,160666772,1,10115191000,3678608000,5533510000,2667699000,4581681000,0,0,4120911000,1882693000,2688656000,155401000,155401000,0.97,0.96,0.25,137168000,-761014000,290158000,-346337000,261990000,73005000,41.91,52.52,31.29,0.1855,0.0908,28.52,1.42,7.33,7.49,0.1652,0.4109,0.453,0.0744,1.22,0.4,1.3789
2008-09-30,161152731,161152731,1,10132556000,4157118000,5388688000,2542627000,4743868000,0,0,3612520000,1878933000,3064688000,250176000,250176000,1.52,1.5,0.25,307347000,-110928000,109859000,282279000,608327000,90836000,60.68,72.69,48.67,0.195,0.0986,29.44,1.93,10.93,7.24,0.1506,0.3961,0.4682,0.0781,1.26,1.34,1.635
2008-06-30,167629211,167629211,1,10386854000,4095625000,5127883000,2183256000,5258971000,0,0,3818701000,1952452000,3346752000,252565000,252565000,1.53,1.5,0.21,452838000,-527508000,215198000,143914000,326048000,78278000,78.19,86.91,69.46,0.1928,0.1002,31.37,2.56,14.78,6.99,0.1486,0.3713,0.5063,0.0782,1.28,2.23,1.8759
2008-03-31,167731095,167731095,1,9609177000,3872174000,4490184000,2487286000,5118993000,0,0,3377334000,1189736000,3182537000,255441000,255441000,1.52,1.49,0.21,390171000,-72369000,-336510000,-15516000,182134000,66881000,67.06,76.03,58.1,0.1909,0.1017,30.52,2.37,13.45,6.78,0.1489,0.2324,0.5327,0.0783,1.3,1.93,1.5568
2007-12-31,168499639,168499639,1,9217506000,3621580000,4440270000,2496488000,4777236000,0,0,3297380000,1151469000,2829060000,211863000,211863000,1.26,1.23,0.21,204700000,-474244000,281099000,9733000,197650000,50231000,78.86,86.56,71.15,0.1871,0.099,28.35,2.92,16.26,6.57,0.151,0.241,0.5183,0.077,1.29,0.92,1.4507
2007-09-30,168222473,168222473,1,8692993000,3524424000,4146865000,2244939000,4546128000,0,0,2930214000,1117677000,2787256000,229597000,229597000,1.35,1.33,0.21,268901000,-96679000,-158565000,15211000,187917000,54940000,68.31,78.43,58.19,0.1877,0.099,27.02,2.53,14.58,6.36,0.1481,0.2459,0.523,0.0775,1.28,1.27,1.5699
2007-06-30,116168848,174253272,1.5,8441413000,3386175000,3729748000,1925245000,4711665000,0,0,2849676000,1089916000,2874365000,217186000,217186000,1.91,1.86,0.26,418128000,-249025000,-179887000,-11021000,172706000,52444000,62.99,68.95,57.03,0.1863,0.0979,27.04,2.42,13.94,6.15,0.1459,0.2313,0.5582,0.0774,1.26,2.1,1.7588
2007-03-31,115827150,173740725,1.5,8708537000,3368312000,4188095000,1896761000,4520442000,0,0,2661014000,1115987000,2780969000,209309000,209309000,1.81,1.78,0.26,229232000,-76789000,-131016000,26629000,183727000,47810000,54.6,58.79,50.41,0.186,0.0959,26.02,2.2,12.68,5.98,0.1469,0.2469,0.5191,0.0771,1.24,1.04,1.7758
2006-12-31,115771243,173656864,1.5,8456295000,3176247000,4139230000,1918783000,4317065000,0,0,2639937000,1066330000,2511152000,192967000,192967000,1.66,1.64,0.26,193147000,-165610000,-49806000,-18756000,157098000,42326000,54.91,58.67,51.15,0.1862,0.0941,24.86,2.27,13.98,5.81,0.1498,0.247,0.5105,0.0761,1.24,0.87,1.6553
2006-09-30,117920787,176881180,1.5,8324483000,3188828000,4054416000,1807486000,4270067000,0,0,2496881000,1046463000,2551573000,210584000,210584000,1.77,1.75,0.26,114500000,-88337000,-17820000,4301000,175854000,49421000,49.55,52.63,46.47,0.1784,0.0881,24.14,2.11,13.34,5.63,0.1597,0.2451,0.513,0.0724,1.22,0.37,1.7642
2006-06-30,120216041,180324061,1.5,8173432000,3138978000,3932229000,1681105000,4241203000,0,0,2481553000,1059461000,2616732000,193888000,193888000,1.62,1.61,0.23,344605000,-62280000,-356988000,-79187000,171553000,28128000,52.71,57.99,47.43,0.1776,0.0871,23.52,2.49,14.89,5.46,0.164,0.2498,0.5189,0.0717,1.21,1.76,1.8672
2006-03-31,120317256,180475884,1.5,7972517000,3000678000,4152396000,1720826000,3820121000,0,0,2442677000,1054498000,2498068000,177523000,177523000,1.49,1.46,0.23,189947000,-34567000,-219144000,-62598000,250740000,29433000,49.52,55.59,43.44,0.1797,0.0864,21.17,2.46,14.86,5.31,0.1665,0.276,0.4792,0.0716,1.21,0.89,1.7437
2005-12-31,119730570,179595855,1.5,7795797000,2902768000,4188425000,1746885000,3607372000,0,0,2441228000,1082584000,2157537000,129024000,129024000,1.09,1.07,0.23,212454000,-722915000,580979000,70408000,313338000,59006000,43.76,47.03,40.49,0.1734,0.0847,20.09,2.25,12.29,5.15,0.171,0.3001,0.4627,0.0701,1.21,0.85,1.6617
2005-09-30,119765673,179648509,1.5,6988348000,2729423000,3493595000,1273027000,3494753000,0,0,1863808000,927165000,2113551000,172732000,172732000,1.45,1.43,0.23,207633000,-101481000,-199039000,-93150000,242930000,40448000,42.99,45.77,40.21,0.1884,0.0944,19.45,2.31,12.85,5,0.1526,0.2653,0.5001,0.0769,1.23,0.93,2.144
2005-06-30,119687052,179530578,1.5,6898961000,2785872000,3558814000,1335927000,3340147000,0,0,1683702000,938424000,2183308000,161412000,161412000,1.36,1.35,0.2,None,None,None,231796000,336080000,41580000,39.93,41.99,37.87,0.1818,0.0907,18.6,2.08,12.66,4.85,0.1546,0.281,0.4842,0.0736,1.23,None,2.0853
2005-03-31,120187520,180281280,1.5,6755425000,2611057000,3294374000,1243222000,3461051000,0,0,1680534000,966814000,2141708000,139370000,139370000,1.17,1.15,0.2,164502000,-70636000,-102185000,-12577000,104284000,28727000,45.11,50.82,39.41,0.1757,0.0874,19.2,2.4,15.1,4.71,0.1622,0.2793,0.5123,0.0709,1.23,0.75,2.1002
2004-12-31,120171318,180256977,1.5,6681094000,2552896000,3293692000,1205878000,3387402000,0,0,1669407000,988828000,1942887000,171127000,171127000,1.44,1.41,0.19,None,None,None,-173856000,116861000,32927000,45.69,52.28,39.1,0.175,0.0842,18.79,2.63,19.36,4.58,0.1693,0.2919,0.507,0.069,1.22,None,2.117
2004-09-30,119474143,179211214,1.5,6339810000,2676920000,3223345000,1223041000,3116465000,0,0,1309267000,955145000,1947192000,132783000,132783000,1.12,1.11,0.19,159842000,-27608000,-26082000,106870000,290717000,32974000,37.52,39.61,35.43,0.1456,0.0685,17.39,2.25,19.34,4.45,0.2151,0.3065,0.4916,0.0565,1.21,0.71,2.1887
2004-06-30,119441795,179162692,1.5,6256904000,2536933000,3274450000,1259741000,2982454000,0,0,1300508000,953804000,1992927000,125473000,125473000,1.08,1.06,0.19,157912000,6264000,-146224000,13891000,183847000,27719000,37.23,39.97,34.49,0.125,0.0572,16.65,2.39,24.6,4.33,0.262,0.3198,0.4767,0.0487,1.18,0.73,2.0139
2004-03-31,119556112,179334168,1.5,6230801000,2493055000,3440137000,1331416000,2790664000,0,0,1298743000,968326000,1906041000,107848000,107848000,0.91,0.9,0.19,126329000,-210141000,118583000,31909000,169956000,23279000,38.17,40.67,35.67,0.1016,0.0451,15.56,2.52,31.99,4.2,0.3354,0.347,0.4479,0.0398,1.13,0.57,1.8725
2003-12-31,119239854,178859781,1.5,5799495000,2206928000,3095222000,1015965000,2704273000,0,0,1200665000,975235000,1621021000,55771000,55771000,0.47,0.47,0.19,234125000,-35018000,-266740000,-67362000,138047000,30702000,34.79,39.87,29.71,0.0798,0.0359,15.12,2.39,31.82,4.07,0.4285,0.3606,0.4663,0.0323,1.11,1.14,2.1722
2003-09-30,118572896,177859344,1.5,5882592000,2305955000,3294731000,1256363000,2587861000,0,0,1171368000,956356000,1586918000,56691000,56691000,0.48,0.48,0.19,144032000,-31577000,-154110000,-40441000,205409000,32651000,30.54,33.9,27.17,0.0731,0.0331,14.55,2.15,27.27,3.95,0.4619,0.3696,0.4399,0.0299,1.1,0.63,1.8354
2003-06-30,118167923,177251884,1.5,5985633000,2396807000,3464722000,1423727000,2520911000,0,0,1168054000,966332000,1660661000,49082000,49082000,0.42,0.42,0.19,231321000,-36045000,-1515000,193154000,245850000,35247000,27.95,30.56,25.33,0.0746,0.0342,14.22,1.82,36.14,3.82,0.4453,0.3833,0.4212,0.0306,1.12,1.11,1.6835
2003-03-31,118128152,177192228,1.5,5756087000,2200360000,3032196000,1309380000,2723891000,0,0,1148018000,948164000,1646844000,48663000,48663000,0.42,0.42,0.19,65719000,-30490000,-18578000,17331000,52696000,31344000,28.25,32.62,23.88,0.0511,0.0238,15.37,1.87,35.61,3.69,0.6369,0.3481,0.4732,0.0211,1.13,0.19,1.6805
2002-12-31,118115070,177172605,1.5,5591220000,2121613000,2920094000,1416676000,2671126000,0,0,1136588000,773733000,1517201000,37552000,37552000,0.33,0.32,0.18,115296000,-34982000,-91907000,-10365000,35365000,34526000,27.57,32.13,23.01,0.053,0.0245,15.08,1.87,36.92,3.57,0.6109,0.2897,0.4777,0.0219,1.12,0.46,1.4976
2002-09-30,118037791,177056686,1.5,5626417000,2163317000,3013259000,1337139000,2613158000,0,0,1122412000,955312000,1585904000,60975000,60975000,0.52,0.52,0.18,145153000,-35668000,-110211000,-654000,45730000,36398000,27.75,31.53,23.97,0.0502,0.023,14.76,1.9,37.17,3.45,0.6493,0.3656,0.4644,0.0209,1.1,0.61,1.6179
2002-06-30,118028570,177042855,1.5,5752583000,2235618000,3169067000,1359837000,2583516000,0,0,1135054000,1088883000,1657593000,-11850000,-11850000,-0.1,-0.1,0.18,173062000,-29662000,-132881000,14467000,46384000,41525000,32.05,34.59,29.51,0.0502,0.0231,14.59,2.16,29.31,3.33,0.6503,0.4215,0.4491,0.0212,1.09,0.74,1.644
2002-03-31,117706908,176560362,1.5,5755017000,2323956000,3128788000,1483609000,2626229000,0,0,1143147000,1052174000,1578332000,52357000,52357000,0.45,0.45,0.18,107648000,-141583000,36928000,3034000,31917000,40343000,32.84,36.59,29.1,0.0742,0.0346,14.87,2.23,25.13,3.21,0.4416,0.4006,0.4563,0.0319,1.08,0.38,1.5664
2001-12-31,117159213,175738819,1.5,5548818000,2190523000,2963774000,1339364000,2585044000,0,0,1100178000,1063061000,1437330000,29062000,29062000,0.25,0.25,0.18,147239000,-232920000,80113000,-6501000,28883000,51230000,26.97,31.54,22.4,0.0892,0.042,14.71,1.84,16.93,3.09,0.3715,0.4112,0.4659,0.0381,1.1,0.55,1.6355
2001-09-30,117275168,175912752,1.5,5495975000,2244003000,2915337000,1497573000,2580638000,0,0,1100959000,874228000,1475867000,60581000,60581000,0.53,0.52,0.18,203097000,-204553000,14963000,11819000,35384000,53617000,25.59,30.9,20.27,0.1099,0.0517,14.67,1.78,12.97,2.97,0.3007,0.3388,0.4696,0.0462,1.12,0.85,1.4984
2001-06-30,117321173,175981759,1.5,5337661000,2196362000,2808746000,1413129000,2528915000,0,0,953648000,857078000,1507960000,49358000,49358000,0.43,0.42,0.18,223873000,-148937000,-97605000,-21644000,23565000,57388000,29.54,33.4,25.67,0.1381,0.0642,14.37,2.08,12.52,2.85,0.2399,0.3389,0.4738,0.057,1.13,0.95,1.5543
2001-03-31,116849601,175274401,1.5,5251438000,2286891000,2761094000,1387279000,2490344000,0,0,852973000,865456000,1534202000,88074000,88074000,0.77,0.77,0.18,133576000,-116855000,-41966000,-26320000,45209000,86556000,28.14,31.17,25.11,0.1676,0.0788,14.21,2,11.29,2.73,0.1989,0.3475,0.4742,0.0679,1.16,0.27,1.6485
2000-12-31,116579057,174868585,1.5,5308371000,2366459000,2851226000,1378144000,2457145000,0,0,847117000,981953000,1460076000,78314000,78314000,0.68,0.68,0.17,154752000,-73988000,-64663000,16339000,71529000,102163000,26.23,31.63,20.83,0.184,0.0882,14.05,1.91,10.52,2.61,0.1854,0.3996,0.4629,0.0728,1.21,0.3,1.7171
2000-09-30,116451517,174677275,1.5,5329726000,2399469000,2935556000,1486517000,2394170000,0,0,862892000,953434000,1477366000,125046000,125046000,1.1,1.09,0.17,19964000,-480048000,448371000,-13270000,55190000,-1403000,23.57,26.46,20.67,0.1928,0.0954,13.71,1.78,10.65,2.49,0.185,0.3982,0.4492,0.0751,1.27,0.12,1.6142
2000-06-30,116337804,174506706,1.5,4646299000,2153113000,2336841000,1186303000,2309458000,0,0,570740000,701762000,1480178000,112972000,112972000,1.01,1,0.17,173124000,-292541000,126957000,7745000,68460000,53327000,27.52,32.21,22.83,0.1787,0.0918,13.23,2.27,13.02,2.38,0.2088,0.3039,0.4971,0.0688,1.34,0.69,1.815
2000-03-31,111957240,167935860,1.5,3902321000,1854545000,1866593000,773134000,2035728000,0,0,530000000,706596000,1393659000,106703000,106703000,0.98,0.97,0.17,151664000,-157446000,-6967000,-13638000,60715000,51193000,29.31,36,22.63,0.1785,0.0921,12.12,2.5,15.16,2.27,0.2191,0.3471,0.5217,0.0674,1.37,0.6,2.3987
1999-12-31,112086749,168130123,1.5,3722411000,1767490000,1753467000,653793000,1968944000,0,0,500000000,713592000,1239207000,74963000,74963000,0.69,0.68,0.17,95466000,-64611000,-18954000,9932000,74353000,61612000,30.88,34.29,27.46,0.1685,0.0853,11.71,2.69,16.54,2.15,0.2381,0.3624,0.5289,0.0632,1.35,0.2,2.7034
1999-09-30,111993600,167990400,1.5,3770362000,1811994000,1840188000,741093000,1930174000,0,0,470000000,717599000,1242293000,73594000,73594000,0.67,0.67,0.17,117786000,-65111000,-20176000,31144000,64421000,32299000,30.42,32.09,28.75,0.1668,0.0822,11.49,2.76,16.07,2.04,0.2379,0.3718,0.5119,0.0614,1.34,0.51,2.445
1999-06-30,111904364,167856546,1.5,3705888000,1774684000,1852026000,754513000,1853862000,0,0,441489000,724757000,1285266000,92341000,92341000,0.85,0.85,0.17,179664000,-59013000,-128375000,-7800000,33277000,61487000,28.17,33.67,22.67,0.1737,0.0835,11.04,2.57,15.25,1.93,0.2257,0.3909,0.5002,0.0626,1.33,0.7,2.3521
1999-03-31,108520856,162781284,1.5,3691327000,1799211000,1907697000,799990000,1783630000,0,0,430000000,733504000,1255789000,76511000,76511000,0.71,0.7,0.17,156588000,-52938000,-101149000,1137000,41077000,49967000,23.09,26.5,19.67,0.1748,0.083,10.96,2.12,12.28,1.81,0.2212,0.4112,0.4832,0.0621,1.34,0.65,2.249
1998-12-31,108473704,162710556,1.5,3721352000,1821119000,1951605000,949854000,1769747000,0,0,420000000,634203000,1199021000,63532000,63532000,0.59,0.58,0.15,103641000,-60202000,-48226000,-4261000,39940000,56549000,21.77,25.54,18,0.1825,0.0866,10.88,2.04,11.38,1.7,0.2105,0.3584,0.4756,0.0642,1.35,0.29,1.9173
1998-09-30,108921002,163381503,1.5,3760070000,1875787000,2018976000,1010819000,1741094000,0,0,410000000,639049000,1218724000,78117000,78117000,0.71,0.71,0.15,19204000,-140904000,133958000,13713000,44201000,55737000,21.77,25.83,17.71,0.1919,0.0921,10.66,2.12,11.42,1.6,0.2065,0.367,0.463,0.067,1.38,-0.22,1.8557
1998-06-30,109307965,163961947,1.5,3524821000,1780075000,1841371000,988770000,1683450000,0,0,399681000,512943000,1238358000,86751000,86751000,0.78,None,0.15,122522000,-130631000,-4128000,-11957000,30488000,71049000,29.77,34.92,24.63,0.1963,0.096,10.27,3.02,15.35,1.5,0.2077,0.3047,0.4776,0.069,1.39,0.31,1.8003
1998-03-31,110577918,165866877,1.5,3388556000,1702274000,1752697000,935614000,1635859000,0,0,377908000,487485000,1196548000,83225000,83225000,0.76,0.75,0.15,71139000,-72870000,7881000,5764000,42445000,49728000,31.38,35.08,27.67,0.204,0.1018,9.86,3.27,16.46,1.4,0.1983,0.298,0.4828,0.0721,1.41,0.13,1.8194
1997-12-31,110884096,166326144,1.5,3197591000,1549340000,1600384000,802387000,1597207000,0,0,370113000,474436000,1114948000,71314000,71314000,0.64,0.63,0.15,53642000,-60400000,4341000,-2775000,36681000,53020000,30.36,34.17,26.54,0.2055,0.104,9.6,3.19,16.89,1.3,0.1962,0.297,0.4995,0.0734,1.42,0,1.9309
1997-09-30,111622055,167433082,1.5,3197701000,1549047000,1602131000,844211000,1595570000,0,0,330000000,433302000,1083169000,78261000,78261000,0.7,None,0.15,73296000,-195216000,93414000,-29541000,39456000,55997000,29.38,32.58,26.17,0.1977,0.1005,9.53,3.18,17.94,1.2,0.1977,0.2716,0.499,0.0715,1.41,0.1,1.8349
1997-06-30,111633754,167450631,1.5,2998946000,1499561000,1451645000,716011000,1547301000,0,0,285264000,432885000,1115066000,92406000,92406000,0.83,None,0.13,149657000,-44580000,-79976000,23051000,68997000,62787000,22.66,27.33,18,0.1852,0.0938,9.24,2.55,15.4,1.1,0.205,0.2798,0.5159,0.067,1.4,0.52,2.0943
1997-03-31,74462462,167540539,2.25,2906797000,1444093000,1417913000,699028000,1488884000,0,0,292908000,421677000,1047100000,77964000,77964000,1.05,None,0.2,87120000,-43027000,-39530000,3214000,45946000,40475000,18.58,20.58,16.58,0.1712,0.0851,8.89,2.13,13.11,1.01,0.2234,0.2832,0.5122,0.0621,1.37,0.28,2.0659
1996-12-31,74410445,167423501,2.25,2887622000,1382593000,1426298000,691359000,1461324000,0,0,312819000,429534000,969587000,52564000,52564000,0.7,None,0.18,54998000,-45039000,-33802000,-24391000,42732000,32958000,17.42,18.77,16.08,0.1699,0.0844,8.73,2.05,12.44,0.92,0.2252,0.2939,0.5061,0.0617,1.37,0.13,1.9998
1996-09-30,74318378,167216350,2.25,2897377000,1392386000,1474932000,737018000,1422445000,0,0,320000000,433636000,959328000,51105000,51105000,0.69,None,0.18,100535000,-62085000,-34770000,3170000,67123000,41674000,17.2,19.58,14.83,0.1727,0.0872,8.51,2.08,11.98,0.84,0.2291,0.3049,0.4909,0.063,1.38,0.35,1.8892
1996-06-30,74296222,167166499,2.25,2887124000,1402124000,1503166000,766882000,1383958000,0,0,320152000,439797000,991662000,64768000,64768000,0.87,None,0.18,128541000,-251723000,123951000,18000,63953000,53456000,18,19.58,16.42,0.1838,0.0947,8.28,2.27,12.39,0.76,0.2229,0.3178,0.4794,0.0668,1.42,0.45,1.8283
1996-03-31,74222670,167001007,2.25,2583605000,1328405000,1258254000,714787000,1325351000,0,0,0,302562000,931356000,69128000,69128000,0.93,None,0.18,98699000,-199544000,91791000,-9842000,63935000,45874000,15.92,17.67,14.17,0.1931,0.1017,7.94,2.09,11.08,0.68,0.217,0.2283,0.513,0.0697,1.46,0.32,1.8585
1995-12-31,74163385,166867616,2.25,2340176000,1253944000,1066627000,622583000,1273549000,0,0,0,234644000,824376000,48396000,48396000,0.66,None,0.18,68580000,-51664000,10096000,26731000,73777000,52616000,15.41,17.08,13.75,0.1984,0.1045,7.63,2.09,11.07,0.6,0.2156,0.1842,0.5442,0.0698,1.5,0.1,2.0141
1995-09-30,74152078,166842175,2.25,2317061000,1249957000,1083513000,639568000,1233548000,0,0,0,236784000,839054000,57375000,57375000,0.77,None,0.18,42161000,-57810000,-974000,-16784000,47046000,40360000,17.09,18.42,15.75,0.2018,0.1047,7.39,2.39,13.01,0.52,0.2178,0.192,0.5324,0.0694,1.51,0.01,1.9544
1995-06-30,74004315,166509708,2.25,2302209000,1246382000,1110695000,652621000,1191514000,0,0,109308000,237157000,884009000,67650000,67650000,0.91,None,0.17,100522000,-55294000,-26279000,19314000,63830000,47017000,15.02,17.11,12.94,0.1996,0.1024,7.16,2.22,None,0.44,0.2264,0.199,0.5176,0.0679,1.51,0.32,1.9098
1995-03-31,49196698,166038855,3.375,2198669000,1174986000,1073333000,622319000,1125336000,0,0,0,250903000,879673000,65855000,65855000,1.34,None,0.25,63216000,-56141000,-6686000,963000,44516000,41290000,13.45,14.61,12.28,None,None,6.78,2.13,None,0.37,None,0.223,0.5118,None,None,0.13,1.8881
1994-12-31,49140587,165849481,3.375,2044566000,1059196000,996665000,552843000,1047901000,0,0,0,252769000,738231000,41084000,41084000,0.84,None,0.25,38446000,-59361000,30767000,9648000,43553000,24686000,12.63,13.94,11.33,None,None,6.32,2.07,None,0.29,None,0.2412,0.5125,None,None,0.08,1.9159
1994-09-30,48981132,165311320,3.375,1976174000,1024091000,968005000,525219000,1008169000,0,0,0,252880000,712457000,43649000,43649000,0.89,None,0.25,37951000,-93426000,7112000,-47685000,33905000,25925000,12.25,13.39,11.11,None,None,6.1,2.09,None,0.22,None,0.2508,0.5102,None,None,0.07,1.9498
1994-06-30,48966848,165263112,3.375,1912790000,1018354000,946439000,504444000,966351000,0,0,51516000,257259000,None,None,None,None,None,0,100391000,-34979000,-55767000,11337000,81590000,33181000,11.67,13.28,10.06,None,None,5.85,2.11,None,0.15,None,0.2662,0.5052,None,None,0.41,2.0188
1994-03-31,48784789,164648662,3.375,1857833000,990914000,947837000,495670000,909996000,0,0,0,267552000,677353000,-19083000,-19083000,-0.39,None,0.25,88294000,-20844000,-26987000,40497000,70253000,21232000,11,11.72,10.28,None,None,5.53,1.93,None,0.15,None,0.294,0.4898,None,None,0.41,1.9991
1993-12-31,48696276,164349931,3.375,1818379000,902590000,881759000,424888000,936620000,0,0,0,269276000,592226000,9854000,9854000,0.2,None,0.24,None,None,None,None,29756000,0,10.67,11.28,10.06,None,None,5.7,None,None,0.071111,None,0.2875,0.5151,None,None,None,2.1243
