"Quarter end","Shares","Shares split adjusted","Split factor","Assets","Current Assets","Liabilities","Current Liabilities","Shareholders equity","Non-controlling interest","Preferred equity","Goodwill & intangibles","Long-term debt","Revenue","Earnings","Earnings available for common stockholders","EPS basic","EPS diluted","Dividend per share","Cash from operating activities","Cash from investing activities","Cash from financing activities","Cash change during period","Cash at end of period","Capital expenditures","Price","Price high","Price low","ROE","ROA","Book value of equity per share","P/B ratio","P/E ratio","Cumulative dividends per share","Dividend payout ratio","Long-term debt to equity ratio","Equity to assets ratio","Net margin","Asset turnover","Free cash flow per share","Current ratio"
2019-03-31,157343802,157343802,1,14737023000,7240640000,10342149000,5890187000,4199936000,194938000,0,6185456000,3733642000,5040022000,77845000,77845000,0.5,0.49,0,107438000,-45646000,-74598000,-11424000,826878000,22543000,28.99,32,25.98,0.0667,0.0186,26.69,1.11,64.42,0,0,0.889,0.285,0.0134,1.39,0.54,1.2293
2018-12-31,156094835,156094835,1,14767650000,7249734000,10517221000,6040897000,4077800000,172629000,0,6190245000,3759491000,5037495000,51519000,51519000,0.33,0.32,0,-200382000,-59697000,213234000,-48431000,838302000,21902000,29.54,34.24,24.83,0.0188,0.0052,26.12,1.13,36.02,0,0,0.9219,0.2761,0.0038,1.38,-1.42,1.2001
2018-09-30,156351525,156351525,1,14681131000,7127322000,10402757000,6129677000,4092780000,185594000,0,6241008000,3483746000,5305850000,83977000,83977000,0.54,0.51,0,531886000,57967000,-501087000,85314000,886733000,21248000,32.98,35,30.95,0.0335,0.0093,26.18,1.3,38.8,0,0,0.8512,0.2788,0.0068,1.37,3.27,1.1628
2018-06-30,160780324,160780324,1,14727417000,7043842000,10467283000,5890070000,4077732000,182402000,0,6271214000,3707293000,5147920000,60910000,60910000,0.38,0.37,0,71844000,-29254000,-99516000,-65806000,801419000,23428000,34.59,36.97,32.2,0.0348,0.0097,25.36,1.37,30.88,0,0,0.9092,0.2769,0.0072,1.35,0.3,1.1959
2018-03-31,160327175,160327175,1,14617332000,6923960000,10352707000,5641841000,4040752000,223873000,0,6310787000,3814976000,4790910000,-119733000,-119733000,-0.75,-0.75,0,118395000,-60298000,-7261000,54059000,867225000,23659000,36.82,39.9,33.74,0.0458,0.0126,25.2,1.43,14.61,0,0,0.9441,0.2764,0.0095,1.33,0.59,1.2273
2017-12-31,159169121,159169121,1,14622951000,6842040000,10292170000,5676057000,4104369000,226412000,0,6408759000,3738901000,4910832000,111314000,111314000,0.7,0.69,0,52428000,-27502000,-17004000,10804000,813166000,18543000,36.2,39.24,33.16,0.1051,0.0286,25.79,1.43,17,0,0,0.911,0.2807,0.0215,1.33,0.21,1.2054
2017-09-30,157624270,157624270,1,14396956000,6682222000,10182270000,5578379000,3996126000,218560000,0,6407977000,3702109000,4856388000,88488000,88488000,0.56,0.54,0,251297000,-134584000,-129731000,-10097000,802362000,19960000,33.75,37.04,30.47,0.0928,0.0245,25.35,1.43,20.58,0,0,0.9264,0.2776,0.0186,1.31,1.47,1.1979
2017-06-30,156710755,156710755,1,13836242000,6333291000,9919893000,5189602000,3708618000,207731000,0,6250802000,3753799000,4561467000,101327000,101327000,0.65,0.64,0,413937000,-10196000,-320836000,86487000,812459000,19794000,33.66,35.39,31.93,0.0738,0.0189,23.67,1.48,23.54,0,0,1.0122,0.268,0.0146,1.29,2.52,1.2204
2017-03-31,155733884,155733884,1,13641041000,6166308000,9912851000,5064092000,3544392000,183798000,0,6232038000,3851082000,4427198000,102396000,102396000,0.66,0.65,0,-46087000,-19071000,90446000,28255000,725972000,17678000,36.5,39.13,33.86,0.0648,0.0164,22.76,1.68,34.76,0,0,1.0865,0.2598,0.0128,1.28,-0.41,1.2177
2016-12-31,155315517,155315517,1,13508996000,5985101000,9949109000,5165328000,3378413000,181474000,0,6234208000,3751342000,4358349000,47179000,47179000,0.31,0.3,0,77507000,-38860000,-26369000,5572000,697717000,21027000,33.53,40.13,26.92,0.0476,0.0119,21.75,1.53,54.08,0,0,1.1104,0.2501,0.0094,1.27,0.36,1.1587
2016-09-30,153947620,153947620,1,13726745000,6000771000,10174256000,5304756000,3366921000,185568000,0,6303282000,3758966000,4323096000,7204000,7204000,0.04,0.05,0,362899000,-50697000,-247196000,64148000,692145000,36913000,31.88,36.2,27.56,0.0281,0.007,21.87,1.38,99.63,0,0,1.1164,0.2453,0.0055,1.26,2.12,1.1312
2016-06-30,153694443,153694443,1,13878327000,6171895000,10119120000,5286219000,3551842000,207365000,0,6324658000,3941150000,4408782000,67444000,67444000,0.44,0.43,0,260050000,-85204000,-213572000,-41781000,627997000,68788000,31.55,34.05,29.06,0.0156,0.0039,23.11,1.4,None,0,0,1.1096,0.2559,0.0031,1.29,1.24,1.1675
2016-03-31,153366731,153366731,1,13989215000,6285936000,10324864000,5260488000,3458440000,205911000,0,6318319000,4130087000,4381296000,41828000,41828000,0.27,0.27,0,113151000,-66701000,-38967000,11734000,669778000,30220000,27.35,31.9,22.8,-0.0087,-0.0022,22.55,1.26,None,0,None,1.1942,0.2472,None,1.29,0.54,1.1949
2015-12-31,152610376,152610376,1,13529403000,5896574000,10010508000,4755094000,3314581000,204314000,0,6344843000,4366424000,4297651000,-20367000,-20367000,-0.13,-0.13,0,78055000,39987000,-138244000,-25849000,658044000,843000,30.6,33.12,28.08,-0.0207,-0.0051,21.72,1.28,None,0,None,1.3173,0.245,None,1.3,0.51,1.2401
2015-09-30,151408089,151408089,1,14014298000,6246085000,10383355000,4836052000,3630943000,0,0,6480130000,4446527000,4748070000,-34416000,-34416000,-0.25,-0.25,0,278029000,29317000,-220763000,77993000,683893000,10170000,28.47,32.91,24.04,-0.044,-0.011,23.98,1.24,None,0,None,1.2246,0.2591,None,1.27,1.77,1.2916
2015-06-30,150968068,150968068,1,14236126000,6227370000,10496059000,4767207000,3474924000,265143000,0,6557168000,4602483000,4549578000,-17192000,-17192000,-0.11,-0.11,0,153802000,-26034000,-133323000,-6697000,605900000,3669000,32.85,35.4,30.3,-0.0178,-0.0046,23.02,1.44,53.85,0,None,1.3245,0.2441,None,1.3,0.99,1.3063
2015-03-31,150377843,150377843,1,14016005000,5985183000,10295160000,4461104000,3429567000,291278000,0,6519862000,4691571000,4506197000,266000,266000,0,0,0,49960000,-29647000,-132224000,-122051000,612597000,30517000,28.13,31.45,24.82,0.0106,0.003,22.81,1.23,27.58,0,0,1.368,0.2447,0.0023,1.32,0.13,1.3416
2014-12-31,155475574,155475574,1,14253269000,6100785000,10413957000,4413077000,3550220000,289092000,0,6530627000,4775396000,4186035000,-103503000,-103503000,-0.73,-0.73,0,282642000,-3319364000,3206074000,160460000,734648000,25070000,30.73,34.24,27.23,0.0279,0.0088,22.83,2.16,13.19,0,0,1.3451,0.2491,0.0066,1.33,1.66,1.3824
2014-09-30,153821746,153821746,1,6123377000,3434113000,3850897000,2455769000,2186517000,85963000,0,2027576000,939565000,2562529000,64026000,64026000,0.65,0.64,0,174916000,-63990000,-40868000,64041000,574188000,13274000,34.9,38.13,31.66,0.1079,0.0394,14.21,1.58,14.19,0,0,0.4297,0.3571,0.0275,1.43,1.05,1.3984
2014-06-30,99479685,99479685,1,5753742000,3121810000,3470269000,2053860000,2197512000,85961000,0,1983088000,976963000,1968155000,69240000,69240000,0.71,0.7,0,79713000,-24994000,-48021000,7604000,510147000,16411000,32.02,33.57,30.46,0.116,0.0423,22.09,1.51,13.02,0,0,0.4446,0.3819,0.0308,1.38,0.64,1.52
2014-03-31,99250278,99250278,1,5645278000,3023901000,3454841000,2001685000,2100189000,90248000,0,1979568000,1008891000,1872224000,40192000,40192000,0.41,0.41,0,-31391000,-33263000,-111601000,-179200000,502543000,12396000,30.09,32.48,27.69,0.1198,0.043,21.16,1.46,11.66,0,0,0.4804,0.372,0.0306,1.41,-0.44,1.5107
2013-12-31,99062136,99062136,1,5837421000,3248847000,3714462000,2159670000,2036266000,86693000,0,1983113000,1113452000,1953875000,56396000,56396000,0.59,0.58,0,137387000,-20549000,-33267000,81066000,681743000,20771000,30.08,32.69,27.47,0.1275,0.0453,20.56,1.46,12.75,0,0,0.5468,0.3488,0.0318,1.42,1.18,1.5043
2013-09-30,98196114,98196114,1,5665623000,3131602000,3591529000,2053549000,2021443000,52651000,0,1894903000,1089060000,2079087000,76568000,76568000,0.79,0.77,0,160147000,-29795000,-42094000,93086000,600677000,15050000,31.91,35.2,28.63,0.1183,0.0422,20.59,1.62,None,0,0,0.5388,0.3568,0.0293,1.44,1.48,1.525
2013-06-30,100804056,100804056,1,5539368000,3049684000,3497503000,1941556000,1985730000,56135000,0,1884708000,1135226000,2067490000,70755000,70755000,0.71,0.7,0,96117000,-27678000,-180888000,-120141000,507591000,12435000,30.11,32.01,28.22,-0.0302,-0.011,19.7,1.52,None,0,None,0.5717,0.3585,None,1.44,0.83,1.5707
2013-03-31,103082772,103082772,1,5685144000,3161809000,3592553000,2030958000,2035979000,56612000,0,1902055000,1123456000,1989646000,53811000,53811000,0.54,0.53,0,85245000,-29849000,-14505000,36436000,627732000,11707000,28.38,32.95,23.8,-0.0292,-0.011,19.75,1.45,None,0,None,0.5518,0.3581,None,1.42,0.71,1.5568
2012-12-31,104746739,104746739,1,5808025000,3258532000,3697899000,2233124000,2049468000,60658000,0,1917624000,1021772000,2017272000,38109000,38109000,0.36,0.36,0,67089000,-52168000,-16886000,-2480000,591296000,12925000,21.62,24.37,18.87,-0.03,-0.0117,19.57,1.08,None,0,None,0.4986,0.3529,None,1.41,0.52,1.4592
2012-09-30,108078563,108078563,1,5664568000,3147293000,3440080000,2078402000,2169464000,55024000,0,1872325000,907141000,2082911000,-224905000,-224905000,-2.04,-2.04,0,226389000,15102000,-52945000,195382000,593776000,15069000,18.45,21.62,15.29,-0.0247,-0.01,20.07,0.85,8.31,0,None,0.4181,0.383,None,1.4,1.96,1.5143
2012-06-30,113076900,113076900,1,5863640000,3046926000,3351830000,2005151000,2455750000,56060000,0,2211674000,950622000,2095138000,69413000,69413000,0.63,0.63,0,201965000,-50003000,-217358000,-67268000,398394000,15600000,18.8,22.68,14.91,0.1053,0.0429,21.72,0.87,8.51,0,0,0.3871,0.4188,0.0307,1.4,1.65,1.5195
2012-03-31,112907684,112907684,1,6013232000,3167476000,3522930000,1936254000,2433830000,56472000,0,2234100000,1172279000,2010951000,48994000,48994000,0.43,0.43,0,11424000,-17251000,-40009000,-41824000,465662000,13921000,22.43,24.06,20.8,0.1068,0.0436,21.56,1.09,9.88,0,0,0.4817,0.4047,0.0315,1.39,-0.02,1.6359
2011-12-31,117124163,117124163,1,5994615000,3187915000,3520640000,1882957000,2412306000,61669000,0,2211369000,1217729000,2029180000,47931000,47931000,0.42,0.42,0,-6426000,-21621000,72698000,50546000,507486000,18284000,19.23,21.62,16.84,0.111,0.0457,20.6,0.95,8.25,0,0,0.5048,0.4024,0.0328,1.39,-0.21,1.693
2011-09-30,115354592,115354592,1,5789328000,2990066000,3394191000,1814446000,2339711000,55426000,0,2205470000,1144723000,2118045000,87383000,87383000,0.75,0.74,0,262136000,-40273000,-129564000,75473000,456940000,30708000,22.93,28.18,17.67,0.1168,0.048,20.28,1.1,10.57,0,0,0.4893,0.4041,0.0343,1.4,2.01,1.6479
2011-06-30,119447820,119447820,1,5886631000,3092385000,3350405000,1818233000,2481310000,54916000,0,2248913000,1165363000,2046725000,73834000,73834000,0.63,0.62,0,15911000,-14409000,-26985000,-21917000,381467000,15176000,27.25,28.67,25.82,0.1115,0.0444,20.77,1.36,12.91,0,0,0.4697,0.4215,0.0331,1.38,0.01,1.7008
2011-03-31,119197576,119197576,1,5665358000,2964656000,3229256000,1747667000,2383630000,52472000,0,2179006000,1130125000,1936421000,57715000,57715000,0.49,0.49,0,33310000,-16993000,-40138000,-17854000,403384000,16088000,28.04,29.93,26.15,0.1139,0.0468,20,1.49,13.16,0,0,0.4741,0.4207,0.0337,1.43,0.14,1.6964
2010-12-31,118727138,118727138,1,5620040000,2984264000,3330644000,1755065000,2236617000,52779000,0,2145547000,1187591000,1936183000,56868000,56866000,0.48,0.48,0,-179345000,-350242000,334147000,-191619000,421238000,16019000,26.34,28.77,23.92,0.1202,0.0519,18.84,1.49,12.85,0,0,0.531,0.398,0.0354,1.49,-1.65,1.7004
2010-09-30,118536595,118536595,1,5242909000,2946499000,3104440000,1852260000,2090012000,48457000,231000,1799031000,914686000,1828658000,60524000,67751000,0.59,0.58,0,114886000,-541136000,733069000,318975000,612857000,33312000,24.26,26.37,22.15,0.1201,0.0557,17.63,1.43,12.38,0,0,0.4377,0.3986,0.0362,1.54,0.69,1.5908
2010-06-30,116136722,116136722,1,3999840000,2377945000,1984241000,1566483000,1970694000,44905000,2441000,1211143000,173640000,1635183000,64842000,64808000,0.57,0.56,0,130230000,-36314000,742000,87333000,293882000,7711000,26.38,30.73,22.02,0.1187,0.0593,16.95,1.55,14.18,0,0,0.0882,0.4921,0.0352,1.63,1.05,1.518
2010-03-31,114693406,114693406,1,3939343000,2348566000,1985928000,1562260000,1953415000,0,0,1194567000,178061000,1601166000,61654000,58454000,0.51,0.51,0,-51908000,-13524000,19173000,-46400000,206549000,12947000,27.96,30.48,25.45,0.116,0.0567,17.03,1.7,15.98,0,0,0.0912,0.4959,0.0335,1.63,-0.57,1.5033
2009-12-31,113968304,113968304,1,3833525000,2231800000,1960920000,1572668000,1872605000,0,0,1200684000,140025000,1480784000,49867000,45747000,0.4,0.4,0,-34573000,-23553000,17595000,-37828000,252949000,14520000,26.38,28.44,24.31,0.114,0.0533,16.43,1.72,15.25,0,0,0.0748,0.4885,0.0316,1.65,-0.43,1.4191
2009-09-30,112610790,112610790,1,3789881000,2214535000,2035476000,1556739000,1729718000,24687000,0,1124898000,142102000,1634590000,54272000,54267000,0.5,0.49,0,112958000,-32573000,-71857000,11771000,290777000,26037000,29.59,32.99,26.2,0.1189,0.0519,15.36,1.96,18.04,0,0,0.0822,0.4564,0.031,1.67,0.77,1.4225
2009-06-30,110319673,110319673,1,3735197000,2245115000,2041421000,1518213000,1666301000,27475000,0,1110150000,221047000,1531989000,51121000,51058000,0.46,0.46,0,93597000,-14664000,-49018000,35205000,275006000,4222000,28.6,32,25.2,0.1178,0.0496,15.1,2.01,18.45,0,0,0.1327,0.4461,0.0292,1.7,0.81,1.4788
2009-03-31,109142820,109142820,1,3559499000,2085847000,1957025000,1396645000,1551465000,51009000,0,1041208000,275377000,1498758000,43398000,43363000,0.41,0.4,0,24341000,-23925000,-1845000,-1891000,241201000,13555000,25.87,31.43,20.3,0.1135,0.0488,14.21,1.9,17.25,0,0,0.1775,0.4359,0.0281,1.73,0.1,1.4935
2008-12-31,104904879,104904879,1,3535325000,2089611000,2059781000,1429881000,1428039000,47505000,0,1020761000,362353000,1454128000,40905000,40869000,0.39,0.38,0,-12565000,56872000,11993000,48570000,243092000,19110000,23.78,32.34,15.22,0.1115,0.0498,13.61,1.72,16.87,0,0,0.2537,0.4039,0.0285,1.75,-0.3,1.4614
2008-09-30,103101460,103101460,1,3596190000,2105250000,2122447000,1474079000,1422993000,50750000,0,1029386000,365974000,1628908000,43450000,43413000,0.41,0.4,0,63217000,-355255000,317322000,21414000,194522000,21352000,26.48,33.18,19.79,0.1053,0.0501,13.8,1.87,None,0,0,0.2572,0.3957,0.0283,1.77,0.41,1.4282
2008-06-30,102518732,102518732,1,2920991000,1659162000,1450762000,1197422000,1448751000,21478000,0,824488000,58894000,1321203000,38454000,38418000,0.38,0.37,0,88743000,-157580000,23711000,-44567000,173108000,23927000,29.72,34.13,25.31,None,None,14.13,2.17,None,0,None,0.0407,0.496,None,None,0.63,1.3856
2008-03-31,101240332,101240332,1,2701933000,1609214000,1288511000,1062660000,1387138000,26284000,0,707607000,32906000,1164121000,35829000,35790000,0.36,0.35,0,38984000,-26101000,1558000,14998000,217675000,12899000,26.48,29.95,23.01,None,None,13.7,2,None,0,None,0.0237,0.5134,None,None,0.26,1.5143
2007-12-31,100201803,100201803,1,2531155000,1569274000,1182722000,946901000,1326189000,22244000,0,661820000,30169000,1080250000,29493000,29437000,0.3,0.29,0,-35717000,17631000,4118000,-14234000,202677000,10908000,31.86,37.25,26.47,None,None,13.24,2.49,None,0,None,0.0227,0.5239,None,None,-0.47,1.6573
2007-09-30,99697193,99697193,1,2491821000,1576463000,1192247000,978808000,1278485000,21089000,0,623161000,39186000,None,None,None,None,None,0,117124000,-233569000,-10662000,-126162000,216911000,10037000,30.17,35.94,24.4,None,None,12.82,2.31,None,0,None,0.0307,0.5131,None,None,1.07,1.6106
2007-06-30,98335369,98335369,1,2437189000,1474503000,1135466000,892940000,1283905000,17818000,0,582159000,56623000,1100656000,24186000,24118000,0.3,0.26,0,-33391000,-26911000,286169000,226809000,343073000,14299000,23.5,26,21,None,None,13.06,None,None,0,None,0.0441,0.5268,None,None,-0.48,1.6513
2007-03-31,57460002,57460002,1,2076196000,1213008000,1289842000,1021564000,-298174000,1084528000,0,578643000,153118000,1083709000,21198000,21111000,0.37,0.27,0,None,None,None,None,116264000,0,None,None,None,None,None,-5.19,None,None,0,None,None,None,None,None,None,1.1874
