"Quarter end","Shares","Shares split adjusted","Split factor","Assets","Current Assets","Liabilities","Current Liabilities","Shareholders equity","Non-controlling interest","Preferred equity","Goodwill & intangibles","Long-term debt","Revenue","Earnings","Earnings available for common stockholders","EPS basic","EPS diluted","Dividend per share","Cash from operating activities","Cash from investing activities","Cash from financing activities","Cash change during period","Cash at end of period","Capital expenditures","Price","Price high","Price low","ROE","ROA","Book value of equity per share","P/B ratio","P/E ratio","Cumulative dividends per share","Dividend payout ratio","Long-term debt to equity ratio","Equity to assets ratio","Net margin","Asset turnover","Free cash flow per share","Current ratio"
2019-03-30,304785686,304785686,1,18086698000,8650343000,7584032000,2568015000,10114191000,388475000,0,806888000,4233792000,6096624000,501806000,499838000,1.63,1.63,0.4,650708000,-265633000,-233238000,151921000,1550807000,275876000,56.47,62.31,50.63,0.2558,0.1405,33.18,1.76,7.6,24.09,0.1936,0.4186,0.5592,0.0976,1.43,1.23,3.3685
2018-12-31,305381583,305381583,1,17920588000,8636265000,7718620000,2806300000,9792078000,409890000,0,3012840000,4233276000,6295884000,646779000,644342000,2.07,2.07,0.4,492493000,-397101000,-627120000,-533269000,1398886000,354167000,57.91,66.03,49.79,0.248,0.136,32.07,1.86,8.83,23.69,0.2052,0.4323,0.5464,0.0938,1.44,0.45,3.0775
2018-09-29,313932540,313932540,1,17962893000,8844251000,7788472000,2807695000,9792137000,382284000,0,3041800000,4232760000,6742202000,676656000,673849000,2.13,2.13,0.38,1030867000,-266730000,-310275000,445702000,1932155000,252586000,64.89,68.84,60.93,0.2266,0.1245,31.19,2.19,12.43,23.29,0.2303,0.4323,0.5451,0.0876,1.42,2.48,3.15
2018-06-30,316343488,316343488,1,17451692000,8401235000,7716268000,2750329000,9373407000,362017000,0,3053714000,4232244000,6460774000,683153000,680234000,2.14,2.13,0.38,742671000,-195076000,174750000,726199000,1486453000,177953000,63.9,68.84,58.95,0.1876,0.1017,29.63,2.26,15.62,22.91,0.2886,0.4515,0.5371,0.0749,1.35,1.79,3.0546
2018-03-31,318096634,318096634,1,16121246000,7079216000,6798327000,2844581000,8976027000,346892000,0,3087686000,3242865000,5568419000,354179000,352998000,1.11,1.1,0.38,127921000,-171162000,-145532000,-188850000,760254000,166236000,64.61,70.48,58.74,0.1516,0.0815,28.22,2.35,15.76,22.53,0.3678,0.3613,0.5568,0.0624,1.3,-0.12,2.4887
2017-12-31,317936751,317936751,1,15841258000,6824420000,6756470000,2824764000,8739036000,345752000,0,3110704000,3242242000,5092328000,383891000,382572000,1.21,1.2,0.38,288770000,-182392000,-724768000,-626840000,949104000,150348000,59.28,64.86,53.71,0.1557,0.082,27.49,2.22,16.51,22.15,0.3667,0.371,0.5517,0.0649,1.26,0.44,2.4159
2017-09-30,317916674,317916674,1,16503834000,7500647000,7658020000,3555466000,8505385000,340429000,0,3148551000,3241488000,5170117000,254850000,253950000,0.79,0.79,0.3775,415529000,-161374000,-205720000,64591000,1575944000,96166000,56.97,62.26,51.67,0.1402,0.0726,26.75,2.17,15.65,21.77,0.4183,0.3811,0.5154,0.0603,1.2,1,2.1096
2017-07-01,319425944,319425944,1,16112725000,7182692000,7400812000,3325306000,8377065000,334848000,0,3126619000,3240694000,5174769000,323048000,321910000,1,1,0.3775,102822000,-90401000,-160641000,-146406000,1511353000,91061000,58.16,62.31,54.01,0.1455,0.0752,26.23,2.28,17.26,21.39,0.4124,0.3869,0.5199,0.064,1.17,0.04,2.16
2017-04-01,319051856,319051856,1,15875460000,6878193000,7407389000,2837796000,8134023000,334048000,0,3146768000,3739908000,4815179000,356899000,355707000,1.11,1.11,0.3775,244142000,-484725000,-147102000,-388202000,1657759000,85665000,61.09,66,56.19,0.1378,0.0708,25.49,2.47,24.63,21.01,0.4453,0.4598,0.5124,0.0623,1.13,0.5,2.4238
2016-12-31,318848316,318848316,1,15223518000,6506393000,6968810000,2389966000,7879865000,374843000,0,2919563000,3739141000,3956538000,221709000,221178000,0.69,0.69,0.38,565853000,-79643000,-141812000,341254000,2045961000,273716000,56.65,68,45.3,0.1037,0.0534,24.71,2.34,35.63,20.64,0.6038,0.4745,0.5176,0.049,1.09,0.92,2.7224
2016-10-01,318485158,318485158,1,15113679000,6700422000,7023163000,1898487000,7727246000,363270000,0,2784468000,4338347000,4290236000,270036000,269122000,0.84,0.84,0.375,314715000,-273521000,-114788000,-76443000,1704707000,96842000,50.95,57.08,44.81,0.0677,0.0349,24.26,2.14,34.9,20.26,0.9382,0.5614,0.5113,0.0325,1.07,0.68,3.5293
2016-07-02,318355665,318355665,1,14924583000,6538498000,7003874000,1936108000,7573763000,346946000,0,2771339000,4337561000,4245772000,233772000,232954000,0.73,0.73,0.375,306106000,-639874000,-167310000,-497338000,1781150000,140323000,48.66,51.99,45.32,0.0621,0.0319,23.79,2.08,43.45,19.88,1.0231,0.5727,0.5075,0.0299,1.06,0.52,3.3771
2016-04-02,317928650,317928650,1,14395104000,6006149000,6617032000,1550130000,7426468000,351604000,0,2782104000,4337875000,3715576000,70754000,70385000,0.22,0.22,0.375,550859000,-32080000,-190056000,339019000,2278488000,75388000,41.21,48.52,33.9,0.0475,0.0245,23.36,1.77,37.13,19.51,1.3316,0.5841,0.5159,0.0228,1.07,1.5,3.8746
2015-12-31,317941228,317941228,1,14250399000,5754380000,6464386000,1385173000,7416878000,369135000,0,2781950000,4379300000,3456713000,-62022000,-62038000,-0.2,-0.2,0.38,399744000,-144553000,-205869000,44044000,1939469000,86642000,40.8,43.93,37.67,0.0469,0.0241,23.33,1.69,20.82,19.13,1.3416,0.5905,0.5205,0.0217,1.11,0.98,4.1543
2015-10-03,319614898,319614898,1,15269468000,6465731000,7222127000,1847411000,7709087000,338254000,0,2816834000,4379900000,4225514000,227126000,226389000,0.71,0.71,0.3725,562595000,-105762000,-133135000,318929000,1895425000,100770000,41.88,47,36.76,0.0817,0.0414,24.12,1.75,20.84,18.75,0.7565,0.5681,0.5049,0.0349,1.18,1.44,3.4999
2015-07-04,319599749,319599749,1,15068177000,6154737000,7093092000,1690077000,7660703000,314382000,0,2865148000,4380500000,4357609000,124755000,124344000,0.39,0.39,0.3725,631010000,-85629000,-125902000,422559000,1576496000,82402000,47.19,50.7,43.67,0.084,0.0425,23.97,1.98,22.69,18.38,0.7335,0.5718,0.5084,0.0332,1.28,1.72,3.6417
2015-04-04,319134811,319134811,1,14855438000,5862989000,6949767000,1524806000,7611512000,294159000,0,2878120000,4381000000,4399440000,67800000,67450000,0.21,0.21,0.3725,563694000,-105752000,-324845000,129793000,1153937000,74919000,46.2,49.48,42.93,0.0868,0.0438,23.85,1.9,20.81,18.01,0.7075,0.5756,0.5124,0.0328,1.33,1.53,3.8451
2014-12-31,319046902,319046902,1,15615927000,6441888000,7540809000,2097776000,7772470000,302648000,0,2930757000,4381600000,5003753000,210427000,209765000,0.65,0.65,0.37,417335000,-720996000,33970000,-271801000,1024144000,92918000,51.29,55.31,47.27,0.0924,0.0464,24.36,2.12,24.42,17.63,0.6631,0.5637,0.4977,0.0337,1.37,1.02,3.0708
2014-10-04,318999937,318999937,1,15493594000,6796244000,7477891000,2156496000,7735282000,280421000,0,2801854000,4382100000,5701869000,245447000,244666000,0.76,0.76,0.37,482234000,-118698000,-132560000,228384000,1295945000,104561000,53.89,58.76,49.03,0.0876,0.0441,24.25,2.24,29.94,17.26,0.7021,0.5665,0.4993,0.032,1.37,1.18,3.1515
2014-07-05,318843007,318843007,1,15310888000,6494790000,7364875000,2017226000,7680822000,265191000,0,2813897000,4391000000,5291075000,147041000,146554000,0.46,0.46,0.37,294115000,-266866000,-114552000,-84981000,1067561000,180422000,51.05,53.37,48.72,0.0752,0.038,24.09,2.14,31.71,16.89,0.8195,0.5717,0.5017,0.0284,1.33,0.36,3.2197
2014-04-05,318465350,318465350,1,15118011000,6309873000,7257476000,1895968000,7602155000,258380000,0,2809980000,4399600000,5108444000,111031000,110640000,0.35,0.35,0.37,149214000,-331502000,-145905000,-330710000,1152542000,253518000,49.89,53.4,46.39,0.0674,0.0348,23.87,2.08,32.82,16.52,0.9164,0.5787,0.5029,0.0261,1.33,-0.33,3.328
2013-12-31,318366149,318366149,1,15203283000,6410046000,7293005000,1960216000,7645769000,264509000,0,2847762000,4376900000,4894750000,170494000,169898000,0.53,0.53,0.37,194309000,-292318000,-139499000,-239657000,1483252000,304254000,51.05,54.73,47.37,0.0641,0.0336,24.02,2.14,36.21,16.15,0.9637,0.5725,0.5029,0.0255,1.31,-0.35,3.2701
2013-09-28,318211045,318211045,1,15091776000,6468877000,7228503000,1993489000,7605206000,258067000,0,2880024000,4380200000,4940936000,147597000,147079000,0.46,0.46,0.3675,398666000,-181624000,874484000,1092442000,1722909000,247440000,47.18,51.25,43.11,0.0597,0.0319,23.9,1.99,36.29,15.78,1.0344,0.5759,0.5039,0.0243,1.3,0.48,3.245
2013-06-29,318186618,318186618,1,13766651000,5183163000,5995421000,1740576000,7537629000,233601000,0,2895815000,3380200000,4665588000,85145000,84726000,0.27,0.27,0.3675,356163000,-227241000,-399850000,-272233000,630467000,283534000,44.36,47.4,41.32,0.0547,0.0293,23.69,1.86,32.14,15.42,1.1245,0.4484,0.5475,0.0225,1.3,0.23,2.9778
2013-03-30,317783440,317783440,1,14039010000,5546741000,6236767000,1986987000,7567096000,235147000,0,2925298000,3380200000,4550772000,84789000,84403000,0.26,0.26,0.3675,128811000,-138787000,-139091000,-150162000,902700000,327627000,46,48.6,43.41,0.0582,0.0307,23.81,1.91,29.11,15.05,1.0531,0.4467,0.539,0.0234,1.3,-0.63,2.7915
2012-12-31,317678664,317678664,1,14152059000,5661364000,6266685000,2029568000,7641571000,243803000,0,2963778000,3380200000,4451274000,136908000,136438000,0.42,0.42,0.37,75701000,60649000,-775614000,-640335000,1052862000,325342000,40.85,44,37.7,0.0661,0.0344,24.05,1.7,25.53,14.68,0.9248,0.4423,0.54,0.0259,1.32,-0.79,2.7894
2012-09-29,317638420,317638420,1,14997247000,6622073000,7133673000,2887027000,7633344000,230230000,0,2988809000,3380200000,4801206000,110308000,109896000,0.35,0.35,0.365,678198000,2016000,-101622000,581208000,1693197000,208781000,38.79,40.97,36.61,0.0665,0.0341,24.03,1.63,21.31,14.31,0.9175,0.4428,0.509,0.0254,1.34,1.48,2.2937
2012-06-30,317458256,317458256,1,14766566000,6486344000,6984007000,2757288000,7558164000,224395000,0,2979098000,3380200000,5104199000,112299000,111877000,0.35,0.35,0.365,238835000,-174294000,-131050000,-67825000,1111989000,203046000,39.11,43.99,34.23,0.0763,0.0391,23.81,1.63,16.23,13.95,0.802,0.4472,0.5118,0.0283,1.37,0.11,2.3524
2012-03-31,317051968,317051968,1,14814465000,6859485000,7018763000,2549047000,7585584000,210118000,0,2648002000,3630200000,5072594000,145104000,144695000,0.46,0.46,0.365,207651000,-92366000,-138591000,-20831000,1179814000,159376000,42.91,45.75,40.08,0.1015,0.0518,23.93,1.82,17.51,13.58,0.6036,0.4786,0.512,0.0376,1.38,0.15,2.691
2011-12-31,316887937,316887937,1,14570350000,6708081000,6863770000,2396059000,7474885000,231695000,0,2615301000,3630200000,4829677000,137056000,136642000,0.44,0.44,0.36,359468000,-136694000,-125173000,99208000,1200645000,119072000,35.7,41.57,29.82,0.1046,0.0532,23.59,1.52,18.12,13.22,0.5908,0.4857,0.513,0.0387,1.37,0.76,2.7996
2011-10-01,316703996,316703996,1,14807265000,6893896000,7128084000,2358085000,7462736000,216445000,0,2632424000,3930200000,5252144000,181518000,180926000,0.57,0.57,0.3625,380422000,-363318000,-100379000,-88107000,1101437000,101613000,36.21,41.7,30.72,0.0857,0.0436,23.56,1.53,24.63,12.86,0.7296,0.5266,0.504,0.0329,1.32,0.88,2.9235
2011-07-02,316503376,316503376,1,14733549000,6716495000,7058158000,2002685000,7464948000,210443000,0,2672737000,4280200000,5107809000,299773000,298725000,0.94,0.94,0.3625,245227000,-77409000,-130495000,36600000,1189544000,102433000,43.45,48,38.9,0.0646,0.0335,23.59,1.89,52.99,12.49,0.9724,0.5734,0.5067,0.0262,1.28,0.45,3.3537
2011-04-02,316061998,316061998,1,14344446000,6295610000,6890855000,1787626000,7251374000,202217000,0,2692988000,4280200000,4833934000,159841000,159242000,0.5,0.5,0.3625,47495000,-84026000,-138975000,-172462000,1152944000,92051000,46.03,49.24,42.81,0.0363,0.0194,22.94,2.04,109.6,12.13,1.7422,0.5903,0.5055,0.0154,1.26,-0.14,3.5218
2010-12-31,315900930,315900930,1,13921910000,5861175000,6591216000,1504438000,7120070000,210624000,0,2692419000,4280200000,3853750000,-11359000,-11359000,-0.04,-0.04,0.36,657163000,-1667750000,484981000,-524687000,1325406000,101018000,40.94,44.87,37,0.0184,0.0102,22.54,1.79,62.98,11.77,3.4115,0.6011,0.5114,0.0084,1.2,1.76,3.8959
2010-10-02,315729108,315729108,1,13260925000,5761113000,5830576000,1478265000,7227317000,203032000,0,2702321000,3680200000,4140069000,23495000,23059000,0.07,0.07,0.36,510000000,85805000,451394000,1048589000,1850093000,71635000,38.3,40.9,35.71,0.028,0.016,22.89,1.67,79.79,11.41,2.222,0.5092,0.545,0.0137,1.16,1.39,3.8972
2010-07-03,315560705,315560705,1,12688180000,5186933000,5233073000,1511957000,7246393000,208714000,0,2714222000,3080200000,4195966000,90992000,90543000,0.29,0.29,0.36,-290722000,-426484000,-139334000,-858085000,801504000,96527000,42.69,48.06,37.31,0.0207,0.012,22.96,1.84,None,11.05,2.9692,0.4251,0.5711,0.0109,1.1,-1.23,3.4306
2010-04-03,315125260,315125260,1,12802702000,5461786000,5293360000,1541156000,7305636000,203706000,0,2736437000,3080200000,3654842000,30964000,30964000,0.1,0.1,0.36,-3037000,-253936000,-105213000,-357392000,1659589000,51170000,44.83,50.72,38.93,-0.0098,-0.0057,23.18,1.91,None,10.69,None,0.4216,0.5706,None,0.97,-0.17,3.544
2009-12-31,314915594,314915594,1,12571904000,5182248000,4987615000,1227057000,7390526000,193763000,0,2705943000,3080200000,2937944000,59787000,59787000,0.19,0.19,0.36,224354000,-48476000,-116568000,59310000,2016981000,73591000,43.14,48,38.27,-0.0392,-0.0234,23.47,1.83,None,10.33,None,0.4168,0.5879,None,0.89,0.48,4.2233
2009-10-03,314813390,314813390,1,12670012000,5202552000,5086092000,1312551000,7413453000,170467000,0,2710754000,3086200000,3120005000,-29538000,-29538000,-0.1,-0.1,0.35,320819000,-201111000,-222240000,-102532000,1957671000,73720000,45.14,51.08,39.2,-0.0325,-0.0192,23.55,1.91,28.57,9.97,None,0.4163,0.5851,None,0.96,0.78,3.9637
2009-07-04,314673053,314673053,1,12411047000,4927828000,4706803000,949187000,7455218000,249026000,0,2698547000,3086200000,2478028000,-133337000,-133337000,-0.43,-0.43,0.35,623130000,-318625000,-144381000,160124000,2060203000,108086000,43.61,49.82,37.4,0.0665,0.0381,23.69,1.81,11.04,9.62,0.9532,0.414,0.6007,0.0309,1.23,1.64,5.1916
2009-04-04,314256709,314256709,1,12586474000,5189844000,4721986000,940173000,7587250000,277238000,0,2654428000,3086200000,2654319000,-190525000,-189645000,-0.6,-0.6,0.35,13994000,-132200000,-336845000,-455051000,1900079000,123732000,39.42,49,29.84,0.1559,0.0867,24.14,1.56,6.61,9.27,0.4448,0.4068,0.6028,0.0577,1.5,-0.35,5.5201
2008-12-31,314029607,314029607,1,13874443000,6397486000,5617762000,1854192000,7929204000,327477000,0,2678590000,3086200000,4150936000,105892000,105892000,0.33,0.3,0.35,1176478000,-166266000,-309418000,700794000,2355130000,204324000,36.77,48.29,25.25,0.2487,0.1319,25.25,1.41,5.31,8.92,0.321,0.3892,0.5715,0.0774,1.7,3.1,3.4503
2008-09-27,313949595,313949595,1,15336547000,7632980000,6867900000,3121974000,8176473000,292174000,0,2787634000,3086200000,7447520000,734590000,734590000,2.32,2.31,0.52,494011000,-1239602000,-391953000,-1137544000,1654336000,302358000,59.47,77.36,41.57,0.3139,0.1623,26.04,2.38,10.13,8.57,0.3128,0.3774,0.5331,0.0874,1.86,0.61,2.4449
2008-06-28,316576391,316576391,1,14992456000,8183757000,6763067000,2968710000,7914021000,315368000,0,2675010000,3091600000,7090599000,580754000,580754000,1.95,1.94,0.52,160760000,-452983000,2350108000,2057885000,2791880000,270130000,74.72,83.56,65.89,0.2976,0.1562,25,3.97,14.77,8.05,0.3835,0.3906,0.5279,0.0838,1.86,-0.35,2.7567
2008-03-29,288559893,288559893,1,11340521000,4874642000,5627646000,2369645000,5425694000,287181000,0,2592785000,2491600000,4974269000,409754000,409754000,1.42,1.41,0.52,667479000,-1461835000,134408000,-659948000,733995000,224988000,61.7,75.67,47.72,0.2913,0.1582,18.8,3.48,12.57,7.53,0.4559,0.4592,0.4784,0.0843,1.88,1.53,2.0571
2007-12-31,288047067,288047067,1,9826122000,5073249000,4425759000,1582036000,5112917000,287446000,0,1317823000,2250300000,4396760000,364846000,364846000,1.28,1.27,0.61,544623000,-533745000,1110809000,1121687000,1393943000,187784000,57.54,64.97,50.11,0.2897,0.1678,17.75,3.39,11.53,7.01,0.4878,0.4401,0.5203,0.0887,1.89,1.24,3.2068
2007-09-29,287926784,287926784,1,8300243000,3763423000,3181381000,1667908000,4888584000,230278000,0,1284164000,922300000,4259221000,381222000,381222000,1.29,1.25,0.61,653119000,-120917000,-884402000,-352200000,272256000,131848000,53.19,64.75,41.62,0.3025,0.1829,16.98,3.07,9.89,6.4,0.4772,0.1887,0.589,0.0967,1.89,1.81,2.2564
2007-06-30,299485708,299485708,1,8468307000,4395846000,3050387000,1572875000,5182589000,235331000,0,928267000,922300000,4168110000,344850000,344850000,1.14,1.13,0.61,172054000,22000,-429226000,-257150000,624456000,106763000,63,69.93,56.07,0.3335,0.2018,17.3,3.7,11.07,5.79,0.4412,0.178,0.612,0.1077,1.87,0.22,2.7948
2007-03-31,301704034,301704034,1,8485734000,4428433000,3147211000,1679378000,5136663000,201860000,0,933261000,922300000,3768885000,381029000,381029000,1.27,1.26,0.61,565510000,-201497000,-268058000,95955000,881606000,91171000,60.09,66.99,53.2,0.3651,0.2199,17.03,3.75,10.65,5.18,0.4154,0.1796,0.6053,0.1175,1.87,1.57,2.6369
2006-12-31,301131123,301131123,1,7884989000,4675036000,2820412000,1450028000,4825989000,238588000,0,0,922300000,3468590000,408159000,408159000,1.36,1.35,0.6,560811000,-299849000,-307908000,-46946000,785651000,98030000,57.52,67.55,47.5,0.3758,0.2266,16.03,3.73,10.69,4.57,0.3732,0.1911,0.612,0.1192,1.9,1.54,3.2241
2006-09-30,302116334,302116334,1,7895667000,4832020000,3039526000,1658680000,4665440000,190701000,0,0,922300000,3931233000,517578000,517578000,1.69,1.64,0.6,749913000,-228170000,-572467000,-50724000,832597000,102555000,50.53,55.94,45.12,0.3723,0.2233,15.44,3.35,10.9,3.97,0.3418,0.1977,0.5909,0.1167,1.91,2.14,2.9132
2006-07-01,308319090,308319090,1,7745753000,4697455000,2893589000,1514709000,4650833000,201331000,0,0,922300000,3806350000,452783000,452783000,1.46,1.44,0.6,373118000,-316926000,-300849000,-244657000,883321000,67210000,52.55,60.3,44.8,0.3332,0.1997,15.08,3.59,12.48,3.37,0.3133,0.1983,0.6004,0.1078,1.85,0.99,3.1012
2006-04-01,155798286,311596572,2,7504146000,4462115000,2754997000,1372329000,4564879000,184270000,0,0,922300000,3545097000,379161000,379161000,2.44,2.42,0.7,567391000,-302799000,-116764000,147828000,1127978000,68432000,44.27,54.9,33.64,0.3182,0.1902,14.65,3.21,10.8,2.77,0.252,0.202,0.6083,0.1033,1.84,1.6,3.2515
2005-12-31,310822860,310822860,1,7138787000,4071553000,2664909000,1255699000,4279788000,194090000,0,0,922300000,3207464000,341034000,341034000,1.1,1.09,0.33,409288000,-970607000,-65769000,-627088000,980150000,108794000,30.52,35.11,25.92,0.3276,0.1929,13.77,2.32,7.5,2.42,0.2224,0.2155,0.5995,0.1032,1.87,0.97,3.2425
2005-10-01,155618850,311237700,2,6958875000,3805010000,2699866000,1259595000,4089752000,169257000,0,0,922300000,3025911000,291877000,291877000,1.88,1.79,0.4,777935000,-82360000,-149092000,546483000,1607238000,75433000,26.92,30.7,23.15,0.3454,0.2003,13.14,2.19,6.04,2.09,0.1599,0.2255,0.5877,0.1042,1.92,2.26,3.0208
2005-07-02,156234619,312469238,2,6462505000,3374982000,2422095000,1015334000,3845200000,195210000,0,0,922300000,3145003000,322707000,322707000,2.04,2.03,0.4,361454000,-208597000,-294813000,-141956000,1060755000,75522000,26.23,29.68,22.78,0.404,0.2286,12.31,2.22,6.2,1.89,0.1172,0.2399,0.595,0.1121,2.04,0.92,3.324
2005-04-02,160195774,320391548,2,6613134000,3611341000,2625226000,1203615000,3785615000,202293000,0,0,923550000,3322621000,354666000,354666000,2.22,2.2,0.4,587938000,-123277000,-40999000,423662000,1202711000,70965000,28.15,32.77,23.53,0.4174,0.2296,11.82,2.6,8.07,1.69,0.0896,0.244,0.5724,0.1098,2.09,1.61,3.0004
2004-12-31,159768892,319537784,2,6133207000,3174948000,2503909000,1065790000,3455985000,173313000,0,0,923550000,3088998000,341418000,341418000,2.15,2.12,0.13,134401000,-101545000,-11959000,20897000,779049000,87637000,23.25,27.73,18.76,0.3824,0.2043,10.82,2.37,9.33,1.49,0.0666,0.2672,0.5635,0.0986,2.07,0.15,2.979
2004-10-02,159090824,318181648,2,5885416000,2935011000,2604947000,1280780000,3114620000,165849000,0,0,923550000,3239592000,415387000,415387000,2.62,2.56,0.13,523403000,-270827000,3526000,256102000,758152000,86126000,20.71,23.29,18.14,0.3016,0.1576,9.79,2.43,16.37,1.42,0.087,0.2965,0.5292,0.0805,1.96,1.37,2.2916
2004-07-03,79267678,317070712,4,5110866000,2278721000,2258670000,936243000,2705595000,146601000,0,0,903550000,2761822000,251442000,251442000,3.18,3.16,0.21,170463000,-58398000,-7929000,104136000,502050000,44534000,16.79,19.48,14.09,0.1634,0.085,8.53,2.16,33.58,1.36,0.1611,0.334,0.5294,0.0483,1.76,0.4,2.4339
2004-04-03,78931707,315726828,4,4829068000,1948341000,2235873000,893907000,2454506000,138689000,0,0,903550000,2286416000,113238000,113238000,1.44,1.43,0.21,201451000,-104165000,-49704000,47582000,397914000,64534000,14.84,16.64,13.04,0.0671,0.0349,7.77,2,74.2,1.31,0.4021,0.3681,0.5083,0.0224,1.56,0.43,2.1796
2003-12-31,78774706,315098824,4,4492353054,1620559908,1972996600,629594846,2342077788,177278666,0,0,903550000,1661080252,20552595,20552595,0.26,0.26,0.2,126966240,-60002432,-1571378,65392430,350332243,56517855,13.34,14.7,11.99,0.027,0.0142,7.43,1.8,48.95,1.25,0.9986,0.3858,0.5213,0.01,1.42,0.22,2.574
2003-10-04,78290522,313162088,4,4440552635,1545664439,1945044076,666303958,2322815495,172693064,0,0,903550000,1604011344,16021779,16021779,0.2,0.21,0.2,160881834,-69361732,11143484,102663586,284939813,53181544,12.21,13.13,11.3,0.0366,0.0194,7.42,1.65,35.39,1.2,0.7259,0.389,0.5231,0.014,1.38,0.34,2.3198
2003-07-05,78206291,312825164,4,4350419442,1427200180,1863274042,603287561,2319047933,168097467,0,0,878550000,1520460884,8425090,8425090,0.11,0.1,0.2,78970967,-53871087,-24534054,565826,182276227,51778415,11.37,13.13,9.61,0.0468,0.0253,7.41,1.53,22.19,1.15,0.5632,0.3788,0.5331,0.0192,1.31,0.09,2.3657
2003-04-05,78184573,312738292,4,4382330805,1425961147,1883415908,633587932,2325316472,173598425,0,0,878550000,1480270987,17781759,17781759,0.23,0.23,0.2,127800886,-84346577,-80748776,-37294467,181710401,42296476,10.01,11.26,8.76,0.0693,0.0383,7.44,1.35,19.25,1.1,0.3772,0.3778,0.5306,0.0304,1.26,0.27,2.2506
2002-12-31,78182838,312731352,4,4381001217,1424138700,1841357227,591535828,2322989489,216654501,0,0,878550000,1466293136,42890618,42890618,0.55,0.55,0.19,84996554,-723125733,334126600,-304002579,219004868,101382422,10.92,12.84,9,0.0712,0.0404,7.43,1.49,23.36,1.05,0.3664,0.3782,0.5302,0.0338,1.2,-0.05,2.4075
2002-09-28,78173676,312694704,4,4020489410,1610499972,1521110529,669082005,2292841171,206537710,0,0,544550000,1165641454,39178800,39178800,0.5,0.5,0.19,108566953,-98389031,-24748827,-14570905,523007447,65275510,13.01,16.33,9.7,0.0649,0.0378,7.33,1.79,31.93,1.01,0.3967,0.2375,0.5703,0.0338,1.12,0.14,2.407
2002-06-29,78170121,312680484,4,3874961230,1560490759,1402017332,626454601,2268317198,204626700,0,0,458550000,1141677480,59748302,59748302,0.77,None,0.19,147756865,-31799556,-34595871,81361438,537578352,28394309,15.9,17.54,14.26,0.0572,0.0334,7.25,2.24,49.3,0.96,0.4424,0.2022,0.5854,0.0302,1.11,0.38,2.491
2002-03-30,78031870,312127480,4,3755805864,1395429891,1334379869,550006031,2216862767,204563228,0,0,460450000,1028164467,20262295,20262295,0.26,None,0.19,155899533,-48097309,-113933857,-6131633,456216914,48097309,14.53,16.59,12.46,0.0458,0.0267,7.1,2.06,40.08,0.91,0.5426,0.2077,0.5902,0.0243,1.1,0.35,2.5371
2001-12-31,77967994,311871976,4,3759348176,1373665916,1274000871,484158726,2201460329,283886976,0,0,460450000,979567947,26465891,26465891,0.34,None,0.17,81518291,-66321500,-23989724,-8792933,462348547,43673103,11.24,13.54,8.95,0.0518,0.0301,7.06,1.6,21.01,0.86,0.4682,0.2092,0.5856,0.0273,1.1,0.12,2.8372
2001-09-29,77784646,311138584,4,3811878396,1443273810,1359537058,628269987,2186204962,266136376,0,0,460450000,1053088039,20463277,20463277,0.26,None,0.17,174300226,-68701477,-19627907,85970842,471141480,68701477,10.82,13.29,8.36,0.0769,0.0444,7.03,1.55,15.91,0.82,0.3083,0.2106,0.5735,0.0399,1.11,0.34,2.2972
2001-06-30,77763516,311054064,4,3752658003,1376976488,1326074053,589899299,2178044092,248539858,0,0,460450000,1078574872,33292863,33292863,0.43,None,0.17,149472013,-64107895,-32186549,53177569,385170638,64107895,11.84,14.05,9.62,0.1002,0.0579,7,1.71,14.48,0.78,0.2328,0.2114,0.5804,0.0499,1.16,0.27,2.3343
2001-03-31,77594520,310378080,4,3694308566,1297102924,1274350413,545149159,2150943078,269015075,0,0,460450000,1028017720,32738976,32738976,0.42,None,0.17,89824795,-161268667,-87139338,-158583210,331993069,62013064,10.64,11.89,9.38,0.1235,0.0717,6.93,1.55,11.23,0.74,0.1857,0.2141,0.5822,0.0594,1.21,0.09,2.3794
2000-12-31,77585508,310342032,4,3721787719,1381446907,1278572606,558068452,2130951640,312263473,0,0,460450000,1009477761,79819978,79819978,1.03,None,0.15,236099382,-84334129,33934651,185699904,490576279,84334129,8.84,10.3,7.38,0.1451,0.0848,6.87,1.33,9.11,0.69,0.1552,0.2161,0.5726,0.0678,1.25,0.49,2.4754
2000-09-30,77867106,311468424,4,3578751574,1265734492,1220087282,588356731,2071453511,287210781,0,0,390450000,1163088140,67794472,67794472,0.84,None,0.15,230001145,-86635186,-150224112,-6858153,304876375,86635186,8.71,9.94,7.49,0.1511,0.0896,6.65,1.32,9.12,0.66,0.1455,0.1885,0.5788,0.0704,1.27,0.46,2.1513
2000-07-01,81136631,324546524,4,3632529396,1338766658,1227087315,581130930,2137306451,268135630,0,0,390450000,1213945302,81803693,81803693,0.98,None,0.15,159679429,-120846057,-206546382,-167713010,311734528,120846057,10.53,12.81,8.25,0.1495,0.0898,6.59,1.61,12.32,0.62,0.1443,0.1827,0.5884,0.0726,1.24,0.12,2.3037
2000-04-01,85044207,340176828,4,3732535407,1493230463,1239136705,579983756,2228493940,264904762,0,0,390450000,1199634778,81489845,81489845,0.94,None,0.15,194974711,-118461013,-169251611,-92737913,479447538,118461013,12.69,14.11,11.27,0.1355,0.0825,6.55,1.94,18.13,0.58,0.1567,0.1752,0.597,0.069,1.2,0.22,2.5746
1999-12-31,86360986,345443944,4,3729847988,1538508511,1186728847,531030898,2262247906,280871235,0,0,390450000,1091668870,97606523,97606523,1.12,None,0.13,161563191,-165951968,-22407850,-26796627,572185451,165951968,12.18,14.36,10,0.1131,0.0696,6.55,1.95,20.47,0.54,0.185,0.1726,0.6065,0.061,1.14,-0.01,2.8972
1999-10-02,87213262,348853048,4,3554612835,1441516086,1121853804,583639355,2179160233,253598798,0,0,390450000,1026687893,68161966,68161966,0.78,None,0.13,191919936,-86296980,-24539762,81083194,598982078,86296980,12.16,13.25,11.06,0.0984,0.0615,6.25,2,20.79,0.51,0.2137,0.1792,0.6131,0.0549,1.12,0.3,2.4699
1999-07-03,87291667,349166668,4,3424663559,1331565459,1053231514,518531065,2125943829,245488216,0,0,390450000,997166323,50647213,50647213,0.58,None,0.13,163892992,-76404477,-28100595,59387920,517898884,76404477,13.29,15.45,11.14,0.0987,0.0622,6.09,2.23,20.6,0.48,0.2129,0.1837,0.6208,0.0543,1.14,0.25,2.568
1999-04-03,87261331,349045324,4,3342959761,1261906245,1011993410,453292961,2085324051,245642300,0,0,390450000,893822996,28173392,28173392,0.32,None,0.13,87458230,-45622084,107978358,149814504,458510964,45622084,11.48,12.56,10.41,0.1108,0.0704,5.97,1.93,15.31,0.45,0.1892,0.1872,0.6238,0.058,1.21,0.12,2.7839
1998-12-31,87269906,349079624,4,3226545856,1129467383,871597606,486897157,2072551781,282396469,0,0,215450000,873058665,61219160,61219160,0.7,None,0.12,201194954,-136592202,-30189357,34413395,308696460,136592202,10.74,12.1,9.38,0.1313,0.084,5.94,1.85,13.55,0.41,0.1597,0.104,0.6423,0.0635,1.32,0.19,2.3197
1998-10-03,87572645,350290580,4,3200549524,1145563611,907262973,550451524,2030938642,262347909,0,0,215450000,1010961380,65125913,65125913,0.74,None,0.12,173946482,-150440218,-40518199,-17011935,274283065,150440218,10.22,11.63,8.81,0.1424,0.0906,5.8,1.8,12.24,0.38,0.145,0.1061,0.6346,0.0646,1.4,0.07,2.0811
1998-07-04,88069675,352278700,4,3112713947,1148716837,867684877,510873428,1995978132,249050938,0,0,215450000,1128350083,72226010,72226010,0.82,None,0.12,131290559,-121608406,12276171,21958324,291295000,121608406,13.18,15.16,11.19,0.1544,0.0976,5.67,2.4,15.74,0.35,0.1318,0.1079,0.6412,0.0667,1.46,0.03,2.2485
1998-04-04,88054216,352216864,4,3019506114,1128237640,836365978,527054529,1933547548,249592588,0,0,167950000,1138862155,65137513,65137513,0.74,None,0.12,135467334,-91344604,-58167191,-14044461,269336676,91344604,12.68,14.35,11.02,0.1604,0.1006,5.49,2.38,15.14,0.32,0.1254,0.0869,0.6404,0.0683,1.47,0.13,2.1406
1997-12-31,88043678,352174712,4,2984383358,1125508464,831765059,524453610,1876425866,276192433,0,0,167950000,1037296465,76491710,76491710,0.87,None,0.1,94874218,-82089703,-13556507,-771992,283381137,82089703,12.83,14.27,11.39,0.1664,0.1028,5.33,2.5,15.01,0.29,0.1194,0.0895,0.6287,0.0704,1.46,0.04,2.1461
1997-10-04,87908284,351633136,4,2926801190,1088212353,863566932,571332831,1804158860,259075398,0,0,167950000,1101620966,79984324,79984324,0.91,None,0.1,223740534,-71930734,-12911664,138898136,284153129,71930734,14.34,15.73,12.94,0.1764,0.1083,5.13,2.91,18.09,0.27,0.1111,0.0931,0.6164,0.0738,1.47,0.43,1.9047
1997-07-05,87861195,351444780,4,2782569694,949745980,808908829,517274728,1732022600,241638265,0,0,167350000,1035090608,72994892,72994892,0.83,None,0.1,159398842,-88444497,-94101214,-23146869,145254993,88444497,13.04,14.88,11.19,0.1703,0.1041,4.93,2.75,17.56,0.24,0.1136,0.0966,0.6225,0.0713,1.46,0.2,1.8361
1997-04-05,87852012,351408048,4,2763015463,961126352,807138511,491504410,1666948457,288928495,0,0,187350000,1010489815,65011514,65011514,0.74,None,0.1,99312609,-63514082,28202750,64001277,168401862,63514082,12.6,13.88,11.31,0.1659,0.1008,4.74,2.75,17.81,0.22,0.1145,0.1124,0.6033,0.0689,1.46,0.1,1.9555
1996-12-31,87848847,351395388,4,2619533406,828380585,744536856,465652755,1609290193,265706357,0,0,152600000,922372118,82455288,82455288,0.94,None,0.08,107111697,-141277064,13042062,-21123305,104400585,141277064,12.73,13.72,11.75,0.1642,0.0995,4.58,2.92,18.58,0.19,0.1131,0.0948,0.6143,0.068,1.46,-0.1,1.779
1996-09-28,87718082,350872328,4,2530358217,817115226,756004053,495170506,1529558123,244796041,0,0,131700000,937447929,57887023,57887023,0.66,None,0.08,136294238,-151540528,-11375066,-26621356,125523890,151540528,12.09,12.91,11.28,0.165,0.0994,4.36,2.87,17.27,0.17,0.1133,0.0861,0.6045,0.0666,1.49,-0.04,1.6502
1996-06-29,87683861,350735444,4,2425955793,818621094,716191660,451357463,1477919046,231845087,0,0,131700000,911097297,55242830,55242830,0.63,None,0.08,109043951,-134907234,-20979844,-46843127,152145246,134907234,14.05,15.63,12.47,0.1752,0.1047,4.21,3.44,18.92,0.15,0.1072,0.0891,0.6092,0.0695,1.51,-0.07,1.8137
1996-03-30,87679252,350717008,4,2403673987,863684276,744647886,472813689,1429510741,229515360,0,0,131700000,876113043,52583807,52583807,0.6,None,0.08,98161562,-108119138,7150174,-2807402,198988373,108119138,14.21,15.97,12.44,0.1936,0.1144,4.08,3.61,18.1,0.13,0.0977,0.0921,0.5947,0.0743,1.54,-0.03,1.8267
1995-12-31,87640573,350562292,4,2296141333,830741318,693370508,447136311,1382112159,220658666,0,0,106850000,879614091,74289334,74289334,0.85,None,0.07,81209744,-119554327,-19324870,-57669453,201795775,119554327,12.41,14.31,10.5,0.2143,0.1251,3.94,3.32,15.61,0.11,0.0892,0.0773,0.6019,0.0793,1.58,-0.11,1.8579
1995-09-30,87473194,349892776,4,2234813368,828667910,727131324,462771807,1307120056,200561988,0,0,124850000,860544790,63003044,63003044,0.72,None,0.07,143597062,-66556506,-19856093,57184463,259465228,66556506,13.35,15.81,10.88,0.2393,0.1337,3.74,3.74,16.69,0.1,0.0787,0.0955,0.5849,0.0821,1.63,0.22,1.7907
1995-07-01,87437211,349748844,4,2152647026,795738886,715084301,425224784,1249607385,187955340,0,0,136850000,880152115,69933676,69933676,0.8,None,0.07,98777865,-54267709,-6066517,38443639,202280765,54267709,12.35,14.06,10.63,0.2551,0.1388,3.57,3.64,16.63,0.08,0.0719,0.1095,0.5805,0.0844,1.64,0.13,1.8713
1995-04-01,87407394,349629576,4,2093594911,749084701,728581458,443321941,1185082626,179930827,0,0,136850000,841734652,67308451,67308451,0.77,None,0.07,123575526,-22123997,-39544882,61906647,163837126,22123997,13.71,14.91,12.5,0.2521,None,3.39,5.31,21.09,0.06,0.0674,0.1155,0.5661,0.0818,1.61,0.29,1.6897
1994-12-31,87355904,349423616,4,1829268322,638701397,751116194,382465202,902166939,175985189,0,0,173000000,799368850,77548937,77548937,0.89,None,0.04,117751945,-25573918,-37942756,54235271,101930479,25573918,15.27,17.63,12.91,0.2349,None,2.58,5.11,None,0.04,0.0673,0.1918,0.4932,0.0762,1.55,0.26,1.67
1994-10-01,87210589,348842356,4,1974598614,571745392,762874115,448101017,1042128356,169596143,0,0,217000000,786424788,64523822,64523822,0.74,None,0.05,138224385,-26396345,-107054725,4773315,47695208,26396345,16.89,17.97,15.81,None,None,2.99,6.01,None,0.03,None,0.2082,0.5278,None,None,0.32,1.2759
1994-07-02,87165911,348663644,4,1975977398,560130370,830353891,422530793,980595869,165027638,0,0,319050000,740101570,49680131,49680131,0.57,None,0.04,114007465,-69170016,-45345665,-508216,42921893,69170016,16.2,18,14.41,None,None,2.81,6.04,None,0.02,None,0.3254,0.4963,None,None,0.13,1.3257
1994-04-02,87145252,348581008,4,1920867679,536144307,827979869,384656771,934303362,158584448,0,0,361050000,649701248,34879954,34879954,0.4,None,0.045,54962663,-58965441,20178070,16175292,43430109,58965441,14.34,16.5,12.19,None,None,2.68,5.54,None,0.01,None,0.3864,0.4864,None,None,-0.01,1.3938
1993-12-31,87112673,348450692,4,1829268322,468231882,784013879,350490781,902166939,143087504,0,0,352250000,None,None,None,None,None,0,None,None,None,None,27254817,0,13.08,14.31,11.85,None,None,2.59,None,None,0,None,0.3904,0.4932,None,None,None,1.3359
