"Quarter end","Shares","Shares split adjusted","Split factor","Assets","Current Assets","Liabilities","Current Liabilities","Shareholders equity","Non-controlling interest","Preferred equity","Goodwill & intangibles","Long-term debt","Revenue","Earnings","Earnings available for common stockholders","EPS basic","EPS diluted","Dividend per share","Cash from operating activities","Cash from investing activities","Cash from financing activities","Cash change during period","Cash at end of period","Capital expenditures","Price","Price high","Price low","ROE","ROA","Book value of equity per share","P/B ratio","P/E ratio","Cumulative dividends per share","Dividend payout ratio","Long-term debt to equity ratio","Equity to assets ratio","Net margin","Asset turnover","Free cash flow per share","Current ratio"
2019-06-30,329191792,329191792,1,118374000000,None,93898000000,None,24476000000,0,1930000000,2547000000,6628000000,11144000000,851000000,851000000,2.47,2.44,0.5,1348000000,-879000000,-421000000,48000000,599000000,93000000,98.77,103.99,93.54,0.1257,0.0238,68.49,1.53,14.11,24.48,0.2411,0.294,0.1905,0.0633,0.37,3.81,None
2019-03-31,333106827,333106827,1,115834000000,None,92416000000,None,23418000000,0,1930000000,2547000000,6453000000,10990000000,1292000000,1292000000,3.79,3.74,0.5,714000000,-263000000,-399000000,52000000,551000000,80000000,87.91,95.61,80.21,0.118,0.0225,64.51,1.51,14.93,23.98,0.26,0.3003,0.1855,0.0597,0.36,1.9,None
2018-12-31,331963104,331963104,1,112249000000,None,90937000000,None,21312000000,0,1930000000,713000000,6451000000,9481000000,-269000000,-312000000,-0.91,-0.91,0.46,1357000000,737000000,-2055000000,39000000,499000000,82000000,88.78,100.56,77,0.102,0.0199,58.39,1.43,8.74,23.48,0.3004,0.3328,0.1727,0.0528,0.35,3.84,None
2018-09-30,344442270,344442270,1,114490000000,None,90857000000,None,23633000000,0,2303000000,2189000000,6450000000,10465000000,870000000,833000000,2.41,2.37,0.46,1728000000,-1145000000,-612000000,-29000000,460000000,67000000,96.83,102.73,90.92,0.1733,0.0332,61.93,1.61,10.16,23.02,0.1679,0.3024,0.1863,0.0905,0.35,4.82,None
2018-06-30,346232355,346232355,1,113369000000,None,90247000000,None,23122000000,0,2303000000,2189000000,6448000000,10099000000,676000000,637000000,1.82,1.8,0.46,1464000000,-60000000,-1365000000,39000000,489000000,66000000,94.73,99.26,90.21,0.1658,0.0315,60.13,1.59,10.27,22.56,0.17,0.3097,0.1836,0.0874,0.35,4.04,None
2018-03-31,351488825,351488825,1,113289000000,None,90012000000,None,23277000000,0,2303000000,2189000000,6847000000,9770000000,975000000,946000000,2.67,2.63,0.46,626000000,-1251000000,458000000,-167000000,450000000,62000000,96.41,104.52,88.29,0.1637,0.0308,59.67,1.64,11.5,22.1,0.1668,0.3265,0.1851,0.0863,0.35,1.6,None
2017-12-31,354458095,354458095,1,112422000000,None,89871000000,None,22551000000,0,1746000000,2181000000,6350000000,9843000000,1249000000,1220000000,3.42,3.36,0.37,1100000000,-140000000,-1033000000,-73000000,617000000,83000000,97.99,105.36,90.62,0.153,0.0285,58.7,1.73,13.63,21.64,0.1733,0.3052,0.1851,0.0798,0.34,2.87,None
2017-09-30,358825941,358825941,1,113632000000,None,91513000000,None,22119000000,0,1746000000,2309000000,6349000000,9660000000,666000000,637000000,1.76,1.74,0.37,1866000000,-1127000000,-531000000,208000000,690000000,70000000,90.42,95.25,85.59,0.136,0.0251,56.78,1.65,13.38,21.27,0.1959,0.3116,0.1793,0.0702,0.34,5.01,None
2017-06-30,361359566,361359566,1,110865000000,None,89364000000,None,21501000000,0,1746000000,2309000000,6348000000,9587000000,579000000,550000000,1.51,1.49,0.37,491000000,337000000,-788000000,40000000,482000000,72000000,84.91,90.74,79.09,0.1276,0.024,54.67,1.59,14.37,20.9,0.2028,0.3213,0.1782,0.0671,0.34,1.16,None
2017-03-31,364518067,364518067,1,110243000000,None,89085000000,None,21158000000,0,1746000000,2295000000,6346000000,9434000000,695000000,666000000,1.82,1.79,0.37,857000000,-280000000,-571000000,6000000,442000000,74000000,78.06,83.09,73.04,0.1109,0.0214,53.25,1.51,16.64,20.53,0.226,0.3269,0.1761,0.0596,0.34,2.15,None
2016-12-31,365129091,365129091,1,108610000000,None,88037000000,None,20573000000,0,1746000000,1219000000,6347000000,9278000000,840000000,811000000,2.2,2.17,0.33,1251000000,-1868000000,664000000,47000000,436000000,123000000,70.66,74.77,66.55,0.0873,0.0174,51.56,1.24,19.05,20.16,0.2772,0.3371,0.1733,0.0482,0.34,3.09,None
2016-09-30,368246845,368246845,1,108537000000,None,87603000000,None,20934000000,0,0,1219000000,5110000000,9221000000,520000000,491000000,1.32,1.31,0.33,1384000000,-834000000,-607000000,-57000000,389000000,70000000,68.81,70.38,67.24,0.0704,0.0143,56.85,1.24,17.46,19.83,0.3412,0.2441,0.1929,0.0392,0.34,3.57,None
2016-06-30,371460919,371460919,1,107284000000,None,86731000000,None,20553000000,0,0,1219000000,5109000000,9164000000,271000000,242000000,0.65,0.64,0.33,644000000,80000000,-809000000,-85000000,446000000,68000000,67.16,69.95,64.36,0.079,0.0156,55.33,1.24,16.42,19.5,0.309,0.2486,0.1916,0.0431,0.34,1.55,None
2016-03-31,374367234,374367234,1,105947000000,None,85607000000,None,20340000000,0,0,1219000000,5108000000,8871000000,246000000,217000000,0.57,0.57,0.33,714000000,96000000,-774000000,36000000,531000000,52000000,61.98,67.92,56.03,0.0844,0.0164,54.33,1.28,12.27,19.17,0.2915,0.2511,0.192,0.0457,0.34,1.77,None
2015-12-31,378300428,378300428,1,104656000000,None,84631000000,None,20025000000,0,1746000000,1219000000,0,8691000000,489000000,460000000,1.2,1.19,0.3,930000000,-353000000,-987000000,-410000000,495000000,84000000,60.83,64.69,56.97,0.1067,0.0204,48.32,1.26,10.63,18.84,0.2299,0,0.1747,0.0576,0.34,2.24,None
2015-09-30,387306176,387306176,1,105849000000,None,85345000000,None,20504000000,0,1746000000,1219000000,0,9028000000,650000000,621000000,1.56,1.54,0.3,1383000000,41000000,-1324000000,100000000,905000000,86000000,61.8,69.48,54.12,0.1206,0.0233,48.43,1.27,10.44,18.54,0.199,0,0.1772,0.0669,0.33,3.35,None
2015-06-30,400389900,400389900,1,107117000000,None,85819000000,None,21298000000,0,1746000000,1219000000,0,8982000000,355000000,326000000,0.8,0.79,0.3,737000000,-19000000,-829000000,-111000000,805000000,74000000,68.56,72.51,64.62,0.1242,0.0244,48.83,1.37,10.52,18.24,0.1893,0,0.1825,0.0707,0.33,1.66,None
2015-03-31,409012961,409012961,1,108064000000,None,85885000000,None,22179000000,0,1746000000,1219000000,0,8952000000,677000000,648000000,1.56,1.53,0.3,566000000,1073000000,-1380000000,259000000,916000000,59000000,70.63,72.87,68.38,0.1358,0.0269,49.96,1.43,11.23,17.94,0.1703,0,0.1891,0.0791,0.33,1.24,None
2014-12-31,416426585,416426585,1,108533000000,None,86229000000,None,22304000000,0,1746000000,1219000000,0,8759000000,824000000,795000000,1.9,1.86,0.28,671000000,-363000000,-536000000,-228000000,657000000,81000000,65.41,71.53,59.28,0.1325,0.0253,49.37,1.33,10.55,17.64,0.1737,0,0.1894,0.0779,0.31,1.42,None
2014-09-30,419433284,419433284,1,108310000000,None,85981000000,None,22329000000,0,1746000000,1219000000,0,8936000000,781000000,750000000,1.77,1.74,0.28,1364000000,963000000,-2331000000,-4000000,885000000,83000000,59.61,62.59,56.63,0.1336,0.0244,49.07,1.22,11.64,17.36,0.1703,0,0.19,0.0786,0.3,3.05,None
2014-06-30,433400209,433400209,1,110233000000,None,87361000000,None,22872000000,0,1746000000,1219000000,0,8860000000,645000000,614000000,1.41,1.39,0.28,727000000,-355000000,-895000000,-523000000,889000000,69000000,57.25,59.68,54.81,0.113,0.0198,48.74,1.21,12.31,17.08,0.2008,0,0.1916,0.067,0.29,1.52,None
2014-03-31,433991146,433991146,1,124291000000,None,102186000000,None,22105000000,0,1505000000,1243000000,0,8684000000,600000000,587000000,1.31,1.3,0.28,474000000,1376000000,-1113000000,495000000,1170000000,55000000,52.91,56.65,49.18,0.1062,0.0177,47.47,1.14,10.98,16.8,0.2151,0,0.1657,0.062,0.28,0.97,None
2013-12-31,447099450,447099450,1,123520000000,None,102040000000,None,21480000000,0,780000000,1243000000,0,8792000000,821000000,821000000,1.79,1.77,0.25,1171000000,-653000000,-925000000,-407000000,675000000,91000000,52.53,54.84,50.21,0.1122,0.0185,46.3,1.19,13.64,16.52,0.2016,0,0.1676,0.0659,0.28,2.42,None
2013-09-30,454848452,454848452,1,122285000000,None,101505000000,None,20780000000,0,650000000,1243000000,0,8465000000,316000000,310000000,0.67,0.66,0.25,1518000000,-419000000,-651000000,448000000,1069000000,73000000,50.15,52.98,47.32,0.0913,0.0149,44.26,1.19,10.74,16.27,0.2446,0,0.1646,0.0539,0.28,3.18,None
2013-06-30,463447495,463447495,1,121480000000,None,101611000000,None,19869000000,0,278000000,1239000000,0,8787000000,434000000,434000000,0.93,0.92,0.25,813000000,2516000000,-3515000000,-186000000,634000000,-17000000,48.14,50.69,45.6,0.1107,0.018,42.27,1.09,10.44,16.02,0.1965,0,0.1613,0.0666,0.27,1.79,None
2013-03-31,468643839,468643839,1,126612000000,None,105993000000,None,20619000000,0,0,1239000000,0,8463000000,709000000,709000000,1.49,1.47,0.25,740000000,136000000,-862000000,14000000,820000000,60000000,44.89,49.13,40.65,0.1104,0.0178,44,1.04,9.61,15.77,0.1934,0,0.1629,0.0673,0.26,1.45,None
2012-12-31,477446258,477446258,1,126947000000,None,106367000000,None,20580000000,0,0,1240000000,0,8547000000,394000000,394000000,0.81,0.8,0.22,436000000,1084000000,-1356000000,164000000,806000000,109000000,40.37,42.81,37.92,0.1152,0.0183,43.1,0.93,7.66,15.52,0.1847,0,0.1621,0.0692,0.26,0.68,None
2012-09-30,481777772,481777772,1,126988000000,None,106151000000,None,20837000000,0,0,1242000000,0,8128000000,723000000,723000000,1.49,1.48,0.22,844000000,145000000,-918000000,71000000,642000000,60000000,37.03,40.72,33.35,0.1349,0.0209,43.25,0.92,9.01,15.3,0.1614,0,0.1641,0.0799,0.26,1.63,None
2012-06-30,484926549,484926549,1,125535000000,None,106060000000,None,19475000000,0,0,1242000000,0,8278000000,423000000,423000000,0.86,0.86,0.22,967000000,273000000,-1246000000,-6000000,571000000,65000000,33.54,35.15,31.93,0.1102,0.0165,40.16,0.86,16.28,15.08,0.2048,0,0.1551,0.0627,0.26,1.86,None
2012-03-31,491360562,491360562,1,125933000000,None,106723000000,None,19182000000,28000000,0,1242000000,0,8362000000,766000000,766000000,1.54,1.53,0.22,807000000,79000000,-1085000000,-199000000,577000000,51000000,30.16,33.33,26.98,0.0554,0.0082,39.04,0.8,20.11,14.86,0.4129,0,0.1523,0.0314,0.26,1.54,None
2011-12-31,498294074,498294074,1,125563000000,None,106861000000,None,18674000000,28000000,0,1242000000,0,8236000000,724000000,724000000,1.4,1.4,0.21,258000000,1356000000,-1864000000,-250000000,776000000,86000000,25.16,27.98,22.34,0.0421,0.0062,37.48,0.7,39.31,14.64,0.5445,0,0.1487,0.0241,0.26,0.35,None
2011-09-30,505352126,505352126,1,126959000000,None,108830000000,None,18100000000,29000000,0,874000000,0,8242000000,165000000,165000000,0.32,0.32,0.21,411000000,1790000000,-1868000000,333000000,1026000000,54000000,26.64,31.01,22.27,0.0192,0.0028,35.82,0.73,26.64,14.43,1.1955,0,0.1426,0.0111,0.25,0.71,None
2011-06-30,516608362,516608362,1,129023000000,None,110230000000,None,18764000000,29000000,0,874000000,0,8081000000,-620000000,-620000000,-1.19,-1.19,0.21,534000000,1730000000,-2212000000,52000000,693000000,58000000,31.84,34.4,29.27,0.0294,0.0043,36.32,0.86,12.94,14.22,0.7685,0,0.1454,0.0175,0.25,0.92,None
2011-03-31,522960958,522960958,1,130425000000,None,111084000000,None,19312000000,29000000,0,874000000,0,8095000000,519000000,519000000,0.98,0.97,0.21,726000000,1285000000,-1932000000,79000000,641000000,48000000,31.52,32.61,30.43,0.0702,0.0101,36.93,0.88,18.43,14.01,0.3248,0,0.1481,0.0418,0.24,1.3,None
2010-12-31,529770022,529770022,1,130874000000,None,111830000000,None,19016000000,28000000,0,874000000,0,8087000000,296000000,296000000,0.55,0.54,0.2,666000000,661000000,-1265000000,62000000,562000000,48000000,31.14,33.29,29,0.0502,0.007,35.89,0.87,14.62,13.8,0.4621,0,0.1453,0.0296,0.24,1.17,None
2010-09-30,538183935,538183935,1,132534000000,None,113232000000,None,19274000000,28000000,0,874000000,0,7908000000,367000000,367000000,0.68,0.68,0.2,929000000,-82000000,-1058000000,-211000000,500000000,45000000,29.61,32.36,26.86,0.0643,0.0087,35.81,0.88,15.92,13.6,0.374,0,0.1454,0.0367,0.24,1.64,None
2010-06-30,538068662,538068662,1,130810000000,None,112743000000,None,18039000000,28000000,0,874000000,0,7656000000,145000000,145000000,0.27,0.27,0.2,1130000000,790000000,-1913000000,7000000,711000000,45000000,31.96,35.51,28.41,0.0575,0.0076,33.53,0.98,13.84,13.4,0.4281,0,0.1379,0.0323,0.23,2.02,None
2010-03-31,537903261,537903261,1,132386000000,None,114798000000,None,17560000000,28000000,0,874000000,0,7749000000,120000000,120000000,0.22,0.22,0.2,964000000,963000000,-1835000000,92000000,704000000,24000000,30.3,32.48,28.13,0.0747,0.0094,32.65,0.97,19.18,13.2,0.3441,0,0.1326,0.0391,0.24,1.75,None
2009-12-31,536571250,536571250,1,132652000000,None,115931000000,None,16692000000,29000000,0,875000000,0,8058000000,518000000,518000000,0.96,0.96,0.2,786000000,979000000,-1880000000,-115000000,612000000,46000000,29.88,32.23,27.52,0.0555,0.0064,31.11,0.92,None,13,0.5025,0,0.1258,0.0267,0.24,1.38,None
2009-09-30,536478617,536478617,1,135504000000,None,117970000000,None,17505000000,29000000,0,874000000,0,7582000000,221000000,221000000,0.41,0.41,0.2,1033000000,79000000,-1052000000,60000000,727000000,39000000,27.28,31.74,22.82,-0.0552,-0.0059,32.63,0.97,None,12.8,None,0,0.1292,None,0.23,1.85,None
2009-06-30,536387353,536387353,1,133091000000,None,117993000000,None,15068000000,30000000,0,874000000,0,8490000000,389000000,389000000,0.72,0.72,0.2,960000000,1033000000,-2163000000,-170000000,667000000,51000000,23.62,28.73,18.5,-0.1362,-0.0143,28.09,1.04,None,12.6,None,0,0.1132,None,0.22,1.69,None
2009-03-31,536363853,536363853,1,130371000000,None,118100000000,None,12242000000,29000000,0,874000000,0,7883000000,-274000000,-274000000,-0.51,-0.51,0.2,1522000000,1349000000,-2449000000,422000000,837000000,53000000,23.63,33.5,13.77,-0.1496,-0.0164,22.82,1,None,12.4,None,0,0.0939,None,0.21,2.74,None
2008-12-31,536041789,536041789,1,134798000000,None,122157000000,None,12641000000,0,0,874000000,0,6569000000,-1129000000,-1129000000,-2.1,-2.1,0.41,354000000,1670000000,-1964000000,60000000,415000000,138000000,32.36,47,17.72,-0.0965,-0.0116,23.58,1.02,124.46,12.2,None,0,0.0938,None,0.2,0.4,None
2008-09-30,535961989,535961989,1,143574000000,None,126636000000,None,16938000000,0,0,880000000,0,7320000000,-923000000,-923000000,-1.71,-1.71,0.41,1257000000,2499000000,-4149000000,-393000000,355000000,55000000,44.69,48,41.37,0.0107,0.0014,31.6,1.23,12.18,11.79,4.1931,0,0.118,0.0066,0.21,2.24,None
2008-06-30,541517994,541517994,1,150833000000,None,131124000000,None,19709000000,0,0,875000000,0,7418000000,25000000,25000000,0.05,0.05,0.41,1179000000,-491000000,-310000000,378000000,748000000,46000000,48.83,52.16,45.49,0.1011,0.0136,36.4,1.32,8.25,11.38,0.4158,0,0.1307,0.063,0.22,2.09,None
2008-03-31,550770847,550770847,1,152210000000,None,131907000000,None,20303000000,0,0,825000000,0,8087000000,348000000,348000000,0.62,0.62,0.41,1120000000,110000000,-1282000000,-52000000,370000000,52000000,48.73,52.9,44.56,0.1635,0.0222,36.86,1.25,6.32,10.97,0.2516,0,0.1334,0.0982,0.23,1.94,None
2007-12-31,560420277,560420277,1,156408000000,None,134557000000,None,21851000000,0,0,825000000,0,8991000000,760000000,760000000,1.32,1.3,0.38,1315000000,804000000,-2004000000,115000000,422000000,62000000,54.06,59.23,48.9,0.2118,0.0291,38.99,1.43,6.48,10.56,0.1905,0,0.1397,0.1261,0.23,2.24,None
2007-09-30,570716454,570716454,1,159373000000,None,137739000000,None,21634000000,0,0,825000000,0,8992000000,978000000,978000000,1.7,1.7,0.38,1524000000,211000000,-1813000000,-78000000,307000000,62000000,56.35,62.45,50.25,0.2326,0.0319,37.91,1.53,6.65,10.18,0.1742,0,0.1357,0.138,0.23,2.56,None
2007-06-30,584995270,584995270,1,160537000000,None,138977000000,None,21560000000,0,0,825000000,0,9455000000,1403000000,1403000000,2.33,2.3,0.38,1066000000,-546000000,-606000000,-86000000,385000000,72000000,61.59,63.73,59.46,0.2392,0.033,36.85,1.66,7.64,9.8,0.1686,0,0.1343,0.1439,0.23,1.7,None
2007-03-31,607408065,607408065,1,160089000000,None,137598000000,None,22491000000,0,0,825000000,0,9331000000,1495000000,1495000000,2.42,2.41,0.38,1528000000,-584000000,-916000000,28000000,471000000,78000000,62.06,65.85,58.28,0.2329,0.032,37.03,1.76,7.92,9.42,0.1747,0,0.1405,0.1407,0.23,2.39,None
2006-12-31,618738246,618738246,1,157554000000,None,135708000000,None,21846000000,0,0,825000000,0,9102000000,1213000000,1213000000,1.94,1.93,0.35,1410000000,1048000000,-2342000000,116000000,443000000,53000000,63.4,66.14,60.66,0.2344,0.0316,35.31,1.78,8.48,9.04,0.1758,0,0.1387,0.1395,0.23,2.19,None
2006-09-30,624941736,624941736,1,160324000000,None,138124000000,None,22200000000,0,0,825000000,0,8738000000,1158000000,1158000000,1.84,1.83,0.35,1578000000,-1070000000,-647000000,-139000000,327000000,-5000000,58.55,62.94,54.16,0.2308,0.0306,35.52,1.79,17.8,8.69,0.18,0,0.1385,0.1353,0.23,2.53,None
2006-06-30,629506014,629506014,1,157094000000,None,136489000000,None,20605000000,0,0,825000000,0,8875000000,1207000000,1207000000,1.91,1.89,0.35,1216000000,-1686000000,593000000,123000000,466000000,46000000,53.99,57.69,50.3,0.1048,0.0135,32.73,1.67,17.36,8.34,0.405,0,0.1312,0.059,0.23,1.86,None
2006-03-31,635369778,635369778,1,156807000000,None,136262000000,None,20545000000,0,0,825000000,0,9081000000,1415000000,1415000000,2.2,2.19,0.35,851000000,-211000000,-610000000,30000000,343000000,67000000,53.16,56.09,50.22,0.0998,0.0132,32.34,1.7,20.77,7.99,0.4115,0,0.131,0.0575,0.23,1.23,None
2005-12-31,644982626,644982626,1,156072000000,None,135886000000,None,20186000000,0,0,825000000,0,8945000000,1041000000,1041000000,1.61,1.57,0.32,336000000,-957000000,526000000,-95000000,313000000,10000000,54.76,57.91,51.61,0.0848,0.0114,31.3,1.83,20.82,7.64,0.4748,0,0.1293,0.0499,0.23,0.51,None
2005-09-30,648640752,648640752,1,156131000000,None,136712000000,None,19419000000,0,0,825000000,0,8942000000,-1548000000,-1548000000,-2.36,-2.36,0.32,2101000000,-213000000,-1845000000,43000000,408000000,56000000,56.56,63.22,49.9,0.0879,0.0122,29.94,1.66,11.13,7.32,0.4404,0,0.1244,0.0528,0.23,3.15,None
2005-06-30,656788431,656788431,1,154943000000,None,132619000000,None,22324000000,0,0,825000000,0,8791000000,1149000000,1149000000,1.72,1.71,0.32,1778000000,-1861000000,109000000,26000000,365000000,73000000,56.61,60.87,52.35,0.1604,0.023,33.99,1.77,11.7,7,0.2324,0,0.1441,0.0997,0.23,2.6,None
2005-03-31,668246305,668246305,1,151466000000,None,130141000000,None,21325000000,0,0,825000000,0,8705000000,1123000000,1123000000,1.66,1.64,0.32,1390000000,-2120000000,655000000,-75000000,339000000,57000000,52.53,55.41,49.66,0.1581,0.0228,31.91,1.63,11.57,6.68,0.2355,0,0.1408,0.0977,0.23,1.99,None
2004-12-31,679207158,679207158,1,149725000000,None,127902000000,None,21823000000,0,0,825000000,0,8879000000,1142000000,1142000000,1.65,1.64,0.28,639000000,-1632000000,1037000000,44000000,414000000,73000000,48.75,51.99,45.5,0.1495,0.0221,32.13,1.59,12.25,6.36,0.243,0,0.1458,0.0937,0.24,0.83,None
2004-09-30,686212152,686212152,1,147772000000,None,126734000000,None,21038000000,0,0,828000000,0,8442000000,56000000,56000000,0.1,0.09,0.28,1929000000,-3425000000,1571000000,75000000,370000000,49000000,47.36,49.22,45.5,0.1335,0.02,30.66,1.59,9.74,6.08,0.2661,0,0.1424,0.084,0.24,2.74,None
2004-06-30,692987884,692987884,1,139808000000,None,119125000000,None,20683000000,0,0,878000000,0,8304000000,1034000000,1034000000,1.47,1.47,0.28,1542000000,-3198000000,1635000000,-21000000,295000000,44000000,45.53,48.16,42.91,0.1672,0.0253,29.85,1.48,10.76,5.8,0.2081,0,0.1479,0.1041,0.24,2.16,None
2004-03-31,702625701,702625701,1,138042000000,None,116462000000,None,21580000000,0,0,929000000,0,8311000000,949000000,949000000,1.35,1.34,0.28,1358000000,-2468000000,1060000000,-50000000,316000000,34000000,44.87,47.19,42.55,0.1483,0.0226,30.71,1.54,11.72,5.52,0.2283,0,0.1563,0.0917,0.25,1.88,None
2003-12-31,704768048,704768048,1,134142000000,None,113577000000,None,20565000000,0,0,929000000,0,8262000000,761000000,761000000,1.08,1.08,0.23,832000000,-1611000000,898000000,119000000,366000000,40000000,39.92,43.27,36.56,0.1409,0.0211,29.18,1.45,13.72,5.24,0.2394,0,0.1533,0.0841,0.25,1.12,None
2003-09-30,703574466,703574466,1,130262000000,None,110902000000,None,19360000000,0,0,930000000,0,8127000000,691000000,691000000,0.98,0.97,0.23,1727000000,-3484000000,1497000000,-260000000,247000000,42000000,37.26,39.64,34.88,None,None,27.52,1.37,16.27,5.01,0.3078,0,0.1486,0.0655,None,2.39,None
2003-06-30,703720048,703720048,1,127054000000,None,107755000000,None,19099000000,200000000,0,930000000,0,7899000000,588000000,588000000,0.84,0.84,0.23,1782000000,-2622000000,957000000,117000000,507000000,37000000,36.02,38.65,33.4,None,None,27.14,1.43,18.66,4.78,0.3833,0,0.1503,0.0529,None,2.48,None
2003-03-31,703935626,703935626,1,120348000000,None,102365000000,None,17783000000,200000000,0,930000000,0,7861000000,665000000,665000000,0.95,0.94,0.23,1350000000,-1747000000,325000000,-72000000,390000000,50000000,34.3,38.56,30.05,None,None,25.26,None,21.57,4.55,0.4415,0,0.1478,0.0456,None,1.85,None
2002-12-31,706794166,706794166,1,None,None,None,None,None,0,0,927000000,3961000000,7587000000,116000000,116000000,0.17,0.16,0.21,None,None,None,None,None,0,37.56,41.95,33.17,None,None,None,None,20.98,4.32,0.5231,None,None,0.0383,None,None,None
2002-09-30,702956238,702956238,1,116732000000,None,98966000000,None,17566000000,200000000,0,927000000,3958000000,7239000000,248000000,248000000,0.35,0.35,0.21,1520000000,-2635000000,1247000000,132000000,431000000,56000000,35.42,39.1,31.74,None,None,24.99,1.47,20.13,4.11,0.4524,0.2253,0.1505,0.0437,None,2.08,None
2002-06-30,705639818,705639818,1,115227000000,None,98010000000,None,17017000000,200000000,0,926000000,0,7455000000,344000000,344000000,0.48,0.48,0.21,868000000,-2525000000,1621000000,-36000000,299000000,50000000,38.58,41.25,35.9,None,None,24.12,1.61,25.55,3.9,0.4507,0,0.1477,0.043,None,1.16,None
2002-03-31,709417285,709417285,1,112256000000,None,95038000000,None,17018000000,200000000,0,1260000000,0,7298000000,426000000,426000000,0.6,0.6,0.21,1091000000,-2150000000,1131000000,72000000,335000000,45000000,34.52,38,31.03,None,None,23.99,None,21.71,3.69,0.5132,0,0.1516,0.0373,None,1.47,None
2001-12-31,711728469,711728469,1,None,None,None,None,None,0,0,0,0,7358000000,264000000,264000000,0.36,0.36,0.19,None,None,None,None,None,0,34.48,38.38,30.58,None,None,None,None,None,3.48,0.4706,None,None,0.0401,None,None,None
2001-09-30,713025925,713025925,1,108606000000,None,91313000000,None,16543000000,750000000,0,1296000000,0,7173000000,226000000,226000000,0.32,0.32,0.19,521000000,-817000000,311000000,15000000,219000000,40000000,37.45,44.89,30,None,None,23.2,1.6,None,3.29,None,0,0.1523,None,None,0.67,None
2001-06-30,719000464,719000464,1,108265000000,None,90695000000,None,16820000000,750000000,0,1314000000,0,7203000000,168000000,168000000,0.23,0.23,0.19,440000000,-1165000000,785000000,60000000,204000000,33000000,43.04,45.9,40.18,None,None,23.39,1.86,None,3.1,None,0,0.1554,None,None,0.57,None
2001-03-31,724436131,724436131,1,106453000000,None,88909000000,None,16794000000,750000000,0,1231000000,0,7131000000,500000000,500000000,0.69,0.68,0.19,754000000,-1468000000,636000000,-78000000,144000000,47000000,38.25,42.94,33.56,None,None,23.18,None,None,2.91,None,0,0.1578,None,None,0.98,None
2000-12-31,726385326,726385326,1,None,None,None,None,None,0,0,0,0,None,None,None,None,None,0.17,None,None,None,None,None,0,37.78,44.75,30.81,None,None,None,None,None,2.72,None,None,None,None,None,None,None
2000-09-30,731303033,731303033,1,105702000000,None,88908000000,None,16044000000,750000000,0,0,0,7445000000,644000000,644000000,0.87,0.87,0.17,644000000,-1229000000,578000000,-7000000,231000000,57000000,29.07,35.63,22.5,None,None,21.94,1.41,None,2.55,None,0,0.1518,None,None,0.8,None
2000-06-30,734225699,734225699,1,103410000000,None,87285000000,None,15161000000,964000000,0,0,0,7183000000,459000000,459000000,0.62,0.61,0.17,387000000,-1672000000,1233000000,-52000000,238000000,74000000,25.09,30.13,20.06,None,None,20.65,1.21,None,2.38,None,0,0.1466,None,None,0.43,None
2000-03-31,744627533,744627533,1,100206000000,None,83790000000,None,15452000000,964000000,0,0,0,7286000000,561000000,561000000,0.73,0.73,0.17,606000000,17000000,-587000000,36000000,290000000,98000000,21.34,25.5,17.19,None,None,20.75,None,None,2.21,None,0,0.1542,None,None,0.68,None
1999-12-31,776114418,776114418,1,None,None,None,None,None,0,0,0,0,None,None,None,None,None,0.15,None,None,None,None,None,0,26.72,30.56,22.88,None,None,None,None,None,2.04,None,None,None,None,None,None,None
1999-09-30,805396466,805396466,1,90322000000,None,74457000000,None,15115000000,750000000,0,0,0,6551000000,490000000,490000000,0.63,0.62,0.15,444000000,-244000000,-224000000,-24000000,230000000,30000000,31.38,37.94,24.81,None,None,18.77,1.52,None,1.89,None,0,0.1673,None,None,0.51,None
1999-06-30,798355323,798355323,1,89414000000,None,72197000000,None,16467000000,750000000,0,0,0,6592000000,770000000,770000000,0.96,0.95,0.15,415000000,-420000000,69000000,64000000,254000000,55000000,37.78,40.75,34.81,None,None,20.63,1.83,None,1.74,None,0,0.1842,None,None,0.45,None
1999-03-31,806981906,806981906,1,89423000000,None,72010000000,None,16663000000,750000000,0,0,0,6807000000,1035000000,1035000000,1.27,1.27,0.15,716000000,-527000000,-257000000,-68000000,190000000,49000000,37.88,41,34.75,None,None,20.65,None,None,1.59,None,0,0.1863,None,None,0.83,None
1998-12-31,813386882,813386882,1,None,None,None,None,None,0,0,0,0,None,None,None,None,None,0,None,None,None,None,None,0,42.69,48.38,37,None,None,None,None,None,1.44,None,None,None,None,None,None,None
1998-09-30,820487958,820487958,1,85397000000,None,68799000000,None,15848000000,750000000,0,0,0,6436000000,713000000,713000000,0.87,0.86,0.135,1004000000,-343000000,-702000000,-41000000,260000000,59000000,44.22,52.38,36.06,None,None,19.32,2.33,None,1.44,None,0,0.1856,None,None,1.15,None
1998-06-30,828521224,828521224,1,85123000000,None,68655000000,None,15718000000,750000000,0,0,0,6539000000,885000000,885000000,1.06,1.05,0.27,369000000,109000000,-440000000,38000000,301000000,35000000,47.13,50.13,44.13,None,None,18.97,2.56,None,1.31,None,0,0.1847,None,None,0.4,None
1998-03-31,419817896,839635792,2,84536000000,None,68349000000,None,15437000000,750000000,0,0,0,6450000000,936000000,936000000,2.21,2.2,0.27,889000000,-337000000,-509000000,43000000,263000000,43000000,45.06,49.19,40.94,None,None,18.39,None,None,1.04,None,0,0.1826,None,None,1.01,None
1997-12-31,422722298,845444596,2,None,None,None,None,None,0,0,0,0,None,None,None,None,None,0.24,None,None,None,None,None,0,42.83,47.19,38.47,None,None,None,None,None,0.9,None,None,None,None,None,None,None
1997-09-30,428816434,857632868,2,79990000000,None,64693000000,None,14547000000,750000000,0,0,0,6384000000,824000000,824000000,1.89,None,0.24,986000000,-398000000,-603000000,-15000000,167000000,39000000,38.02,40.56,35.47,0.2124,0.037,16.96,2.43,14.68,0.78,0.1428,0,0.1819,0.1146,0.32,1.1,None
1997-06-30,433726850,867453700,2,77106000000,None,62788000000,None,13568000000,750000000,0,0,0,6073000000,643000000,643000000,1.47,None,0.24,963000000,-628000000,-282000000,53000000,182000000,40000000,33.91,38.5,29.31,0.1785,None,15.64,2.37,12.51,0.66,0.1722,0,0.176,0.0944,0.33,1.06,None
1997-03-31,435082479,870164958,2,74415000000,None,61202000000,None,12463000000,750000000,0,0,0,6179000000,767000000,767000000,1.73,None,0.24,758000000,-193000000,-552000000,13000000,129000000,25000000,31.13,34.13,28.13,0.1923,None,14.32,2.16,13.45,0.54,0.1597,0,0.1675,0.0984,0.34,0.84,None
1996-12-31,440934165,881868330,2,74508000000,None,61056000000,None,12702000000,750000000,0,0,0,6057000000,595000000,595000000,1.33,None,0.21,938000000,-1456000000,470000000,-48000000,116000000,44000000,27.41,30.44,24.38,None,None,14.4,1.92,None,0.42,0.1814,0,0.1705,None,None,1.01,None
1996-09-30,444672713,889345426,2,72213000000,None,59484000000,None,12729000000,0,0,0,0,6015000000,292000000,292000000,0.65,None,0.2125,511000000,-223000000,-276000000,12000000,164000000,22000000,22.66,24.88,20.44,None,None,14.31,1.63,None,0.32,None,0,0.1763,None,None,0.55,None
1996-06-30,444836536,889673072,2,71664000000,None,59263000000,None,12401000000,0,0,0,0,6324000000,764000000,764000000,1.71,None,0.2125,565000000,-584000000,128000000,109000000,152000000,28000000,20.95,23.25,18.66,None,None,13.94,1.53,None,0.21,None,0,0.173,None,None,0.6,None
1996-03-31,446223256,892446512,2,70399000000,None,58169000000,None,12230000000,0,0,0,0,5903000000,424000000,424000000,0.94,None,0.2125,1022000000,-1120000000,51000000,-47000000,43000000,32000000,20.83,23,18.66,None,None,13.7,None,None,0.10625,None,0,0.1737,None,None,1.11,None
