"Quarter end","Shares","Shares split adjusted","Split factor","Assets","Current Assets","Liabilities","Current Liabilities","Shareholders equity","Non-controlling interest","Preferred equity","Goodwill & intangibles","Long-term debt","Revenue","Earnings","Earnings available for common stockholders","EPS basic","EPS diluted","Dividend per share","Cash from operating activities","Cash from investing activities","Cash from financing activities","Cash change during period","Cash at end of period","Capital expenditures","Price","Price high","Price low","ROE","ROA","Book value of equity per share","P/B ratio","P/E ratio","Cumulative dividends per share","Dividend payout ratio","Long-term debt to equity ratio","Equity to assets ratio","Net margin","Asset turnover","Free cash flow per share","Current ratio"
2016-07-03,84625000,84625000,1,850948000,489556000,81565000,67565000,769383000,0,0,225787000,0,116404000,18283000,18283000,0.22,0.22,0,17695000,-22451000,-1034000,-5790000,119618000,7842000,13.37,15,11.73,0.0839,0.0758,9.09,1.49,24.31,0,0,0,0.9041,0.1346,0.56,0.12,7.2457
2016-04-03,83186000,83186000,1,823868000,463406000,76490000,61076000,747378000,0,0,230230000,0,119424000,18239000,18239000,0.22,0.21,0,58198000,-20922000,1063000,38339000,125408000,4770000,12.25,13.52,10.97,0.0631,0.0568,8.98,1.4,26.06,0,0,0,0.9072,0.1013,0.56,0.64,7.5874
2015-12-27,82840000,82840000,1,797392000,426509000,74970000,55417000,722422000,0,0,233753000,0,122730000,23433000,23433000,0.28,0.28,0,27208000,-11010000,-30999000,-14801000,87069000,3213000,11.61,13.53,9.7,0.0535,0.0477,8.72,1.34,26.39,0,0,0,0.906,0.0833,0.57,0.29,7.6964
2015-09-27,83836000,83836000,1,811822000,446237000,87613000,64809000,724209000,0,0,237408000,0,103354000,2238000,2238000,0.03,0.03,0,26648000,10219000,-27196000,9671000,101870000,443000,11.5,14.64,8.37,0.0519,0.046,8.64,1.35,21.7,0,0,0,0.8921,0.0783,0.59,0.31,6.8854
2015-06-28,87643000,87643000,1,842029000,467641000,92753000,70208000,749276000,0,0,241206000,0,113405000,2556000,2556000,0.03,0.03,0,9467000,-27212000,-5297000,-23042000,92199000,10782000,14.64,15.93,13.35,0.0639,0.0565,8.55,1.71,25.68,0,0,0,0.8898,0.0917,0.62,-0.02,6.6608
2015-03-29,87259000,87259000,1,848655000,468176000,101639000,77402000,747016000,0,0,244891000,0,133043000,11148000,11148000,0.12,0.13,0,45156000,-19831000,-5592000,19733000,115241000,10698000,13.98,15.41,12.55,0.0696,0.0616,8.56,1.66,None,0,0,0,0.8802,0.0973,0.63,0.39,6.0486
2014-12-28,87346000,87346000,1,831501000,453457000,94686000,71238000,736815000,0,0,249323000,0,140203000,22435000,22435000,0.26,0.25,0,25571000,-6581000,-10412000,8578000,95508000,3352000,11,13.17,8.83,-0.0103,-0.0091,8.44,1.35,None,0,None,0,0.8861,None,0.62,0.25,6.3654
2014-09-28,88144000,88144000,1,813578000,425218000,93013000,71709000,720565000,0,0,253723000,0,127503000,11010000,11010000,0.13,0.12,0,28391000,-4194000,1851000,26048000,86930000,3079000,9.7,10.7,8.7,-0.0129,-0.0114,8.17,1.21,None,0,None,0,0.8857,None,0.6,0.29,5.9298
2014-06-29,87820000,87820000,1,791668000,394783000,88240000,65054000,703428000,0,0,258694000,0,119449000,6000000,6000000,0.07,0.07,0,-16622000,-11816000,-1938000,-30376000,60882000,8989000,11.3,13.07,9.54,-0.013,-0.0115,8.01,1.42,None,0,None,0,0.8885,None,0.58,-0.29,6.0685
2014-03-30,87201000,87201000,1,798263000,392960000,104837000,78671000,693426000,0,0,264010000,0,115720000,-46779000,-46779000,-0.55,-0.55,0,-21242000,1791000,1711000,-17740000,91258000,6507000,11.86,12.9,10.82,-0.0257,-0.0227,7.95,1.41,17.97,0,None,0,0.8687,None,0.57,-0.32,4.995
2013-12-29,86956000,86956000,1,822118000,583119000,88364000,62736000,733754000,0,0,114362000,0,119449000,20586000,20586000,0.24,0.24,0,37368000,-13365000,-1512000,22491000,108998000,5654000,11.5,12.67,10.32,0.0806,0.0718,8.44,1.41,20.54,0,0,0,0.8925,0.1258,0.57,0.36,9.2948
2013-09-29,86744000,86744000,1,794495000,559192000,85364000,61579000,709131000,0,0,114668000,0,112622000,10977000,10977000,0.13,0.13,0,24074000,-14613000,-17506000,-8045000,86507000,5278000,10.65,11.73,9.57,0.0708,0.0619,8.17,1.32,19.02,0,0,0,0.8926,0.11,0.56,0.22,9.0809
2013-06-30,87689000,87689000,1,797366000,560430000,88354000,71269000,709012000,0,0,114724000,0,113116000,-3050000,-3050000,-0.03,-0.03,0,16591000,9180000,-26751000,-980000,94552000,10111000,10.48,11.67,9.29,0.0721,0.0618,8.09,1.27,13.44,0,0,0,0.8892,0.1106,0.56,0.07,7.8636
2013-03-31,89042000,89042000,1,825163000,579218000,90886000,74007000,734277000,0,0,115030000,0,116914000,29635000,29635000,0.32,0.32,0,-4364000,19166000,-19126000,-4324000,95532000,15037000,11.2,12.9,9.5,0.1013,0.0853,8.25,1.42,6.15,0,0,0,0.8899,0.1509,0.57,-0.22,7.8265
2012-12-30,90901000,90901000,1,865498000,624561000,148968000,75731000,716530000,0,0,115336000,0,119386000,13241000,13241000,0.14,0.14,0,32721000,-25717000,-10613000,-3609000,99856000,9699000,10.12,11.61,8.63,0.2497,0.2067,7.88,1.32,5.11,0,0,0,0.8279,0.3854,0.54,0.25,8.2471
2012-09-30,92722000,92722000,1,858348000,620297000,149650000,76774000,708698000,0,0,115641000,0,117867000,11874000,11874000,0.13,0.13,0,41792000,-13761000,-41618000,-13587000,103465000,12543000,11.82,14.07,9.56,0.282,0.2317,7.64,1.53,5.55,0,0,0,0.8257,0.3933,0.59,0.32,8.0795
2012-07-01,94268000,94268000,1,880792000,649312000,153341000,79975000,727451000,0,0,115947000,0,130371000,18386000,18386000,0.19,0.19,0,27016000,-16127000,-58353000,-47464000,117052000,9486000,15.5,17.85,13.14,0.3155,0.2574,7.72,1.99,6.89,0,0,0,0.8259,0.4008,0.64,0.19,8.1189
2012-04-01,97450000,97450000,1,913418000,686889000,153575000,81217000,759843000,0,0,116253000,0,104145000,138331000,138331000,1.39,1.36,0,32066000,63804000,-5552000,90318000,164516000,9251000,16.96,19,14.93,0.3489,0.2826,7.8,2.69,14.13,0,0,0,0.8319,0.4107,0.69,0.23,8.4575
2012-01-01,98669000,98669000,1,776365000,538357000,155243000,83072000,621122000,0,0,129927000,0,152661000,30025000,30025000,0.3,0.3,0,52278000,-11623000,-41111000,-456000,74198000,5278000,13.74,15.53,11.95,0.2013,0.161,6.3,2.22,10.03,0,0,0,0.8,0.2051,0.79,0.48,6.4806
2011-10-02,100620000,100620000,1,776484000,536671000,153780000,82410000,622704000,0,0,131063000,0,150180000,28654000,28654000,0.28,0.28,0,41506000,-17504000,-39150000,-15148000,74654000,9220000,14.48,16.73,12.23,0.2377,0.19,6.19,2.4,10.57,0,0,0,0.802,0.2373,0.8,0.32,6.5122
2011-07-03,103940000,103940000,1,781679000,543438000,154699000,83549000,626980000,0,0,131896000,0,151622000,32426000,32426000,0.31,0.31,0,40313000,-82430000,-15861000,-57978000,89802000,8982000,16.77,18.37,15.16,0.2486,0.1971,6.03,2.92,13.1,0,0,0,0.8021,0.241,0.82,0.3,6.5044
2011-04-03,104766000,104766000,1,757207000,519648000,156043000,82338000,601164000,0,0,132442000,0,152290000,33316000,33316000,0.31,0.31,0,73299000,-6053000,-25758000,41488000,147780000,5379000,17.66,18.83,16.5,0.2429,0.1917,5.74,3.18,19.2,0,0,0,0.7939,0.2329,0.82,0.65,6.3112
2010-12-26,105390000,105390000,1,731957000,490655000,147088000,74156000,584869000,0,0,133761000,0,155771000,50339000,50339000,0.48,0.47,0,59976000,-142478000,-11357000,-93859000,106292000,8189000,17.34,18.5,16.17,0.1777,0.1394,5.55,3.41,24.77,0,0,0,0.799,0.1709,0.82,0.49,6.6165
2010-09-26,105624000,105624000,1,692937000,441766000,155479000,76226000,537458000,0,0,135278000,0,146529000,29986000,29986000,0.28,0.28,0,26637000,58283000,-67722000,17198000,200151000,4395000,16.74,19.18,14.3,0.1372,0.1088,5.09,3.23,29.89,0,0,0,0.7756,0.1357,0.8,0.21,5.7955
2010-06-27,109254000,109254000,1,720463000,470342000,153431000,74377000,567032000,0,0,136503000,0,142609000,25449000,25449000,0.23,0.22,0,30645000,15399000,-53399000,-7355000,182953000,5297000,19.34,22.4,16.29,0.1097,0.0884,5.19,3.7,41.15,0,0,0,0.787,0.115,0.77,0.23,6.3238
2010-03-28,111530000,111530000,1,750737000,489198000,167398000,82435000,583339000,0,0,137142000,0,145716000,-4826000,-4826000,-0.05,-0.05,0,69295000,14202000,-38331000,45166000,190308000,6923000,18.86,21.28,16.44,0.0897,0.0734,5.23,3.45,27.33,0,0,0,0.777,0.1001,0.73,0.56,5.9343
2009-12-27,113905000,113905000,1,750650000,488841000,128136000,73242000,622514000,0,0,138534000,0,149122000,28648000,28648000,0.25,0.25,0,43881000,-21725000,-30354000,-8198000,145142000,5020000,18.01,19.62,16.39,0.1267,0.1045,5.47,3.36,26.49,0,0,0,0.8293,0.1479,0.71,0.34,6.6743
2009-09-27,114604390,114604390,1,739777000,473315000,125970000,70808000,613807000,0,0,140247000,0,131457000,16163000,16163000,0.14,0.14,0,31648000,28899000,-40745000,19802000,153340000,5627000,15.09,18.2,11.99,0.1293,0.1061,5.36,2.83,20.39,0,0,0,0.8297,0.1479,0.72,0.23,6.6845
2009-06-28,118099458,118099458,1,753458000,450759000,122271000,66461000,631187000,0,0,150682000,0,122775000,14963000,14963000,0.13,0.13,0,16948000,-64300000,-22832000,-70184000,133538000,6958000,12.84,14.76,10.91,0.1423,0.1166,5.34,2.44,15.11,0,0,0,0.8377,0.1566,0.74,0.08,6.7823
2009-03-29,118832657,118832657,1,780290000,481951000,153745000,93273000,626545000,0,0,137976000,0,130547000,19197000,19197000,0.16,0.17,0,57984000,32694000,-38637000,52041000,203722000,9311000,11.36,13.9,8.82,0.1648,0.1343,5.27,2.16,13.36,0,0,0,0.803,0.1716,0.78,0.41,5.1671
2008-12-28,121238405,121238405,1,785765000,484459000,148125000,78535000,637640000,0,0,140886000,0,163691000,30790000,30790000,0.24,0.24,0,49880000,35542000,-96680000,-11258000,151681000,8569000,12.53,16.37,8.69,0.1677,0.1374,5.26,2.31,14.92,0,0,0,0.8115,0.1695,0.81,0.34,6.1687
2008-09-28,127928773,127928773,1,839765000,529885000,146663000,85612000,693102000,0,0,143493000,0,171197000,27155000,27155000,0.21,0.2,0,55181000,-66621000,-20385000,-31825000,162939000,6632000,16.93,20.21,13.64,0.1673,0.1373,5.42,3.25,21.16,0,0,0,0.8254,0.1726,0.8,0.38,6.1894
2008-06-29,131180469,131180469,1,834941000,520575000,151514000,86281000,683427000,0,0,149913000,0,168427000,31647000,31647000,0.24,0.24,0,58232000,2743000,-26220000,34755000,194764000,6209000,15.71,16.84,14.57,0.1606,0.1322,5.21,3.13,23.1,0,0,0,0.8185,0.1738,0.76,0.4,6.0335
2008-03-30,132565262,132565262,1,810966000,470820000,145050000,86670000,665916000,0,0,162061000,0,159723000,22765000,22765000,0.18,0.17,0,49034000,4321000,-34126000,19229000,160009000,7541000,14.35,16.66,12.04,0.1359,0.1137,5.02,2.88,22.78,0,0,0,0.8211,0.1609,0.71,0.31,5.4323
2007-12-30,134333221,134333221,1,818652000,533189000,148631000,98133000,670021000,0,0,159550000,0,158040000,31870000,31870000,0.23,0.23,0,59802000,45446000,-64114000,41134000,140780000,7382000,14.27,15.78,12.75,0.1209,0.1037,4.99,2.82,23.02,0,0,0,0.8184,0.157,0.66,0.39,5.4333
2007-09-30,136885225,136885225,1,828814000,547551000,136450000,93871000,692364000,0,0,148366000,0,140326000,22580000,22580000,0.16,0.16,0,67226000,43561000,-146568000,-35781000,99646000,6439000,14.71,17.97,11.46,0.1161,0.102,5.06,2.69,22.63,0,0,0,0.8354,0.1632,0.62,0.44,5.833
2007-07-01,146937277,146937277,1,925895000,638990000,122787000,81867000,803108000,0,0,153306000,0,139777000,18995000,18995000,0.12,0.12,0,35527000,116064000,-92968000,58623000,135427000,8639000,17.21,18.23,16.19,0.1201,0.1074,5.47,3.02,26.08,0,0,0,0.8674,0.1752,0.61,0.18,7.8052
2007-04-01,153529673,153529673,1,971359000,697153000,96828000,94534000,874531000,0,0,158003000,0,147096000,18441000,18441000,0.12,0.12,0,70383000,-12926000,-72296000,-14839000,76804000,8042000,19.48,22.46,16.51,0.1206,0.1088,5.7,3.37,26.32,0,0,0,0.9003,0.1797,0.61,0.41,7.3746
2006-12-31,159055028,159055028,1,1018072000,583713000,98587000,95878000,919485000,0,0,174946000,0,157611000,35454000,35454000,0.22,0.22,0,42188000,-69747000,29407000,1848000,91643000,6705000,20.75,22.94,18.55,0.1373,0.1244,5.78,3.87,13.47,0,0,0,0.9032,0.227,0.55,0.22,6.0881
2006-10-01,157644934,157644934,1,933094000,698497000,88746000,86619000,844348000,0,0,128006000,0,145298000,30447000,30447000,0.19,0.19,0,38517000,74949000,-53930000,59536000,89795000,7285000,17.68,19.5,15.86,0.2967,0.2629,5.36,3.28,11.12,0,0,0,0.9049,0.5024,0.52,0.2,8.064
2006-07-02,159337170,159337170,1,953546000,719222000,94958000,89575000,858588000,0,0,130032000,0,136692000,21076000,21076000,0.13,0.13,0,39981000,-109540000,-25374000,-94933000,30259000,9676000,19.15,21.62,16.68,0.3207,0.2814,5.39,3.59,11.36,0,0,0,0.9004,0.557,0.51,0.19,8.0293
2006-04-02,161230277,161230277,1,937707000,819092000,78353000,78353000,859354000,0,0,32679000,0,87046000,32549000,32549000,0.2,0.2,0,-52312000,96260000,15363000,59311000,125192000,10156000,18.69,21.44,15.93,0.3366,0.2972,5.33,3.72,10.77,0,0,0,0.9164,0.574,0.52,-0.39,10.4539
2006-01-01,80673996,161347992,2,984303000,862451000,172116000,172116000,812187000,0,0,0,0,129185000,166238000,166238000,2.06,2.04,0,None,None,None,14878000,65881000,5788000,15.63,17.15,14.1,0.3429,0.3044,5.03,3.36,16.54,0,0,0,0.8251,0.5267,0.58,None,5.0109
2005-10-02,80467015,160934030,2,861570000,770557000,112810000,110532000,748760000,0,0,0,0,119012000,43024000,43024000,0.48,0.48,0,None,None,None,3323000,51003000,6951000,16.61,17.94,15.28,0.1959,0.1787,4.65,3.17,18.56,0,0,0,0.8691,0.2978,0.6,None,6.9713
2005-07-03,90696638,181393276,2,1033595000,945865000,83580000,82010000,950015000,0,0,0,0,158834000,41777000,41777000,0.46,0.45,0,54782000,-122638000,-50108000,-117964000,47680000,5400000,17.66,20.74,14.58,0.1809,0.1677,5.24,3.36,21.02,0,0,0,0.9191,0.2782,0.6,0.27,11.5335
2005-04-03,90894686,181789372,2,1026340000,939519000,70157000,68821000,956183000,0,0,0,0,157231000,46155000,46155000,0.5,0.5,0,64411000,7955000,1113000,73479000,165644000,10830000,19.22,21.83,16.61,0.175,0.1625,5.26,3.91,25.12,0,0,0,0.9316,0.2756,0.59,0.29,13.6516
2004-12-26,91845427,183690854,2,979532000,898189000,76094000,76094000,903438000,0,0,0,0,150252000,43356000,43356000,0.47,0.46,0,47502000,-33059000,-25975000,-11532000,185847000,6837000,16.44,19.2,13.68,0.1643,0.1527,4.92,3.43,22.99,0,0,0,0.9223,0.2658,0.57,0.22,11.8037
2004-09-26,92532861,185065722,2,947825000,872984000,61604000,61604000,886221000,0,0,0,0,134609000,35882000,35882000,0.39,0.38,0,26138000,4881000,-7586000,23433000,197379000,3594000,13.23,15.73,10.72,0.1567,0.1456,4.79,2.86,18.9,0,0,0,0.935,0.2565,0.57,0.12,14.1709
2004-06-27,92365141,184730282,2,925435000,849946000,69811000,69811000,855624000,0,0,0,0,129811000,32203000,32203000,0.34,0.34,0,43891000,12288000,-38826000,17353000,173946000,4396000,16.82,21.5,12.13,0.1572,0.1459,4.63,3.62,24.2,0,0,0,0.9246,0.2544,0.57,0.21,12.175
2004-03-28,93227661,186455322,2,928515000,853580000,60797000,60797000,867718000,0,0,0,0,128294000,32864000,32864000,0.35,0.35,0,44106000,-12798000,-34547000,-3239000,156593000,6849000,23.32,26.57,20.07,0.1596,0.1472,4.65,5.14,34.29,0,0,0,0.9345,0.2552,0.58,0.2,14.0398
2003-12-28,94773339,189546678,2,933048000,863953000,72670000,72670000,860378000,0,0,0,0,137064000,34952000,34952000,0.37,0.36,0,45134000,-51362000,-8178000,-14406000,159832000,5514000,26.37,29.36,23.38,0.1617,0.1485,4.54,5.99,40.88,0,0,0,0.9221,0.2532,0.59,0.21,11.8887
2003-09-28,94462537,188925074,2,891540000,823203000,61042000,61042000,830498000,0,0,0,0,132267000,34181000,34181000,0.36,0.35,0,15708000,-1152000,3117000,17673000,174238000,4188000,23.71,26.79,20.63,0.1596,0.1461,4.4,5.65,40.19,0,0,0,0.9315,0.2499,0.58,0.06,13.4858
2003-06-29,94237410,188474820,2,879582000,809641000,88223000,88223000,791359000,0,0,0,0,126235000,31676000,31676000,0.34,0.33,0,52244000,-38343000,4854000,18755000,156565000,5732000,22.56,26.68,18.45,0.1525,0.1392,4.2,5.65,41.39,0,0,0,0.8997,0.2395,0.58,0.25,9.1772
2003-03-30,94173323,188346646,2,817419000,748180000,66684000,66684000,750735000,0,0,0,0,120565000,29889000,29889000,0.32,0.32,0,32554000,-25122000,67000,7499000,137810000,4168000,18.95,21.84,16.07,0.1477,0.1352,3.99,4.97,39.48,0,0,0,0.9184,0.2347,0.58,0.15,11.2198
2002-12-29,93829715,187659430,2,785473000,713065000,69637000,69637000,715836000,0,0,0,0,114167000,27513000,27513000,0.29,0.29,0,46179000,-47844000,3745000,2080000,130311000,4679000,16.27,22.7,9.83,0.1381,0.1266,3.81,4.46,38.28,0,0,0,0.9113,0.2244,0.56,0.22,10.2397
2002-09-29,93487386,186974772,2,738545000,665961000,55714000,55714000,682831000,0,0,0,0,107115000,23015000,23015000,0.25,0.24,0,25153000,-24380000,1639000,2412000,128231000,4508000,17.72,22.4,13.04,0.1282,0.1184,3.65,5.06,45.44,0,0,0,0.9246,0.2154,0.55,0.11,11.9532
2002-06-30,93382025,186764050,2,719523000,641725000,65853000,65853000,653670000,0,0,0,0,98962000,23056000,23056000,0.25,0.24,0,51418000,-4917000,3194000,49695000,125819000,2349000,21.91,26.48,17.34,0.1225,0.1132,3.5,6.6,59.22,0,0,0,0.9085,0.2112,0.54,0.26,9.7448
2002-03-31,93307742,186615484,2,670015000,586644000,51032000,51032000,618983000,0,0,0,0,90822000,18656000,18656000,0.2,0.19,0,45902000,-108247000,1612000,-60733000,76124000,5541000,23.27,28.55,17.98,0.1213,0.1127,3.32,7.27,62.05,0,0,0,0.9238,0.2055,0.55,0.22,11.4956
2001-12-30,92930977,185861954,2,633544000,551704000,39141000,39141000,594403000,0,0,0,0,82587000,17028000,17028000,0.18,0.18,0,32723000,-47617000,3730000,-11164000,136857000,2492000,18.57,28.5,8.65,0.1356,0.1257,3.2,6.05,44.75,0,0,0,0.9382,0.2098,0.6,0.16,14.0953
2001-09-30,92653513,185307026,2,613571000,530558000,43972000,43972000,569599000,0,0,0,0,80879000,15862000,15862000,0.17,0.17,0,42272000,-8619000,1570000,35223000,148021000,3752000,20.73,32.84,8.61,0.1582,0.1456,3.07,6.98,63.78,0,0,0,0.9283,0.2246,0.65,0.21,12.0658
2001-07-01,92546888,185093776,2,594222000,511277000,45371000,45371000,548851000,0,0,0,0,89901000,19180000,19180000,0.21,0.2,0,28289000,-45618000,1854000,-15475000,112798000,2701000,20.99,33.08,8.9,0.1361,0.1243,2.97,7.42,58.31,0,0,0,0.9236,0.1763,0.7,0.14,11.2688
2001-04-01,92457289,184914578,2,571497000,490497000,47795000,47795000,523702000,0,0,0,0,108167000,23775000,23775000,0.22,0.2,0,34018000,-16534000,2763000,20247000,128273000,5179000,30.22,49.56,10.88,0.1634,0.1483,2.83,11.53,87.59,0,0,0,0.9164,0.1923,0.77,0.16,10.2625
2000-12-31,92148020,184296040,2,529467000,452973000,46766000,43283000,482701000,0,0,0,0,95129000,25208000,25208000,0.28,0.26,0,18636000,-23576000,13448000,8508000,108026000,2443000,47.67,65.13,30.22,0.1669,0.1509,2.62,21.28,151.33,0,0,0,0.9117,0.189,0.8,0.09,10.4654
2000-10-01,91536844,183073688,2,456844000,378651000,46627000,42522000,410217000,0,0,0,0,85971000,-1306000,-1306000,-0.01,-0.01,0,14492000,-10763000,12055000,15784000,99518000,5459000,44.88,59.63,30.13,0.173,0.1551,2.24,25.21,110.13,0,0,0,0.8979,0.1831,0.85,0.05,8.9048
2000-07-02,74769625,149539250,2,297106000,200671000,30716000,30716000,266390000,0,0,0,0,68275000,21092000,21092000,0.28,0.27,0,30994000,-35863000,1714000,-3155000,60979000,3624000,42.86,65.88,19.84,0.2797,0.2509,1.78,26.29,123.34,0,0,0,0.8966,0.2784,0.9,0.18,6.5331
2000-04-02,74676609,149353218,2,267156000,177349000,24187000,24187000,242969000,0,0,0,0,60127000,13508000,13508000,0.18,0.17,0,29435000,-35240000,3847000,-1958000,64134000,32588000,67.83,101.63,34.03,0.2662,0.2373,1.63,47.43,212.8,0,0,0,0.9095,0.2656,0.89,-0.02,7.3324
1999-12-26,73463840,146927680,2,238955000,179304000,28881000,28881000,210074000,0,0,0,0,52338000,15552000,15552000,0.21,0.2,0,14869000,3357000,1271000,19497000,66092000,2838000,26.57,41.88,11.25,0.272,0.2403,1.43,20.6,99.79,0,0,0,0.8791,0.275,0.87,0.08,6.2084
1999-09-26,36547484,146189936,4,209846000,154811000,20546000,20546000,189300000,0,0,0,0,47492000,13381000,13381000,0.37,0.35,0,14093000,-20062000,1892000,-4077000,46595000,3503000,20.25,24.88,15.63,0.25,0.2205,1.29,17.46,94.46,0,0,0,0.9021,0.26,0.85,0.07,7.5348
1999-06-27,36235346,144941384,4,193672000,149236000,25376000,25376000,168296000,0,0,0,0,43186000,11512000,11512000,0.32,0.3,0,14366000,-7962000,1094000,7498000,50672000,1023000,12.15,17.11,7.19,0.2202,0.1913,1.16,11.46,70.69,0,0,0,0.869,0.2381,0.8,0.09,5.881
1999-03-28,17979467,143835736,8,172923000,130926000,20239000,20239000,152684000,0,0,0,0,35076000,8538000,8538000,0.48,0.45,0,8834000,-4428000,1820000,6226000,43174000,2089000,8,10.19,5.81,0.1888,0.1639,1.06,8.16,53.33,0,0,0,0.883,0.2193,0.75,0.05,6.469
1998-12-27,8868798,141900768,16,159690000,120751000,20794000,20688000,138896000,0,0,0,106000,30299000,7148000,7148000,0.82,0.76,0,1867000,-4684000,585000,-2232000,36948000,952000,5.78,8.39,3.16,0.1675,0.1445,0.98,6.22,44.68,0,0,0.0008,0.8698,0.2035,0.71,0.01,5.8368
1998-09-27,8742481,139879696,16,152010000,114917000,22553000,22447000,129457000,0,0,0,106000,27692000,5238000,5238000,0.6,0.57,0,8446000,-21179000,363000,-12370000,39180000,1049000,3.08,4.42,1.74,0.1503,0.1302,0.93,3.46,26.07,0,0,0.0008,0.8516,0.1901,0.68,0.05,5.1195
1998-06-28,8706744,139307904,16,142730000,105952000,19432000,19343000,123298000,0,0,0,89000,24115000,4775000,4775000,0.55,0.52,0,4379000,-17125000,206000,-12540000,51550000,2676000,2.56,2.94,2.19,0.1383,0.1205,0.89,3.01,23.81,0,0,0.0007,0.8639,0.1825,0.66,0.01,5.4775
1998-03-29,8667294,138676704,16,136242000,108335000,18193000,17586000,118049000,0,0,0,141000,22740000,4177000,4177000,0.55,None,0,7616000,1295000,448000,9359000,64090000,1022000,2.06,2.63,1.5,0.1471,0.1252,0.85,2.54,22.42,0,0,0.0012,0.8665,0.1647,0.76,0.05,6.1603
1997-12-28,8593774,137500384,16,126361000,119290000,14479000,13629000,111882000,0,0,0,196000,20856000,3946000,3946000,0.46,0.43,0,2504000,-17837000,54000,-15279000,54731000,1256000,2.19,2.84,1.53,0.1663,0.1369,0.81,2.77,26.95,0,0,0.0018,0.8854,0.1449,0.94,0.01,8.7527
1997-09-28,8583421,137334736,16,123809000,117383000,15988000,14816000,107821000,0,0,0,248000,19625000,3041000,3041000,0.39,None,0,4484000,-35572000,77963000,46875000,70010000,1156000,2.19,2.84,1.55,0.1989,0.1527,0.79,7.55,31.57,0,0,0.0023,0.8709,0.121,1.26,0.02,7.9227
1997-06-29,5864070,93825120,16,41798000,35698000,15039000,13814000,26759000,0,0,0,301000,18172000,2244000,2244000,0.35,None,0,4430000,-490000,104000,4044000,23135000,490000,1.42,1.66,1.17,0.3094,None,0.29,5.46,24.7,0,0,0.0112,0.6402,0.0998,2.01,0.04,2.5842
1997-03-30,5848508,93576128,16,36963000,31145000,12610000,11334000,24353000,0,0,0,352000,19031000,2026000,2026000,0.3,None,0,3541000,-773000,443000,3211000,19091000,773000,1.52,1.88,1.16,0.2818,None,0.26,6.61,None,0,0,0.0145,0.6588,0.0848,2.14,0.03,2.7479
1996-12-29,5808057,92928912,16,32871000,26570000,11042000,9717000,21829000,0,0,0,401000,17431000,1677000,1677000,0.26,None,0,6957000,-1585000,914000,6286000,15880000,1585000,1.27,1.77,0.78,None,None,0.23,6.05,None,0,None,0.0184,0.6641,None,None,0.06,2.7344
1996-09-29,5694304,91108864,16,30416000,25244000,11247000,9862000,19169000,0,0,0,461000,16725000,1178000,1178000,0.2,None,0,645000,-825000,238000,58000,9594000,825000,0.69,0.81,0.56,None,None,0.21,3.45,None,0,None,0.024,0.6302,None,None,-0,2.5597
1996-06-30,5627537,90040592,16,28479000,22761000,10807000,9022000,17672000,0,0,0,519000,15740000,967000,967000,0.16,None,0,1446000,-683000,359000,1122000,9536000,683000,0.64,0.75,0.53,None,None,0.2,3.56,None,0,None,0.0294,0.6205,None,None,0.01,2.5228
1996-03-31,5613901,89822416,16,28539000,23004000,12262000,9670000,16277000,0,0,0,576000,None,None,None,None,None,0,None,None,None,None,8414000,0,0.49,0.57,0.41,None,None,0.18,None,None,0,None,0.0354,0.5703,None,None,None,2.3789
