"Quarter end","Shares","Shares split adjusted","Split factor","Assets","Current Assets","Liabilities","Current Liabilities","Shareholders equity","Non-controlling interest","Preferred equity","Goodwill & intangibles","Long-term debt","Revenue","Earnings","Earnings available for common stockholders","EPS basic","EPS diluted","Dividend per share","Cash from operating activities","Cash from investing activities","Cash from financing activities","Cash change during period","Cash at end of period","Capital expenditures","Price","Price high","Price low","ROE","ROA","Book value of equity per share","P/B ratio","P/E ratio","Cumulative dividends per share","Dividend payout ratio","Long-term debt to equity ratio","Equity to assets ratio","Net margin","Asset turnover","Free cash flow per share","Current ratio"
2019-06-30,297448178,297448178,1,10634000000,4222100000,6430800000,2052900000,4148300000,54900000,0,5441900000,3569400000,2015300000,288400000,288400000,0.97,0.93,0.23,322400000,-428000000,126600000,12600000,982300000,74200000,96.05,105.51,86.58,0.2971,0.1192,13.95,6.96,25.48,4.27,0.2272,0.8604,0.3901,0.1454,0.82,0.83,2.0567
2019-03-31,298732261,298732261,1,10208100000,4127500000,6037700000,1649200000,4123100000,47300000,0,5148600000,3554800000,1958500000,267500000,267500000,0.9,0.87,0.23,343600000,-475100000,-181600000,-309600000,969700000,70200000,85.97,97,74.95,0.3034,0.1222,13.8,6.38,22.99,4.04,0.2284,0.8622,0.4039,0.1455,0.84,0.92,2.5027
2018-12-31,298087210,298087210,1,10044900000,4571600000,5980700000,2451300000,4017000000,47200000,0,4597500000,2806400000,2224700000,338000000,338000000,1.13,0.98,0.23,378200000,-91500000,-1500000,281000000,1279300000,101200000,85.03,94.94,75.12,0.307,0.1245,13.48,6.39,34.99,3.81,0.2193,0.6986,0.3999,0.1469,0.85,0.93,1.865
2018-09-30,301327138,301327138,1,9742600000,4281500000,5689300000,2543200000,4008900000,44400000,0,4523500000,2468300000,2129000000,316600000,316600000,1.05,1.01,0.23,339200000,-67200000,-222700000,33900000,998300000,71800000,91.56,97.56,85.55,0.1949,0.079,13.3,7.31,39.81,3.58,0.3322,0.6157,0.4115,0.0964,0.82,0.89,1.6835
2018-06-30,300352562,300352562,1,9510300000,4021400000,5697700000,2340800000,3761100000,51500000,0,4550500000,2668200000,1981400000,284800000,284800000,0.95,0.91,0.23,265100000,-140800000,-117700000,-35800000,964400000,78500000,86.19,91.97,80.42,0.1842,0.0752,12.52,6.64,39.36,3.35,0.3346,0.7094,0.3955,0.0949,0.79,0.62,1.718
2018-03-31,301435822,301435822,1,9403700000,3937100000,5435800000,2184700000,3913900000,54000000,0,4580500000,2489400000,1866900000,265600000,265600000,0.87,0.84,0.19,130200000,-142300000,-728200000,-718900000,1000200000,54100000,87.89,93.62,82.15,0.1745,0.0724,12.98,6.73,42.67,3.12,0.3215,0.636,0.4162,0.0945,0.77,0.25,1.8021
2017-12-31,305483780,305483780,1,10003900000,4656000000,5960500000,1579400000,3989800000,53600000,0,4484200000,3541500000,1943900000,-103400000,-103400000,-0.33,-0.33,0.19,427800000,-87200000,-92400000,266900000,1719100000,68700000,87.82,91.26,84.38,0.1664,0.0694,13.06,6.59,27.97,2.93,0.3287,0.8876,0.3988,0.0928,0.75,1.18,2.948
2017-09-30,305339096,305339096,1,9608800000,4352900000,5499500000,1433700000,4067200000,42100000,0,4416100000,3559700000,1840800000,277500000,277500000,0.91,0.88,0.19,198200000,-92500000,17000000,135300000,1452200000,54300000,78.61,84.87,72.35,0.2578,0.1098,13.32,6.19,26.47,2.74,0.2076,0.8752,0.4233,0.147,0.75,0.47,3.0361
2017-06-30,305444890,305444890,1,9172900000,3992400000,5257000000,1713900000,3874900000,41000000,0,4362100000,3020600000,1666500000,251500000,251500000,0.82,0.8,0.16,280400000,-209400000,-11000000,74000000,1316900000,51100000,72.62,76.67,68.56,0.2498,0.1076,12.69,5.99,25.75,2.55,0.2035,0.7795,0.4224,0.1435,0.75,0.75,2.3294
2017-03-31,305615575,305615575,1,8707400000,3722400000,4956300000,1583300000,3704200000,46900000,0,4028000000,2862100000,1560100000,224900000,224900000,0.73,0.71,0.16,237800000,8900000,-53700000,208300000,1242900000,48400000,68.99,71.98,66,0.2433,0.1059,12.12,5.78,26.43,2.39,0.2075,0.7727,0.4254,0.1391,0.76,0.62,2.351
2016-12-31,307664328,307664328,1,8498700000,3591200000,4775600000,1635200000,3674900000,48200000,0,3967100000,2635500000,1651100000,233700000,233700000,0.76,0.75,0.16,348900000,-67800000,-65500000,181000000,1034600000,54500000,65.94,68.83,63.05,0.2296,0.1004,11.94,5.49,26.48,2.23,0.2177,0.7172,0.4324,0.1306,0.77,0.96,2.1962
2016-09-30,308478390,308478390,1,8369800000,3405200000,4615100000,1513500000,3708000000,46700000,0,4012500000,2598000000,1635900000,224300000,224300000,0.73,0.71,0.14,290900000,-265600000,31400000,59600000,853600000,47200000,60.83,65.68,55.97,0.2272,0.0998,12.02,5.31,25.03,2.07,0.2192,0.7006,0.443,0.1298,0.76,0.79,2.2499
2016-06-30,308724545,308724545,1,8027000000,3158100000,4453100000,1100000000,3534600000,39300000,0,3944500000,2834600000,1548200000,206500000,206500000,0.67,0.65,0.14,243600000,-52200000,-69600000,107000000,794000000,48100000,57.59,60.11,55.08,0.2309,0.1004,11.45,5.24,24.61,1.93,0.2248,0.802,0.4403,0.1304,0.76,0.63,2.871
2016-03-31,307927051,307927051,1,7890000000,2989600000,4465800000,1069600000,3386200000,38000000,0,3975600000,2866200000,1451200000,158400000,156600000,0.51,0.5,0.14,194200000,-1227100000,-29800000,-1050200000,687000000,41000000,51.62,57.82,45.42,0.2307,0.0996,11,4.91,21.42,1.79,0.227,0.8464,0.4292,0.13,0.76,0.5,2.7951
2015-12-31,308038077,308038077,1,7458400000,3850000000,4180000000,1008400000,3238500000,39900000,0,2909300000,2813200000,1430500000,202600000,200200000,0.65,0.63,0.14,322300000,-41000000,-97600000,161600000,1737200000,41300000,52.76,55.49,50.03,0.2464,0.1058,10.51,5.17,22.08,1.65,0.2142,0.8687,0.4342,0.1371,0.76,0.91,3.8179
2015-09-30,308261251,308261251,1,7485600000,3862300000,4304200000,1081300000,3143300000,38100000,0,2706300000,2853000000,1459600000,207300000,204500000,0.66,0.65,0.14,285400000,62200000,7200000,332800000,1575600000,45600000,53.26,57.45,49.06,0.2509,0.1063,10.2,5.37,23.06,1.51,0.2124,0.9076,0.4199,0.136,0.77,0.78,3.5719
2015-06-30,309147148,309147148,1,7228700000,3592800000,4125900000,984700000,3065100000,37700000,0,2709000000,2759200000,1351500000,180600000,179000000,0.58,0.56,0.125,234500000,87800000,-52000000,272900000,1242800000,45200000,57.45,59.54,55.37,0.2469,0.1054,9.91,6.02,25.03,1.37,0.2128,0.9002,0.424,0.1344,0.78,0.61,3.6486
2015-03-31,308921730,308921730,1,7025600000,3533800000,4046400000,925700000,2949900000,29300000,0,2594500000,2757000000,1327100000,181800000,179800000,0.58,0.57,0.125,188300000,-136300000,-37700000,1000000,969900000,40000000,56.06,60.2,51.93,0.2474,0.1075,9.55,5.98,25.31,1.25,0.204,0.9346,0.4199,0.1346,0.79,0.48,3.8174
2014-12-31,310195600,310195600,1,7027000000,3504100000,4089100000,1045600000,2907400000,30500000,0,2616700000,2672300000,1426512000,194821000,193478000,0.62,0.61,0.13,273465000,-84982000,-78106000,95939000,968900000,46443000,50.51,55.45,45.56,0.2417,0.1074,9.37,5.25,23.77,1.12,0.2,0.9191,0.4137,0.1327,0.8,0.73,3.3513
2014-09-30,309465458,309465458,1,6851769000,3372572000,3854109000,1555397000,2976160000,21500000,0,2592075000,2023178000,1358742000,184160000,182207000,0.58,0.57,0.125,224095000,-510265000,94521000,-207084000,872999000,56747000,49.99,52.66,47.33,0.2339,0.107,9.62,5.27,24.39,0.99,0.1948,0.6798,0.4344,0.1323,0.8,0.54,2.1683
2014-06-30,156825858,313651716,2,6517300000,3462385000,3518711000,1711793000,2977321000,21268000,0,2318955000,1542891000,1314172000,176417000,174932000,1.11,1.09,0.2,180681000,-148260000,18669000,56763000,1080083000,51734000,47.18,49.1,45.26,0.2329,0.1086,9.49,5.16,23.83,0.87,0.1904,0.5182,0.4568,0.1335,0.81,0.41,2.0227
2014-03-31,157138216,314276432,2,6230203000,3204467000,3334341000,1556204000,2875448000,20414000,0,2302359000,1522570000,1246074000,159802000,158483000,1.01,0.98,0.2,202659000,-38393000,-20984000,136482000,1023320000,54176000,44.48,46.63,42.34,0.2336,0.11,9.15,4.92,22.69,0.77,0.1738,0.5295,0.4615,0.1341,0.82,0.47,2.0592
2013-12-31,158199518,316399036,2,6168028000,3157567000,3287956000,1609878000,2859509000,20563000,0,2289085000,1431437000,1245735000,168879000,167879000,1.07,1.04,0.2,211326000,-403060000,183920000,-2528000,886838000,52708000,41,44.59,37.41,0.2397,0.1139,9.04,4.89,21.93,0.67,0.1523,0.5006,0.4636,0.1378,0.82,0.5,1.9614
2013-09-30,158281072,316562144,2,5640681000,3077535000,2974161000,893201000,2657249000,9271000,0,1972428000,1784539000,1153062000,161389000,160798000,1.01,0.99,0.2,196918000,-14353000,-32699000,165707000,889366000,39703000,39.88,42.69,37.06,0.239,0.1131,8.39,4.91,21.85,0.57,0.1334,0.6716,0.4711,0.1347,0.84,0.5,3.4455
2013-06-30,159158427,318316854,2,5404301000,2874470000,2807041000,815559000,2585139000,12121000,0,1952251000,1698951000,1136067000,154868000,153988000,0.96,0.95,0.105,180552000,-211963000,22428000,-11334000,723659000,36352000,38.7,41.65,35.75,0.2392,0.1138,8.12,4.94,21.74,0.47,0.1115,0.6572,0.4783,0.1332,0.85,0.45,3.5245
2013-03-31,159821514,319643028,2,5213961000,2725671000,2696894000,815014000,2505408000,11659000,0,1919929000,1596050000,1079805000,153613000,153007000,0.96,0.94,0.105,180254000,-63938000,-65060000,44143000,734993000,29685000,35.34,37.33,33.34,0.2421,0.1148,7.84,4.64,20.85,0.41,0.1143,0.637,0.4805,0.1325,0.87,0.47,3.3443
2012-12-31,159698098,319396196,2,5215463000,2706915000,2773281000,888514000,2429959000,12223000,0,1932740000,1606204000,1145978000,137376000,140362000,0.88,0.86,0.1,207076000,-188190000,-57851000,-34696000,690850000,27782000,30.7,32.51,28.89,0.2374,0.1132,7.61,4.06,19.07,0.36,0.1201,0.661,0.4659,0.1294,0.87,0.56,3.0466
2012-09-30,160342286,320684572,2,5070965000,2640981000,2632747000,864588000,2426841000,11377000,0,1876539000,1511297000,1103376000,148800000,147450000,0.91,0.9,0.105,175998000,-161340000,59004000,79532000,725546000,33067000,28.63,31.59,25.68,0.2339,0.1135,7.57,4.1,18.41,0.31,0.0985,0.6227,0.4786,0.1299,0.87,0.45,3.0546
2012-06-30,160987024,321974048,2,4766839000,2426160000,2503322000,801656000,2250574000,12943000,0,1803710000,1454545000,1061107000,141893000,140942000,0.87,0.86,0.105,127401000,-125160000,28681000,25031000,646014000,31899000,28.13,30.66,25.59,0.2336,0.1151,6.99,4.05,18.15,0.26,0.0733,0.6463,0.4721,0.129,0.89,0.3,3.0264
2012-03-31,162012666,324025332,2,4577380000,2291800000,2312662000,744979000,2251000000,13718000,0,1754951000,1316819000,981604000,127248000,126563000,0.78,0.77,0.105,164204000,-18909000,-42918000,105897000,620983000,31523000,26.4,29.89,22.91,0.2355,0.1193,6.95,3.97,17.31,0.21,0.045,0.585,0.4918,0.1321,0.9,0.41,3.0763
2011-12-31,163332458,326664916,2,4445225000,2181237000,2260439000,642415000,2171769000,13017000,0,1746113000,1376831000,948709000,117075000,117075000,0.7,0.69,0.01,168618000,-320588000,-27927000,-175093000,515086000,28174000,22.37,25.25,19.49,0.2347,0.1223,6.65,3.34,14.43,0.15,0.0177,0.634,0.4886,0.1339,0.91,0.43,3.3954
2011-09-30,165739250,331478500,2,4361796000,2327812000,2132247000,662203000,2216574000,12975000,0,1559958000,1265026000,1032754000,136058000,134623000,0.8,0.79,0.015,184242000,-25621000,-67078000,78971000,690179000,26268000,23.95,27.88,20.01,0.237,0.1287,6.69,3.54,15.5,0.15,0.0174,0.5707,0.5082,0.1374,0.93,0.48,3.5153
2011-06-30,169918065,339836130,2,4322735000,2246680000,2013331000,648378000,2296452000,12952000,0,1576987000,1157589000,1017738000,147751000,147751000,0.86,0.85,0.015,104609000,-61416000,-30627000,18209000,611208000,22602000,26.69,28.67,24.7,0.24,0.1321,6.76,4.08,17.91,0.14,0.0176,0.5041,0.5312,0.1411,0.94,0.24,3.4651
2011-03-31,176155447,352310894,2,4171233000,2145894000,1844754000,682427000,2304146000,22333000,0,1536506000,949385000,940585000,127958000,127958000,0.73,0.72,0.015,107738000,-23259000,-25516000,67111000,592999000,23178000,27.41,29.55,25.27,0.2412,0.1339,6.54,4.15,19.44,0.13,0.0183,0.412,0.5524,0.1413,0.95,0.24,3.1445
2010-12-31,175933568,351867136,2,4015857000,1992130000,1673142000,654990000,2320855000,21860000,0,1533299000,799640000,949886000,131113000,131113000,0.75,0.74,0.01,160682000,-41856000,-72663000,45360000,525888000,37130000,25.36,27.04,23.68,0.2401,0.1328,6.6,4.13,19.66,0.13,0.0193,0.3445,0.5779,0.1397,0.95,0.35,3.0415
2010-09-30,174611626,349223252,2,3968771000,1957676000,1798608000,687149000,2145959000,24204000,0,1527824000,904031000,948463000,137268000,137268000,0.79,0.78,0.015,128340000,-205068000,107490000,43851000,480528000,29242000,22.09,24.99,19.18,0.2354,0.128,6.14,3.93,19.46,0.12,0.0211,0.4213,0.5407,0.1347,0.95,0.28,2.849
2010-06-30,173723308,347446616,2,3556768000,1757703000,1575752000,596916000,1953161000,27855000,0,1382363000,781604000,884798000,129671000,129671000,0.75,0.74,0.015,104028000,-71595000,-18826000,4958000,436677000,24733000,21.55,23.91,19.2,0.2211,0.119,5.62,4.04,21.99,0.11,0.024,0.4002,0.5491,0.1267,0.94,0.23,2.9446
2010-03-31,173552423,347104846,2,3410516000,1616345000,1543075000,592881000,1849961000,17480000,0,1371800000,752543000,770954000,98353000,98353000,0.57,0.56,0.015,31843000,-29706000,48720000,47106000,431719000,18353000,21.2,23.5,18.89,0.2031,0.1071,5.33,4.21,23.17,0.11,0.0277,0.4068,0.5424,0.1166,0.92,0.04,2.7263
2009-12-31,173232601,346465202,2,3219184000,1420395000,1456366000,503159000,1746077000,16741000,0,1368672000,753050000,758296000,87639000,87639000,0.51,0.5,0.01,151714000,-40776000,-32752000,77044000,384613000,17451000,20.57,23.57,17.58,0.2018,0.1032,5.04,4.34,21.77,0.1,0.0297,0.4313,0.5424,0.1127,0.92,0.39,2.823
2009-09-30,171497123,342994246,2,3140911000,1337750000,1497714000,497337000,1626266000,16931000,0,1365176000,792011000,716573000,80915000,80915000,0.47,0.47,0.015,145942000,-29411000,-32856000,86804000,307569000,14775000,17.73,20.12,15.35,0.2228,0.1088,4.74,4.03,17.3,0.09,0.0287,0.487,0.5178,0.1168,0.93,0.38,2.6898
2009-06-30,171418975,342837950,2,2999517000,1206941000,1470789000,437595000,1509398000,19330000,0,1349707000,820581000,685184000,74870000,74870000,0.44,0.43,0.015,141876000,-26088000,-49797000,70246000,220765000,13961000,15.84,17.7,13.99,0.2515,0.1206,4.4,3.83,14.21,0.09,0.0263,0.5436,0.5032,0.1218,0.99,0.37,2.7581
2009-03-31,171288934,342577868,2,2959661000,1177830000,1521485000,469874000,1419113000,19063000,0,1334948000,870982000,660012000,74410000,74410000,0.43,0.43,0.015,142765000,-276915000,81083000,-64468000,150519000,16871000,13.1,15.42,10.78,0.2835,0.1331,4.14,3.32,11.2,0.08,0.0242,0.6138,0.4795,0.1267,1.05,0.37,2.5067
2008-12-31,171187318,342374636,2,2994159000,1335864000,1644734000,634832000,1349425000,0,0,1232335000,786020000,755282000,98733000,98733000,0.57,0.56,0.01,170839000,-48672000,-133917000,-15754000,214987000,24296000,14.72,20.25,9.19,0.3109,0.1433,3.94,3.54,12.64,0.07,0.023,0.5825,0.4507,0.1295,1.11,0.43,2.1043
2008-09-30,175780409,351560818,2,3018238000,1431627000,1554666000,614822000,1463572000,0,0,1189788000,770050000,863658000,112955000,112955000,0.64,0.63,0.015,104869000,-38885000,-19053000,41979000,230741000,32541000,22.84,26.14,19.55,0.3168,0.1477,4.16,5.96,20.76,0.07,0.023,0.5261,0.4849,0.129,1.15,0.21,2.3285
2008-06-30,176803939,353607878,2,2927635000,1355638000,1572113000,559286000,1355522000,0,0,1171491000,819202000,846817000,109995000,109995000,0.63,0.61,0.015,96199000,-64009000,-22338000,8607000,188762000,30589000,21.91,25,18.83,0.3204,0.147,3.83,6.28,21.38,0.06,0.0244,0.6043,0.463,0.1275,1.15,0.19,2.4239
2008-03-31,175364918,350729836,2,2760969000,1274563000,1536081000,491435000,1224888000,0,0,1101453000,852307000,770714000,97468000,97468000,0.55,0.54,0.015,109616000,-94519000,-18632000,-3486000,180155000,19914000,19.91,22.74,17.09,0.3185,0.1454,3.49,5.58,20.53,0.05,0.0262,0.6958,0.4436,0.1255,1.16,0.26,2.5936
2007-12-31,177065258,354130516,2,2675733000,1223808000,1410819000,520481000,1264914000,0,0,1091828000,721561000,777270000,99993000,99993000,0.56,0.55,0.01,133023000,-129279000,10184000,13928000,183641000,22615000,21.66,23.58,19.75,0.3186,0.145,3.57,6.81,23.87,0.04,0.0278,0.5704,0.4727,0.1239,1.17,0.31,2.3513
2007-09-30,178270189,356540378,2,2490192000,1165353000,1355201000,448395000,1134991000,0,0,972524000,715492000,733851000,91501000,91501000,0.51,0.5,0.015,109198000,-57080000,1801000,53919000,164587000,24871000,18.34,20.05,16.64,0.3257,0.1432,3.18,6.2,21.83,0.04,0.0269,0.6304,0.4558,0.1213,1.18,0.24,2.5989
2007-06-30,178744713,357489426,2,2332534000,1041545000,1272978000,386911000,1059556000,0,0,946346000,683802000,688836000,83996000,83996000,0.47,0.46,0.015,83215000,-45742000,-11894000,25579000,110668000,28304000,17.36,18.32,16.4,0.3229,0.138,2.96,6.38,22.99,0.03,0.0225,0.6454,0.4543,0.1164,1.19,0.15,2.6919
2007-03-31,178917624,357835248,2,2244737000,971432000,1270485000,385888000,974252000,0,0,937707000,685279000,651084000,77704000,77704000,0.44,0.43,0.015,62463000,-46977000,-4532000,10954000,85089000,22628000,16.21,17.03,15.38,0.3111,0.1282,2.72,6.38,23.24,0.02,0.0177,0.7034,0.434,0.1081,1.19,0.11,2.5174
2006-12-31,89027518,356110072,4,2195397000,934605000,1292403000,447659000,902994000,0,0,926242000,677173000,659423000,78377000,78377000,0.87,0.85,0.01,75608000,-26973000,-37263000,11372000,74135000,23303000,16.43,17.63,15.22,0.3066,0.1221,2.54,6.65,25.77,0.02,0.0113,0.7499,0.4113,0.1035,1.18,0.15,2.0878
2006-09-30,87370026,349480104,4,2121635000,882936000,1257818000,432228000,863817000,0,0,910569000,684681000,636418000,66699000,66699000,0.75,0.73,0.0075,71014000,-25065000,-29106000,16843000,62763000,21110000,14.34,16.1,12.57,0.2987,0.1149,2.47,6.35,24,0.01,0.0124,0.7926,0.4071,0.1005,1.14,0.14,2.0428
2006-06-30,89367234,357468936,4,2051536000,809499000,1242166000,395825000,809370000,0,0,910247000,695871000,606598000,53341000,53341000,0.6,0.58,0.0075,87072000,-11093000,-67363000,8616000,45920000,11927000,13.87,15.4,12.34,0.3023,0.1171,2.26,6.54,23.21,0.01,0.0133,0.8598,0.3945,0.1026,1.14,0.21,2.0451
2006-03-31,89587586,358350344,4,2008938000,770795000,1249670000,370614000,759268000,0,0,902584000,741408000,568991000,57274000,57274000,0.64,0.63,0.0075,55903000,-35842000,-21426000,-1365000,37304000,20160000,12.05,13.13,10.97,0.3261,0.1266,2.12,6.24,21.14,0.01,0.0133,0.9765,0.3779,0.1104,1.15,0.1,2.0798
2005-12-31,89311958,357247832,4,1932540000,709814000,1243305000,335930000,689235000,0,0,886720000,765970000,508115000,55818000,55818000,0.62,0.61,0.01,74804000,-423314000,349118000,608000,38669000,15786000,10.44,11.28,9.6,0.3394,0.1321,1.93,5.87,19.24,0.01,0.014,1.1113,0.3566,0.1141,1.16,0.17,2.113
2005-09-30,88877855,355511420,4,1472940000,585785000,839140000,289161000,633800000,0,0,643825000,425675000,446995000,52089000,52089000,0.59,0.57,0.0075,67123000,-18023000,-36501000,12599000,38061000,13422000,10.35,11.55,9.14,0.3527,0.1395,1.78,6.31,20,0.01,0.0102,0.6716,0.4303,0.1151,1.21,0.15,2.0258
2005-06-30,88847441,355389764,4,1450914000,568551000,868906000,277557000,582008000,0,0,640393000,458412000,443642000,52056000,52056000,0.59,0.58,0.0075,49101000,-62577000,12681000,-795000,25462000,15438000,9.88,10.8,8.95,0.3673,0.1374,1.64,6.63,20.37,0,0.0072,0.7876,0.4011,0.1132,1.21,0.09,2.0484
2005-03-31,88207927,352831708,4,1393159000,555602000,866145000,285016000,527014000,0,0,595060000,458142000,409395000,46376000,46376000,0.53,0.52,0.0075,38596000,-65514000,23003000,-3915000,26257000,12475000,9.39,10.48,8.31,0.3783,0.1346,1.49,6.85,20.64,0,0.0038,0.8693,0.3783,0.1098,1.23,0.07,1.9494
2004-12-31,87891533,351566132,4,1306711000,529015000,825107000,277572000,481604000,0,0,545411000,432144000,403963000,45640000,45640000,0.52,0.5,0,75191000,-26059000,-41483000,7649000,30172000,15101000,8.72,9.38,8.06,0.3911,0.1312,1.37,7.15,20.7,0,0,0.8973,0.3686,0.1067,1.23,0.17,1.9059
2004-09-30,88485998,353943992,4,1257702000,498270000,825929000,269883000,431773000,0,0,546282000,458231000,384103000,41646000,41646000,0.47,0.47,0,47338000,-39487000,-3955000,3896000,22523000,10727000,7.78,8.59,6.97,0.3986,0.1242,1.22,6.82,20.27,0,0,1.0613,0.3433,0.1026,1.21,0.1,1.8462
2004-06-30,87918660,351674640,4,1213069000,489785000,813174000,234178000,399895000,0,0,518498000,465438000,387119000,40367000,40367000,0.46,0.45,0,53876000,-13305000,-50348000,-9777000,18627000,11819000,8.03,8.62,7.44,0.4045,0.1159,1.14,7.95,24.52,0,0,1.1639,0.3297,0.0981,1.18,0.12,2.0915
2004-03-31,88158102,352632408,4,1200052000,474902000,843083000,213476000,356969000,0,0,515978000,516550000,355261000,35658000,35658000,0.41,0.4,0,31846000,-7151000,-19824000,4871000,28404000,6694000,7.86,8.68,7.03,0.3958,0.0996,1.01,8.54,26.64,0,0,1.447,0.2975,0.0883,1.13,0.07,2.2246
2003-12-31,43842763,350742104,8,1181384000,451349000,857978000,217642000,323406000,0,0,516335000,532280000,342039000,32986000,32986000,0.76,0.73,0,54055000,-25100000,-22403000,6552000,23533000,8456000,7.26,8.02,6.51,0.4113,0.0905,0.92,9.19,27.14,0,0,1.6459,0.2738,0.0839,1.08,0.13,2.0738
2003-09-30,43751292,350010336,8,1143258000,420431000,866716000,185270000,276542000,0,0,504290000,573933000,314798000,28212000,28212000,0.65,0.64,0,35266000,-13569000,-27044000,-5347000,16981000,8878000,6.48,7.21,5.76,0.4374,0.0832,0.79,10.13,26.18,0,0,2.0754,0.2419,0.0803,1.04,0.08,2.2693
2003-06-30,42628626,341029008,8,1147662000,427545000,928756000,186108000,218906000,0,0,501414000,624663000,304893000,19479000,19479000,0.46,0.45,0,34301000,-20353000,-23762000,-9814000,22328000,6267000,5.5,6.17,4.84,0.454,0.0785,0.64,9.65,22.11,0,0,2.8536,0.1907,0.0769,1.02,0.08,2.2973
2003-03-31,42575405,340603240,8,1126308000,422500000,933842000,255882000,192466000,0,0,495066000,566806000,277774000,23313000,23313000,0.55,0.54,0,35782000,-22275000,-2024000,11483000,32142000,6595000,5.06,5.49,4.63,0.4963,0.081,0.57,10.33,21.88,0,0,2.945,0.1709,0.0798,1.01,0.09,1.6512
2002-12-31,42572423,340579384,8,1078908000,389164000,911926000,235914000,166982000,0,0,486841000,565885000,267046000,22482000,22482000,0.52,0.51,0,18592000,-24768000,1631000,-4545000,20659000,4968000,4.58,5.73,3.43,0.5146,0.0771,0.49,8.64,21.55,0,0,3.3889,0.1548,0.0757,1.02,0.04,1.6496
2002-09-30,42533344,340266752,8,1028636000,370227000,849740000,244617000,178896000,0,0,474234000,557316000,268115000,20666000,20666000,0.49,0.48,0,39148000,-7957000,-25225000,5966000,25204000,5900000,4.54,5.31,3.76,0.5265,0.0718,0.53,9.66,22.56,0,0,3.1153,0.1739,0.07,1.03,0.1,1.5135
2002-06-30,42514169,340113352,8,1037959000,376346000,879483000,241786000,158476000,0,0,470262000,585860000,270865000,20003000,20003000,0.47,0.46,0,30188000,-3849000,-33898000,-7559000,19238000,3860000,5.29,6.13,4.44,0.5678,0.0677,0.47,15.11,25.19,0,0,3.6968,0.1527,0.0672,1.01,0.08,1.5565
2002-03-31,42303702,338429616,8,1022551000,363986000,902437000,209567000,120114000,0,0,461550000,639949000,255976000,17193000,17193000,0.41,0.4,0,43635000,-16038000,-28775000,-1178000,26797000,4088000,5.75,6.47,5.03,0.7269,0.0708,0.35,18.55,23.59,0,0,5.3278,0.1175,0.0694,1.02,0.12,1.7368
2001-12-31,42300068,338400544,8,1026743000,370257000,922810000,203400000,103933000,0,0,460442000,660614000,260372000,16036000,16036000,0.38,0.36,0,36660000,-12854000,-18580000,5226000,27975000,10158000,5.34,6.62,4.06,None,0.0829,0.31,16.69,18.18,0,0,6.3562,0.1012,0.0758,1.09,0.08,1.8203
2001-09-30,42298819,338390552,8,1043568000,400506000,933874000,211797000,109694000,0,0,462365000,689164000,252581000,16633000,16633000,0.4,0.39,0,37167000,-33945000,2392000,5614000,22749000,5896000,4.87,5.74,4,None,0.0999,0.32,25.63,14.81,0,0,6.2826,0.1051,0.0827,1.21,0.09,1.891
2001-06-30,41690296,333522368,8,998579000,392427000,933932000,213454000,64647000,0,0,425452000,688406000,274146000,22536000,22536000,0.54,0.53,0,7769000,-34844000,22237000,-4838000,17135000,8594000,5.45,7.25,3.64,None,0.1142,0.19,41.92,16.09,0,0,10.6487,0.0647,0.0855,1.34,-0,1.8385
2001-03-31,41688798,333510384,8,969872000,380681000,926274000,192104000,43598000,0,0,409494000,700185000,316672000,28505000,28505000,0.68,0.67,0,37254000,-17430000,-22436000,-2612000,21973000,13907000,4.94,6.34,3.54,None,0.1207,0.13,54.89,15.68,0,0,16.06,0.045,0.0844,1.43,0.07,1.9816
2000-12-31,41686887,333495096,8,1004322000,412670000,975088000,242539000,29234000,0,0,411182000,700216000,369449000,32596000,32596000,0.78,0.76,0,48511000,-24839000,-16488000,7184000,24585000,17651000,6.26,8.53,4,None,0.1144,0.09,None,26.43,0,0,23.9521,0.0291,0.0794,1.44,0.09,1.7015
2000-09-30,41674680,333397440,8,965664000,392555000,971172000,248146000,-5508000,0,0,405119000,697244000,354694000,28834000,28834000,0.69,0.67,0,39312000,-35480000,-789000,3043000,17401000,12475000,7.43,8.8,6.05,None,0.0894,-0.02,None,38.47,0,0,None,None,0.064,1.4,0.08,1.582
2000-06-30,41612385,332899080,8,909555000,365389000,940240000,223621000,-30685000,0,0,390189000,691006000,335510000,26210000,26210000,0.63,0.61,0,23914000,-16670000,-5446000,1798000,14358000,12712000,6.86,8.31,5.4,None,0.0727,-0.09,None,44.8,0,0,None,None,0.0546,1.33,0.03,1.634
2000-03-31,41451572,331612576,8,894719000,353060000,951194000,172802000,-56475000,0,0,388832000,751218000,300049000,20264000,20264000,0.49,0.48,0,42416000,-43832000,1078000,-338000,12560000,10267000,5.15,6.52,3.79,None,0.0559,-0.17,None,42.26,0,0,None,None,0.0444,1.26,0.1,2.0431
1999-12-31,20736245,331779920,16,836376000,335179000,917542000,145927000,-81166000,0,0,360999000,745658000,269144000,5333000,5333000,0.29,0.27,0,23928000,-16023000,-3976000,3929000,12898000,5165000,3.67,4.47,2.86,None,0.0427,-0.24,None,27.57,0,0,None,None,0.0352,1.21,0.06,2.2969
1999-09-30,17865544,285848704,16,848163000,340734000,1113273000,147694000,-265110000,0,0,359747000,938222000,256857000,11586000,11586000,0.65,0.64,0,16416000,-6706000,-8602000,1108000,8969000,6706000,3,3.54,2.46,None,0.0467,-0.93,None,24.62,0,0,None,None,0.0396,1.18,0.03,2.307
1999-06-30,17864636,285834176,16,829055000,317169000,1109415000,137673000,-280360000,0,0,363146000,945464000,247438000,10463000,10463000,0.59,0.58,0,11223000,-5998000,-1155000,4070000,7861000,5998000,2.34,2.52,2.16,None,0.0431,-0.98,None,19.2,0,0,None,None,0.0372,1.16,0.02,2.3038
1999-03-31,17863504,285816064,16,821030000,303479000,1109856000,138914000,-288826000,0,0,363577000,946870000,237164000,8239000,8239000,0.46,0.46,0,12528000,-7011000,-4821000,696000,3791000,5595000,2.13,2.41,1.84,None,0.0438,-1.01,None,16.79,0,0,None,None,0.0378,1.16,0.02,2.1847
1998-12-31,17862328,285797248,16,807401000,287673000,1099658000,124165000,-292257000,0,0,360265000,952469000,233376000,8270000,8270000,0.47,0.45,0,17549000,-7877000,-8853000,819000,3095000,5587000,1.96,2.19,1.72,None,0.0467,-1.02,None,21.63,0,0,None,None,0.0397,1.17,0.04,2.3169
1998-09-30,17860837,285773392,16,810431000,293304000,1111401000,131164000,-300970000,0,0,362119000,957181000,229018000,8212000,8212000,0.46,0.46,0,15709000,-24642000,8286000,-647000,2276000,6336000,2.31,2.76,1.86,None,0.0339,-1.05,None,24.97,0,0,None,None,0.0286,1.19,0.03,2.2362
1998-06-30,17538738,280619808,16,765672000,276522000,1089486000,122584000,-323814000,0,0,340008000,943097000,227942000,10355000,10355000,0.59,0.58,0,5171000,-18915000,10579000,-3165000,2923000,6848000,3.15,3.85,2.44,None,0.0351,-1.15,None,50.91,0,0,None,None,0.0292,1.2,-0.01,2.2558
1998-03-31,17534380,280550080,16,747004000,265020000,1081748000,124508000,-334744000,0,0,336410000,931946000,228541000,9673000,9673000,0.55,0.54,0,14799000,-7569000,-5855000,1375000,6088000,7569000,3.67,4,3.33,None,0.0252,-1.19,None,69.9,0,0,None,None,0.021,1.2,0.03,2.1285
1997-12-31,17533248,280531968,16,737154000,254780000,1080279000,117254000,-343125000,0,0,339223000,937277000,222085000,-2268000,-2268000,-0.13,-0.13,0,15585000,-10588000,-7972000,-2975000,4713000,6588000,3.13,3.5,2.75,None,0.0358,-1.22,None,37.65,0,0,None,None,0.0302,1.19,0.03,2.1729
1997-09-30,17525952,280415232,16,747746000,253879000,1092100000,123022000,-344354000,0,0,342026000,938840000,223494000,8559000,8559000,0.49,0.49,0,20424000,-7225000,-15576000,-2377000,7688000,7225000,2.58,2.72,2.44,None,0.0616,-1.23,None,34.4,0,0,None,None,0.0529,1.16,0.05,2.0637
1997-06-30,17516955,280271280,16,764891000,269699000,1117952000,124952000,-353061000,0,0,344892000,961532000,226996000,2929000,2929000,0.09,0.09,0,22055000,1660000,-20472000,3243000,10065000,5691000,1.97,2.43,1.51,None,None,-1.26,3.79,21.3,0,0,None,None,0.0653,1.13,0.06,2.1584
1997-03-31,44719954,715519264,16,731775000,262394000,359541000,128727000,372234000,0,0,347634000,197091000,211773000,17497000,17497000,0.39,0.39,0,28198000,-4555000,-20805000,2838000,6822000,4555000,1.5,1.63,1.36,0.1839,None,0.52,3,16.55,0,0,0.5295,0.5087,0.0859,1.11,0.03,2.0384
1996-12-31,44720954,715535264,16,710662000,233782000,350114000,96918000,360548000,0,0,346583000,219484000,197602000,16533000,16533000,0.36,0.36,0,22299000,-12378000,-8878000,1043000,3984000,4197000,1.31,1.44,1.19,None,None,0.5,2.62,None,0,0,0.6088,0.5073,None,None,0.03,2.4122
1996-09-30,46241853,739869648,16,709641000,237874000,337316000,98676000,372325000,0,0,347661000,200544000,184876000,16697000,16697000,0.36,0.36,0,28382000,-26821000,-19556000,-17995000,2941000,5541000,1.3,1.43,1.17,None,None,0.5,2.6,None,0,None,0.5386,0.5247,None,None,0.03,2.4107
1996-06-30,47334052,757344832,16,712382000,253388000,335291000,96989000,377091000,0,0,337199000,195641000,198921000,17408000,17408000,0.37,0.37,0,-1866000,-5137000,-320000,-7323000,20936000,5137000,1.48,1.73,1.24,None,None,0.5,3.08,None,0,None,0.5188,0.5293,None,None,-0.01,2.6125
1996-03-31,47321051,757136816,16,726960000,263514000,366004000,124499000,360956000,0,0,339893000,195923000,194822000,16940000,16940000,0.36,0.36,0,19392000,-5499000,2338000,16231000,28259000,5499000,1.44,1.63,1.26,None,None,0.48,None,None,0,None,0.5428,0.4965,None,None,0.02,2.1166
