"Quarter end","Shares","Shares split adjusted","Split factor","Assets","Current Assets","Liabilities","Current Liabilities","Shareholders equity","Non-controlling interest","Preferred equity","Goodwill & intangibles","Long-term debt","Revenue","Earnings","Earnings available for common stockholders","EPS basic","EPS diluted","Dividend per share","Cash from operating activities","Cash from investing activities","Cash from financing activities","Cash change during period","Cash at end of period","Capital expenditures","Price","Price high","Price low","ROE","ROA","Book value of equity per share","P/B ratio","P/E ratio","Cumulative dividends per share","Dividend payout ratio","Long-term debt to equity ratio","Equity to assets ratio","Net margin","Asset turnover","Free cash flow per share","Current ratio"
2019-06-30,426594990,426594990,1,29585226000,None,26487910000,None,3097316000,0,400000000,0,0,416259000,150277000,150277000,0.34,0.34,0,-79759000,150228000,1759677000,1830146000,4139955000,0,9.77,10.51,9.04,0.2145,0.0204,6.32,1.6,8.5,23.17,0.0234,0,0.0912,0.37,0.05,-0.19,None
2019-03-31,432427285,432427285,1,27613625000,None,24566091000,None,3047534000,0,400000000,0,4476406000,418422000,158189000,153721000,0.35,0.35,0.03,16715000,-1193677000,804876000,-372086000,2309809000,0,9.82,11.53,8.11,0.2046,0.02,6.12,1.67,9.09,23.17,0.0254,1.6908,0.0959,0.3565,0.06,0.04,None
2018-12-31,436802555,436802555,1,26638173000,None,23665517000,None,2972656000,0,400000000,0,4284304000,395551000,147512000,147512000,0.33,0.33,0,-10341000,-39602000,777126000,727183000,2681895000,0,9.64,11.34,7.95,0.2011,0.0195,5.89,1.72,11.34,23.14,0,1.6653,0.0966,0.3528,0.05,-0.02,None
2018-09-30,435661454,435661454,1,25691183000,None,22850848000,None,2840335000,0,400000000,0,0,270982000,103878000,103878000,0.23,0.23,0,-12906000,-1626279000,1435449000,-203736000,1954712000,0,11.6,12.16,11.04,0.1664,0.0163,5.6,2.17,14.68,23.14,0,0,0.095,0.3005,0.05,-0.03,None
2018-06-30,435380601,435380601,1,24189176000,None,21460474000,None,2728702000,0,400000000,0,4217119000,348488000,109832000,105912000,0.24,0.24,0,-65336000,-48016000,716067000,602715000,2158448000,0,11.64,12.46,10.83,0.1603,0.0159,5.35,2.29,16.63,23.14,0,1.8109,0.0963,0.2724,0.06,-0.15,None
2018-03-31,435196223,435196223,1,23406322000,None,20796489000,None,2609833000,0,400000000,0,3744345000,346148000,126254000,122857000,0.28,0.28,0,-14158000,-1540966000,1474682000,-80442000,1555733000,0,11.2,12.06,10.33,0.1488,0.0149,5.08,2.34,18.06,23.14,0,1.6944,0.0944,0.2559,0.06,-0.03,None
2017-12-31,433549312,433549312,1,21779584000,None,19305328000,None,2474256000,0,400000000,0,3275270000,287185000,47003000,43866000,0.1,0.1,0,-45591000,-381423000,713589000,286575000,1534339000,0,10.79,11.92,9.65,0.1383,0.0142,4.78,2.31,16.1,23.14,0,1.579,0.0952,0.2426,0.06,-0.11,None
2017-09-30,431889664,431889664,1,21016170000,None,18594330000,None,2421840000,0,400000000,0,2738662000,288177000,76371000,73343000,0.17,0.17,0,-15695000,-1456461000,1401752000,-70404000,1247764000,0,10.88,11.83,9.94,0.1545,0.0159,4.68,2.42,17.55,23.14,0,1.3545,0.0962,0.2688,0.06,-0.04,None
2017-06-30,431548369,431548369,1,19513296000,None,17175586000,None,2337710000,0,400000000,0,2872231000,276913000,70617000,66643000,0.15,0.15,0,-102013000,53900000,288705000,240592000,1318168000,0,11.57,13.2,9.94,0.1388,0.0156,4.49,2.67,19.61,23.14,0,1.4823,0.0993,0.2589,0.06,-0.24,None
2017-03-31,431038789,431038789,1,19236501000,None,16801145000,None,2435356000,0,565000000,0,2837347000,274044000,94943000,89368000,0.21,0.2,0,-3613000,-1428532000,590928000,-841217000,1077576000,0,11.66,12.6,10.71,0.1271,0.0157,4.34,2.81,22,23.14,0,1.517,0.0972,0.2568,0.06,-0.01,None
2016-12-31,429101108,429101108,1,18533003000,None,16185945000,None,2347058000,0,565000000,0,2167979000,254785000,70242000,64736000,0.16,0.15,0,-61556000,-243490000,768901000,463855000,1918793000,0,9.25,11.52,6.98,0.1093,0.0149,4.15,1.75,15.95,23.14,0,1.2166,0.0962,0.2386,0.06,-0.14,None
2016-09-30,428267726,428267726,1,17745613000,None,15486117000,None,2259496000,0,0,0,1577689000,246241000,56965000,51649000,0.12,0.12,0,-32704000,-1500424000,1945151000,412023000,1454938000,0,6.85,7.58,6.11,0.1226,0.0169,5.28,1.34,12.45,23.14,0,0.6982,0.1273,0.2582,0.06,-0.08,None
2016-06-30,428077791,428077791,1,15629929000,None,13433018000,None,2196911000,0,0,0,1038029000,228591000,57205000,51962000,0.12,0.12,0,-58892000,-125917000,289244000,104435000,1042915000,0,6.38,7.19,5.58,0.1212,0.0171,5.13,1.27,10.13,23.14,0,0.4725,0.1406,0.2636,0.06,-0.14,None
2016-03-31,427915514,427915514,1,15324773000,None,13180848000,None,2143925000,0,0,1485000,558513000,230537000,65915000,60776000,0.14,0.14,0,-47780000,-1461210000,31251000,-1477739000,938480000,0,6,6.61,5.38,0.1428,0.0202,5.01,1.67,10.17,23.14,0,0.2605,0.1399,0.292,0.06,-0.11,None
2015-12-31,426316005,426316005,1,15214098000,None,13117775000,None,2096323000,0,565000000,1745000,0,259844000,89845000,84856000,0.2,0.2,0,37629000,427723000,669070000,1134422000,2416219000,0,6.81,7.32,6.31,0.1385,0.0198,3.59,1.45,170.25,23.14,0,0,0.1007,0.2878,0.06,0.09,None
2015-09-30,426108435,426108435,1,14450544000,None,12453210000,None,1997334000,0,0,2115000,0,185350000,45724000,40811000,0.1,0.09,0,-44944000,-1495418000,1543296000,2934000,1281797000,0,8.71,10.02,7.4,0.0102,0.0024,4.69,1.89,67,23.14,0,0,0.1382,0.0231,0.06,-0.11,None
2015-06-30,425882829,425882829,1,12874961000,None,10912788000,None,1962173000,0,0,2485000,0,257645000,91016000,86146000,0.2,0.2,0,-64707000,588064000,-120116000,403241000,1278863000,0,10.04,10.7,9.38,0.0321,0.0055,4.61,2.29,502,23.14,0,0,0.1524,0.0658,0.07,-0.15,None
2015-03-31,425180591,425180591,1,12933524000,None,11067611000,None,1865913000,0,0,2855000,0,182253000,47699000,42876000,0.1,0.1,0,-19181000,-1367878000,-97099000,-1484158000,875622000,0,9.64,10.32,8.97,0.0061,0.0019,4.39,3.22,23.51,23.14,707.53,0,0.1443,0.0138,0.06,-0.05,None
2014-12-31,423476360,423476360,1,12972243000,None,11142285000,None,1829958000,0,565000000,3225000,0,161771000,-151835000,-151690000,-0.35,-0.35,0,-198551000,-363263000,1351216000,789402000,2359780000,0,9.41,10.34,8.47,0.0736,0.004,2.99,2.19,6.87,23.14,40.0105,0,0.0975,0.1217,0.03,-0.47,None
2014-09-30,423164643,423164643,1,11714952000,None,9896524000,None,1818428000,0,0,3733000,0,240035000,82926000,78076000,0.18,0.18,0,-6364000,-192674000,245240000,46202000,1570378000,0,8.69,9.14,8.23,0.1749,0.0073,4.3,2.11,4.94,23.14,12.2578,0,0.1552,0.278,0.03,-0.02,None
2014-06-30,422936478,422936478,1,11379339000,None,9641075000,None,1738264000,0,0,4241000,0,152238000,44128000,40900000,0.1,0.09,17,-789858000,-1824434000,3403603000,789311000,1524176000,0,17.4,26.6,8.2,0.1832,0.0065,4.11,1.46,6.06,23.14,9.5401,0,0.1528,0.2789,0.02,-1.87,None
2014-03-31,422781435,422781435,1,156472000000,None,150874000000,None,5593000000,5000000,565000000,421000000,0,936000000,219000000,214000000,0.5,0.49,0.15,558000000,992000000,-2998000000,-1448000000,3742000000,0,24.21,27.34,21.08,0.2539,0.0081,11.89,2.05,7.76,6.14,0.2035,0,0.0321,0.3245,0.02,1.32,None
2013-12-31,428698212,428698212,1,159543000000,None,153901000000,None,5637000000,5000000,565000000,430000000,0,819000000,269000000,264000000,0.62,0.61,0.15,568000000,2570000000,-2277000000,861000000,5190000000,0,25.37,26.81,23.93,0.2856,0.0086,11.83,2.19,7.83,5.99,0.1873,0,0.0318,0.3449,0.02,1.32,None
2013-09-30,436264071,436264071,1,161570000000,None,155938000000,None,5627000000,5000000,565000000,436000000,0,868000000,260000000,255000000,0.58,0.57,0.15,478000000,1035000000,-511000000,1002000000,4329000000,0,24.09,25.49,22.69,0.3107,0.0088,11.6,2.16,7.87,5.84,0.1737,0,0.0313,0.3417,0.03,1.1,None
2013-06-30,436188852,436188852,1,161468000000,None,156034000000,None,5429000000,5000000,565000000,440000000,0,1294000000,543000000,538000000,1.22,1.2,0.15,425000000,3421000000,-4204000000,-358000000,3327000000,0,22.75,26.17,19.32,0.3066,0.0081,11.15,2.2,9.29,5.69,0.1772,0,0.0301,0.3293,0.02,0.97,None
2013-03-31,444210360,444210360,1,174086000000,None,168932000000,None,5148000000,6000000,565000000,444000000,0,1072000000,346000000,341000000,0.76,0.74,0.15,529000000,2184000000,-2928000000,-215000000,3685000000,0,18.54,20.5,16.57,0.2588,0.0064,10.32,1.87,9.66,5.54,0.2099,0,0.0263,0.2943,0.02,1.19,None
2012-12-31,453341352,453341352,1,181260000000,None,176194000000,None,5060000000,6000000,565000000,457000000,0,1085000000,347000000,342000000,0.76,0.73,0.13,807000000,3348000000,-3338000000,817000000,3900000000,0,16.87,17.99,15.75,0.2076,0.005,9.92,1.78,7.81,5.39,0.2572,0,0.0248,0.2589,0.02,1.78,None
2012-09-30,462158784,462158784,1,184203000000,None,179257000000,None,4940000000,6000000,565000000,462000000,0,812000000,188000000,183000000,0.39,0.39,0.125,804000000,4439000000,-5180000000,63000000,3083000000,0,16.01,16.94,15.07,0.2421,0.0058,9.47,1.72,9.59,5.26,0.2109,0,0.0238,0.2849,0.02,1.74,None
2012-06-30,469402199,469402199,1,189079000000,None,184141000000,None,4931000000,7000000,565000000,467000000,0,949000000,292000000,287000000,0.59,0.59,0.125,470000000,2081000000,-2574000000,-23000000,3020000000,0,14.41,15.96,12.85,0.1913,0.0045,9.3,1.57,13.59,5.13,0.2612,0,0.0231,0.2372,0.02,1,None
2012-03-31,487747222,487747222,1,191692000000,None,186647000000,None,5038000000,7000000,565000000,471000000,0,703000000,112000000,107000000,0.21,0.21,0.125,555000000,1977000000,-2283000000,249000000,3043000000,0,15,16.89,13.11,0.1239,0.0029,9.17,1.63,12.82,5.01,0.3886,0,0.0233,0.1741,0.02,1.14,None
2011-12-31,509322190,509322190,1,193345000000,None,188094000000,None,5243000000,8000000,565000000,478000000,0,1337288000,510954000,505884000,1,0.97,0.1,1007000000,2304000000,-4040000000,-729000000,2794000000,0,12.72,14.53,10.91,0.1369,0.0032,9.18,1.54,10.87,4.88,0.2492,0,0.0242,0.1833,0.02,1.98,None
2011-09-30,508736576,508736576,1,197544000000,None,192762000000,None,4774000000,8000000,565000000,484000000,0,585000000,-47000000,-52000000,-0.1,-0.1,0.1,706863000,1863045000,-3192315000,-622407000,3523000000,0,14.36,17.11,11.6,0.1219,0.0028,8.27,1.66,68.38,4.78,0.1893,0,0.0213,0.1591,0.02,1.39,None
2011-06-30,514297170,514297170,1,200356599000,None,195345360000,None,5002561000,8678000,565000000,479917000,0,540347000,-5648000,-9700000,-0.02,-0.02,0.1,608218000,2848692000,-3183652000,273258000,4144734000,0,15.75,17.11,14.4,0.0188,0.0006,8.63,1.79,18.31,4.68,0.6528,0,0.0221,0.0222,0.02,1.18,None
2011-03-31,527420754,527420754,1,203354808000,None,198147721000,None,5207087000,0,565000000,472345000,0,892365000,174694000,170816000,0.32,0.32,0,758919000,2458263000,-3688033000,-470851000,3871476000,0,14.11,15.6,12.61,0.1019,0.0023,8.8,1.67,14.25,4.58,0,0,0.0228,0.0951,0.02,1.44,None
2010-12-31,526909601,526909601,1,205307049000,None,200295471000,None,5011578000,0,565000000,479000000,0,1379152000,447371000,431404000,0.87,0.97,0,1960078000,2194499000,-5687760000,-1533183000,4342327000,0,12.03,13.14,10.92,0.1244,0.0026,8.44,1.83,21.87,4.58,0,0,0.0217,0.1018,0.02,3.72,None
2010-09-30,485590403,485590403,1,206106774000,None,201532697000,None,4574077000,0,1375370000,488220000,0,732424000,-494947000,-513734000,-1.06,-1.06,0,-85183000,2276827000,-2583173000,-391529000,5875510000,0,11.23,12.4,10.05,0.0803,0.002,6.59,1.47,6.04,4.58,0,0,0.0155,0.061,0.02,-0.18,None
2010-06-30,485706763,485706763,1,207318712000,None,202231964000,None,5086744000,4000,1375370000,1157888000,0,1280479000,337818000,319107000,0.66,0.63,0,-3017973000,1389157000,1054953000,-573863000,6267039000,0,11.91,13.96,9.85,0.2541,0.0054,7.64,1.71,13.09,4.58,0,0,0.0179,0.19,0.02,-6.21,None
2010-03-31,485753600,485753600,1,207513085000,None,202757389000,None,4755677000,19000,1375370000,1167599000,0,1109497000,240140000,221462000,0.46,0.45,0,-5549416000,1553627000,4766678000,770889000,6840902000,0,11.66,13.32,10.01,0.1294,0.0031,6.96,1.45,32.39,4.58,0,0,0.0163,0.1129,0.02,-11.42,None
2009-12-31,484912370,484912370,1,169985298000,None,164706676000,None,5278609000,13000,1375370000,1177310000,0,1549940000,309134000,258120000,0.54,0.53,0,-1996857000,836122000,2043750000,883015000,6070013000,0,10.06,12.11,8.01,0.0463,0.0018,8.05,1.4,None,4.58,0,0,0.023,0.0573,0.02,-4.12,None
2009-09-30,474590764,474590764,1,186443924000,None,181454899000,None,4989018000,7000,1577370000,1224272000,0,877010000,159110000,116483000,0.25,0.25,0,-5037928000,258297000,3826672000,-952959000,5186998000,0,9.25,10.39,8.12,-0.0783,-0.0011,7.19,1.38,None,4.58,None,0,0.0183,None,None,-10.62,None
2009-06-30,467607602,467607602,1,181183795000,None,176332256000,None,4851534000,5000,1714770000,1233871000,0,428667000,-122720000,-148520000,-0.32,-0.32,0,-3410766000,-1420179000,7907101000,3076156000,6139957000,0,7.25,10.47,4.02,-0.1357,-0.003,6.71,0.68,None,4.58,None,0,0.0173,None,None,-7.29,None
2009-03-31,467490222,467490222,1,171551311000,None,166587452000,None,4963847000,12000,0,1239556000,0,253455000,-21386000,-47781000,-0.1,-0.1,0,-5468158000,636811000,3825146000,-1006201000,3063801000,0,7.77,12.43,3.11,-0.0458,-0.0008,10.62,0.73,None,4.58,None,0,0.0289,None,None,-11.7,None
2008-12-31,467403909,467403909,1,168768437000,None,163762097000,None,4999070000,7270000,0,1249219000,0,None,-216017000,-243333000,-0.52,-0.52,0,-2782618000,232236000,2724531000,174149000,4070002000,0,8.11,12.03,4.19,-0.0614,-0.0013,10.7,0.71,None,4.58,None,0,0.0296,None,None,-5.95,None
2008-09-30,467284469,467284469,1,164991094000,None,159635429000,None,5347124000,8541000,0,1259541000,0,115844000,-158541000,-186015000,-0.4,-0.4,0,-3292658000,-1767395000,3832705000,-1227348000,3895853000,0,14.59,19.81,9.37,-0.3238,-0.0101,11.44,1.23,None,4.58,None,0,0.0324,None,None,-7.05,None
2008-06-30,467297700,467297700,1,163562241000,None,158017757000,None,5535004000,9480000,0,1304941000,0,822164000,265736000,238345000,0.51,0.5,0,154263000,-4146042000,5292952000,1301173000,5123201000,0,20.25,25.05,15.45,-0.361,-0.0116,11.84,1.81,None,4.58,None,0,0.0338,None,None,0.33,None
2008-03-31,466839845,466839845,1,159172992000,None,153958217000,None,5208167000,6608000,0,1319723000,0,209969000,-103804000,-132829000,-0.28,-0.28,0,222663000,-4986086000,1003420000,-3760003000,3822028000,0,18.85,23,14.7,-0.2259,-0.0075,11.16,1.68,None,4.58,None,0,0.0327,None,None,0.48,None
2007-12-31,466570624,466570624,1,155564991000,None,150330096000,None,5223535000,11360000,0,1300689000,0,None,-1635258000,-1644880000,-3.98,-3.98,0,-657422000,-4450554000,4895053000,-212923000,7582031000,0,36.16,53.65,18.68,-0.1872,-0.0063,11.2,2.99,59.28,4.58,None,0,0.0336,None,None,-1.41,None
2007-09-30,413998316,413998316,1,150815390000,None,145803629000,None,5001707000,10054000,0,1354141000,0,96665000,-343760000,-353034000,-0.85,-0.85,0,915740000,-11689963000,15888954000,5114731000,7794954000,0,49.86,58,41.73,0.1509,0.0057,12.08,3.84,24.2,4.58,0.2853,0,0.0332,0.2463,0.02,2.21,None
2007-06-30,412214394,412214394,1,132802282000,None,127444140000,None,5348061000,10081000,0,1356620000,0,1470691000,966471000,957315000,2.32,1.03,0,-499431000,-6126879000,5627425000,-998885000,2680223000,0,49.28,57.96,40.6,0.2857,0.0113,12.97,4.63,19.33,4.58,0.2318,0,0.0403,0.3638,0.03,-1.21,None
2007-03-31,411416060,411416060,1,126876466000,None,122490655000,None,4376782000,9029000,0,1364016000,0,933676000,116153000,107060000,0.26,0.26,0.25,189816000,-8988976000,9857046000,1057886000,3679108000,0,45.13,49.96,40.3,0.2466,0.0099,10.64,4.25,17.16,4.58,0.378,0,0.0345,0.3013,0.03,0.46,None
2006-12-31,410478252,410478252,1,116135732000,None,111766575000,None,4360042000,9115000,0,1371606000,0,422748000,18105000,8847000,0.02,0.17,0.25,864935000,-9189355000,8555890000,231470000,2621222000,0,48.37,52.09,44.65,0.2642,0.0109,10.62,4.39,14.18,4.33,0.3547,0,0.0375,0.3356,0.03,2.11,None
2006-09-30,408760194,408760194,1,107052697000,None,102540336000,None,4503023000,9338000,0,1333123000,0,821751000,263472000,254251000,0.62,0.6,0.25,925626000,-5454884000,3531394000,-997864000,2389752000,0,49.41,53.07,45.76,0.3744,0.0155,11.02,4.65,13.14,4.08,0.2514,0,0.0421,0.4024,0.04,2.26,None
2006-06-30,410037287,410037287,1,101906665000,None,97537528000,None,4359768000,9369000,0,1080703000,0,1423563000,723778000,714991000,1.74,1.52,0.25,-781673000,-1153654000,3037565000,1102238000,3387616000,0,52.63,55.21,50.05,0.4337,0.0176,10.63,5.76,18.15,3.83,0.2203,0,0.0428,0.4408,0.04,-1.91,None
2006-03-31,410866831,410866831,1,97765586000,None,94000976000,None,3754928000,9682000,0,1091301000,0,673364000,151601000,143300000,0.35,0.34,0.22,-200467000,1331969000,-1344779000,-213277000,2285378000,0,55.11,58.35,51.86,0.3417,0.0138,9.14,6.01,18.07,3.58,0.2845,0,0.0384,0.4,0.03,-0.49,None
2005-12-31,413544742,413544742,1,99338684000,None,95538077000,None,3791425000,9182000,0,1105104000,0,898036000,431035000,423203000,1.01,0.95,0.22,-1220274000,-1110608000,3270237000,939355000,2498655000,0,53.9,56.48,51.32,0.3797,0.0151,9.17,5.88,16.33,3.36,0.2605,0,0.0382,0.4178,0.04,-2.95,None
2005-09-30,417313366,417313366,1,96320359000,None,92482836000,None,3823798000,13725000,0,1063916000,0,874161000,431350000,424062000,1.02,0.95,0.22,-83480000,-8920141000,9545552000,541931000,1559300000,0,51.41,53.98,48.85,0.4646,0.0183,9.16,5.88,16.32,3.14,0.2168,0,0.0397,0.4483,0.04,-0.2,None
2005-06-30,417536652,417536652,1,86758744000,None,83033676000,None,3651738000,73330000,0,1003427000,0,762736000,296515000,292607000,0.7,0.66,0.22,737454000,-2903478000,2447524000,281500000,1017369000,0,48.51,51.46,45.56,0.4762,0.0188,8.75,6.64,12.6,2.92,0.2201,0,0.0421,0.4554,0.04,1.77,None
2005-03-31,419534619,419534619,1,83796953000,None,80659102000,None,3064982000,72869000,0,1014986000,0,720858000,223384000,220509000,0.52,0.49,0.19,-132527000,-2734596000,207505000,-2659618000,735869000,0,50.76,55.13,46.39,0.6118,0.0234,7.31,6.9,12.69,2.7,0.1769,0,0.0366,0.4871,0.05,-0.32,None
2004-12-31,421654978,421654978,1,84093526000,None,80919589000,None,3102304000,71633000,0,1066142000,0,1176733000,650301000,647425000,1.52,1.2,0.19,553259000,-6180149000,4744732000,-882158000,3395487000,0,48.02,54.44,41.6,0.6524,0.0252,7.36,7.11,14.25,2.51,0.1679,0,0.0369,0.5178,0.05,1.31,None
2004-09-30,429829137,429829137,1,70959303000,None,68044559000,None,2899977000,14767000,0,753266000,0,664486000,356578000,353703000,0.81,0.8,0.19,177872000,-437489000,-4917508000,-5177125000,4277645000,0,40.59,44.75,36.43,0.542,0.0215,6.75,6.06,11.24,2.32,0.2074,0,0.0409,0.464,0.05,0.41,None
2004-06-30,435972313,435972313,1,75967421000,None,73046755000,None,2920666000,0,0,618930000,0,1202108000,614926000,612062000,1.39,1.36,0.19,-261339000,3366101000,2531196000,5635958000,9454770000,0,39.64,42.49,36.8,0.5998,0.0241,6.7,6.35,13,2.13,0.1887,0,0.0384,0.4907,0.05,-0.6,None
2004-03-31,438951385,438951385,1,73263457000,None,70525806000,None,2737651000,0,0,589078000,0,629438000,291465000,288579000,0.65,0.64,0.17,-787008000,-5523734000,8281969000,1971227000,3818812000,0,39.89,43,36.79,0.5384,0.022,6.24,6.72,12.12,1.94,0.217,0,0.0374,0.4813,0.05,-1.79,None
2003-12-31,442536880,442536880,1,64610651000,None,61980605000,None,2630046000,0,0,592112000,0,770656000,264429000,261553000,0.58,0.57,0.17,264687000,-2487066000,2233750000,11371000,1652470000,0,37.91,40.11,35.7,0.6159,0.0259,5.94,6.47,11.34,1.77,0.1749,0,0.0407,0.485,0.05,0.6,None
2003-09-30,450826138,450826138,1,59936558000,None,57292574000,None,2643984000,0,0,581208000,0,738636000,479888000,477013000,1.06,1.04,0.17,780914000,-1564832000,2099062000,1315144000,1912709000,0,40.15,42.42,37.88,0.676,0.0279,5.86,7.65,18.56,1.6,0.1464,0,0.0441,0.5006,0.06,1.73,None
2003-06-30,450871914,450871914,1,58182773000,None,55816601000,None,2366172000,0,0,583676000,0,763877000,372694000,369819000,0.82,0.8,0.17,-426237000,-2191247000,2556907000,-60577000,597565000,0,39.62,42.92,36.32,0.4845,0.0187,5.25,7.99,24.41,1.43,0.1791,0,0.0407,0.4163,0.04,-0.95,None
2003-03-31,150738883,452216649,3,54333776000,None,52089520000,None,2244256000,0,0,579365000,0,865151000,416549000,413674000,2.72,2.64,0.25,55081000,-912026000,756785000,-100160000,658142000,0,35.72,37.72,33.73,0.3878,0.0145,4.96,8.14,22.05,1.26,0.1771,0,0.0413,0.3773,0.04,0.12,None
2002-12-31,151641590,454924770,3,53175005000,None,51177055000,None,1997950000,0,0,586127000,0,756059000,306030000,303154000,1.97,1.87,0.25,520244000,2669086000,-2964697000,224633000,758302000,0,33.26,35.65,30.87,0.4054,0.0147,4.39,8.4,21.55,1.18,0.1674,0,0.0376,0.3845,0.04,1.14,None
2002-09-30,153538970,460616910,3,55524659000,None,53700293000,None,1824366000,0,0,0,0,68590000,-62379000,-65254000,-0.42,-0.42,0.2,478709000,-1497812000,1225749000,206646000,533669000,0,29.8,33.02,26.58,0.4015,0.014,3.96,7.18,23.53,1.1,0.1671,0,0.0329,None,None,1.04,None
2002-06-30,154667464,464002392,3,53887453000,None,51962758000,None,1924695000,0,0,0,0,363597000,126001000,123126000,0.8,0.78,0.2,-133611000,-1485358000,1351453000,-267516000,327023000,0,31.69,33.28,30.1,0.3444,0.0117,4.15,7.56,20.23,1.03,0.1977,0,0.0357,None,None,-0.29,None
2002-03-31,155334776,466004328,3,52444435000,None,50490349000,None,1954086000,0,0,0,0,841549000,422344000,419469000,2.7,2.63,0.2,-102701000,208933000,-226694000,-120462000,594539000,0,29.38,33.08,25.67,0.4537,0.0148,4.19,8.18,39.52,0.96,0.1537,0,0.0373,None,None,-0.22,None
2001-12-31,155103954,465311862,3,52873959000,None,51201497000,None,1672462000,0,0,0,0,None,265945000,263069000,1.68,1.64,0.2,351962000,-366547000,-1343424000,-1358009000,715001000,0,28.07,29.33,26.82,0.2399,0.0074,3.59,8.66,73.23,0.9,0.3089,0,0.0316,None,None,0.76,None
2001-09-30,156770155,470310465,3,53860835000,None,52121326000,None,1525626000,213883000,0,0,0,None,-193545000,-196420000,-1.25,-1.25,0.175,386494000,-745850000,1623185000,1263829000,2073010000,0,26.28,28.2,24.36,0.1379,0.0042,3.24,7.94,26.73,0.83,0.5524,0,0.0283,None,None,0.82,None
2001-06-30,160523989,481571967,3,51225397000,None,49419465000,None,1592049000,213883000,0,0,0,623623000,281795000,278920000,1.74,1.68,0.175,194810000,-650975000,209418000,-246747000,809181000,0,23.18,25.18,21.18,0.3408,0.0102,3.31,7.99,34.77,0.77,0.2285,0,0.0311,0.3142,0.03,0.4,None
2001-03-31,162968769,488906307,3,50868629000,None,49234568000,None,1420178000,213883000,0,0,0,234286000,29801000,26926000,0.17,0.16,0.175,-93878000,-1393605000,1808943000,321460000,1055928000,0,22.06,25.5,18.62,0.2581,0.0074,2.9,7.61,23.89,0.71,0.3304,0,0.0279,0.2689,0.03,-0.19,None
2000-12-31,162881521,488644563,3,48791788000,None,47162569000,None,1415336000,213883000,0,0,0,338756000,98656000,95792000,0.58,0.56,0.18,80800000,-2972171000,2921280000,29909000,734468000,0,18.86,22.75,14.96,0.3942,0.0107,2.9,6.96,18.43,0.66,0.2325,0,0.029,0.3411,0.03,0.17,None
2000-09-30,164059978,492179934,3,45644014000,None,44094851000,None,1335280000,213883000,0,0,0,366249000,92218000,89353000,0.56,0.55,0.16,306707000,-385097000,526170000,447780000,704559000,0,14.3,16.31,12.29,0.4963,0.012,2.71,7.11,13.12,0.6,0.2027,0,0.0293,0.3823,0.03,0.62,None
2000-06-30,155203848,465611544,3,39549486000,None,38397592000,None,938011000,213883000,0,0,0,286955000,120494000,117608000,0.75,0.73,0.16,199480000,872409000,-920882000,151007000,256779000,0,11.09,12.9,9.27,0.6396,0.0128,2.01,5.72,10.08,0.54,0.186,0,0.0237,0.4357,0.03,0.43,None
2000-03-31,156604186,469812558,3,40234898000,None,39108489000,None,912526000,213883000,0,0,0,337460000,153649000,150742000,0.96,0.93,0.16,157660000,3336676000,-3978314000,-483978000,105772000,0,12.07,14.63,9.5,0.7061,0.0129,1.94,6.78,11.83,0.49,0.1826,0,0.0227,0.4416,0.03,0.34,None
1999-12-31,157170452,471511356,3,44024784000,None,42969987000,None,840914000,213883000,0,0,0,316284000,141954000,141954000,0.88,0.86,0.16,1592000,330999000,138940000,471531000,589750000,0,15.89,17.88,13.9,0.7169,0.012,1.78,11.95,16.61,0.44,0.1948,0,0.0191,0.4376,0.03,0,None
1999-09-30,159083464,477250392,3,43806989000,None,42959366000,None,633740000,213883000,0,0,0,279668000,121405000,121405000,0.76,0.75,0.15,39517000,-1774954000,1798663000,63226000,118219000,0,15.28,16.27,14.29,0.72,0.0118,1.33,11.15,16.61,0.38,0.2064,0,0.0145,0.4224,0.03,0.08,None
1999-06-30,160907908,482723724,3,39858887000,None,38985621000,None,659383000,213883000,0,0,0,284337000,123663000,123663000,0.77,0.76,0.15,-185238000,-999413000,1084943000,-99708000,54993000,0,14.62,15.77,13.46,0.6905,0.012,1.37,10.83,15.44,0.33,0.2111,0,0.0165,0.4224,0.03,-0.38,None
1999-03-31,162877395,488632185,3,38836766000,None,37962533000,None,660350000,213883000,0,0,0,264291000,113809000,113809000,0.7,0.69,0.15,482353000,-1727965000,1284401000,38789000,154701000,0,14.84,16.31,13.38,0.7297,0.0129,1.35,11.07,15.09,0.28,0.2006,0,0.017,0.4312,0.03,0.99,None
1998-12-31,162930556,488791668,3,37210009000,None,36342500000,None,653626000,213883000,0,0,0,282700000,110413000,110413000,0.67,0.67,0.15,-223014000,-1289839000,1547661000,34808000,115912000,0,13.07,16,10.13,0.7799,None,1.34,9.75,None,0.23,0.1892,0,0.0176,0.44,0.03,-0.46,None
1998-09-30,165708640,497125920,3,35942965000,None,35062714000,None,666368000,213883000,0,0,0,247513000,107812000,107812000,0.65,0.64,0.14,366977000,-771328000,425090000,20739000,81104000,0,13.16,17,9.33,None,None,1.34,10.53,None,0.18,None,0,0.0185,None,None,0.74,None
1998-06-30,167475866,502427598,3,35250112000,None,34405849000,None,630380000,213883000,0,0,0,309940000,144231000,144231000,0.86,0.84,0.14,-180207000,3384983000,-3212019000,-7243000,60365000,0,14.36,16.33,12.38,None,None,1.25,11.77,None,0.14,None,0,0.0179,None,None,-0.36,None
1998-03-31,170020683,510062049,3,38400786000,None,37565471000,None,621432000,213883000,0,0,0,299466000,139008000,139008000,0.81,0.8,0.14,160254000,1447201000,-1593869000,13586000,67608000,0,14.12,15.58,12.65,None,None,1.22,10.78,None,0.09,None,0,0.0162,None,None,0.31,None
1997-12-31,171264359,513793077,3,39908797000,None,39020342000,None,674572000,213883000,0,0,0,None,None,None,None,None,0,None,None,None,None,54022000,0,13.74,15.72,11.76,None,None,1.31,10.57,None,0.04,None,0,0.0169,None,None,None,None
1997-09-30,50466913,529902586,10.5,43018179000,None,42116510000,None,687786000,213883000,0,0,0,392516000,142593000,142593000,2.74,None,0.4399,235010000,2768298000,-5134630000,-2131322000,92117000,0,13.69,15.29,12.09,None,None,1.3,None,None,0.041895,None,0,0.016,None,None,0.44,None
