"Quarter end","Shares","Shares split adjusted","Split factor","Assets","Current Assets","Liabilities","Current Liabilities","Shareholders equity","Non-controlling interest","Preferred equity","Goodwill & intangibles","Long-term debt","Revenue","Earnings","Earnings available for common stockholders","EPS basic","EPS diluted","Dividend per share","Cash from operating activities","Cash from investing activities","Cash from financing activities","Cash change during period","Cash at end of period","Capital expenditures","Price","Price high","Price low","ROE","ROA","Book value of equity per share","P/B ratio","P/E ratio","Cumulative dividends per share","Dividend payout ratio","Long-term debt to equity ratio","Equity to assets ratio","Net margin","Asset turnover","Free cash flow per share","Current ratio"
2019-05-04,58457743,58457743,1,4766353000,2019332000,2824785000,1045605000,1941568000,0,0,4085000,0,1743029000,192221000,192221000,3.28,3.26,0,271678000,-279572000,-74526000,-82420000,326831000,71836000,321.29,359.69,282.9,0.3705,0.1911,33.21,10.38,29.5,1,0,0,0.4073,0.0992,1.93,3.42,1.9313
2019-02-02,58803744,58803744,1,3191172000,1914861000,1370954000,823736000,1820218000,0,0,4317000,0,2124716000,214674000,214674000,3.61,3.55,0,413913000,-65086000,-236520000,112307000,409251000,62985000,273.46,322.49,224.43,0.3632,0.2087,30.95,8.84,25.49,1,0,0,0.5704,0.098,2.13,5.97,2.3246
2018-11-03,59312145,59312145,1,3332691000,2025973000,1496955000,984083000,1835736000,0,0,16069000,0,1560011000,131166000,131166000,2.2,2.18,0,154211000,20670000,-115044000,59837000,296944000,114724000,260.43,290.3,230.56,0.362,0.2114,30.95,8.59,25.41,1,0,0,0.5508,0.0999,2.12,0.67,2.0587
2018-08-04,59770399,59770399,1,3073349000,1830158000,1260871000,758755000,1812478000,0,0,0,0,1488221000,148323000,148323000,2.47,2.46,0,110740000,20761000,-126280000,5221000,237107000,67432000,244.89,261.4,228.38,0.3582,0.2113,30.32,8.26,25.46,1,0,0,0.5897,0.0991,2.13,0.72,2.4121
2018-05-05,60179958,60179958,1,3022249000,1802699000,1238816000,745092000,1783433000,0,0,0,0,1543667000,164396000,164396000,2.71,2.7,0,277263000,-191452000,-131370000,-45559000,231886000,74259000,224.66,257.63,191.7,0.3474,0.2063,29.63,7.68,25.05,1,0,0,0.5901,0.0967,2.13,3.37,2.4194
2018-02-03,60611334,60611334,1,2908687000,1693743000,1134470000,642166000,1774217000,0,0,0,0,1937592000,208173000,208173000,3.42,3.39,0,450273000,-163075000,-56540000,230658000,277445000,103075000,220.55,249.3,191.8,0.3331,0.1991,29.27,8.32,28.2,1,0,0,0.61,0.0944,2.11,5.73,2.6375
2017-10-28,60992388,60992388,1,2834873000,1646288000,1218822000,714712000,1616051000,0,0,0,0,1342181000,104645000,104645000,1.71,1.7,0,109100000,-24429000,-130744000,-46073000,46787000,144429000,222.51,257.06,187.96,0.3025,0.1805,26.5,8.36,29.59,1,0,0,0.5701,0.0882,2.05,-0.58,2.3034
2017-07-29,61430613,61430613,1,2702217000,1592494000,1066867000,570277000,1635350000,0,0,0,0,1289854000,114193000,114193000,1.84,1.83,0,44249000,-146456000,-126658000,-228865000,92860000,116456000,279.24,314.86,243.61,0.2995,0.1789,26.62,10.55,39.22,1,0,0,0.6052,0.0884,2.02,-1.18,2.7925
2017-04-29,62032502,62032502,1,2707601000,1672972000,1065944000,584252000,1641657000,0,0,0,0,1314879000,128223000,128223000,2.06,2.05,0,175744000,-196754000,-42275000,-63285000,321725000,76754000,277.83,289.27,266.4,0.2956,0.1763,26.46,11.14,42.61,1,0,0,0.6063,0.0875,2.01,1.6,2.8634
2017-01-28,62132265,62132265,1,2551878000,1536237000,1001660000,529343000,1550218000,0,0,0,0,1580574000,140218000,140218000,2.25,2.24,0,311667000,-12544000,-47221000,251902000,385010000,92544000,249.56,273.99,225.13,0.2869,0.1702,24.95,10.7,41.87,1,0,0,0.6075,0.0844,2.02,3.53,2.9022
2016-10-29,62232788,62232788,1,2551201000,1538465000,1099117000,654640000,1452084000,0,0,0,0,1131232000,87562000,87562000,1.4,1.4,0,103388000,-131608000,-32756000,-60976000,133108000,131608000,254.37,278.63,230.1,0.2692,0.1622,23.33,11.4,44.86,1,0,0,0.5692,0.0831,1.95,-0.45,2.3501
2016-07-30,62369759,62369759,1,2305788000,1376082000,913851000,492245000,1391937000,0,0,0,0,1069215000,90004000,90004000,1.44,1.43,0,52699000,-75274000,-22595000,-45170000,194084000,95274000,232.2,262.12,202.28,0.2611,0.1605,22.32,10.99,43.08,1,0,0,0.6037,0.0835,1.92,-0.68,2.7955
2016-04-30,62454627,62454627,1,2218950000,1338417000,899262000,495734000,1319688000,0,0,0,0,1073716000,91976000,91976000,1.46,1.45,0,166931000,-54321000,-219196000,-106586000,239254000,54321000,179.84,212.92,146.77,0.2518,0.1567,21.13,7.81,36.11,1,0,0,0.5947,0.0836,1.88,1.8,2.6999
2016-01-30,62618206,62618206,1,2230918000,1375173000,788032000,396227000,1442886000,0,0,0,0,1268295000,107823000,107823000,1.69,1.68,0,226901000,-47049000,-43564000,136288000,345840000,67258000,170,188.48,151.52,0.2343,0.1477,23.04,7.88,36.48,1,0,0,0.6468,0.0815,1.81,2.55,3.4707
2015-10-31,63699389,63699389,1,2239998000,1388190000,865839000,457976000,1374159000,0,0,0,0,910700000,71070000,71070000,1.11,1.11,0,23277000,-94691000,-44248000,-115662000,209552000,94691000,148.57,176.77,120.38,0.2274,0.1423,21.57,7.07,33.31,1,0,0,0.6135,0.0809,1.76,-1.12,3.0311
2015-08-01,63939120,63939120,1,2115910000,1316085000,772121000,370214000,1343789000,0,0,0,0,876999000,74169000,74169000,1.16,1.15,0,57404000,-80596000,-37601000,-60793000,325214000,80596000,160.17,171.21,149.12,0.2264,0.142,21.02,7.89,37.69,1,0,0,0.6351,0.0813,1.75,-0.36,3.5549
2015-05-02,64232738,64232738,1,2077951000,1325201000,774966000,383664000,1302985000,0,0,0,0,868122000,66946000,66946000,1.04,1.04,0,68292000,-56622000,-14812000,-3142000,386007000,56622000,143.54,158.97,128.11,0.2255,0.1412,20.29,7.39,36.07,1,0,0,0.6271,0.0807,1.75,0.18,3.4541
2015-01-31,64230316,64230316,1,1983170000,1260355000,735661000,359594000,1247509000,0,0,0,0,1047641000,87264000,87264000,1.36,1.36,0,250442000,-126778000,-29575000,94089000,389149000,76569000,127.37,136.08,118.66,0.2226,0.1393,19.42,6.91,34.24,1,0,0,0.629,0.0793,1.76,2.71,3.5049
2014-11-01,64365655,64365655,1,1922759000,1230742000,736426000,369711000,1186333000,0,0,0,0,745722000,59124000,59124000,0.92,0.91,0,12922000,-78255000,-2665000,-67998000,295060000,78401000,107,121.56,92.45,0.2199,0.1374,18.43,6.12,30.48,1,0,0,0.617,0.0786,1.75,-1.02,3.3289
2014-08-02,64376784,64376784,1,1779812000,1127693000,653771000,300141000,1126041000,0,0,0,0,734236000,60794000,60794000,0.94,0.94,0,59535000,-155137000,1951000,-93651000,363058000,54991000,90.95,97.11,84.79,0.2204,0.1371,17.49,5.52,27.81,1,0,0,0.6327,0.0773,1.77,0.07,3.7572
2014-05-03,64324524,64324524,1,1699225000,1090490000,639469000,302419000,1059756000,0,0,0,0,713770000,49953000,49953000,0.78,0.77,0,73693000,-39106000,2646000,37233000,456709000,39106000,93.9,104.3,83.5,0.2191,0.1355,16.48,6.02,29.81,1,0,0,0.6237,0.0753,1.8,0.54,3.6059
2014-02-01,64295291,64295291,1,1602727000,1002697000,599633000,266811000,1003094000,0,0,0,0,868082000,70682000,70682000,1.1,1.1,0,227592000,-49058000,26000,178560000,419476000,49058000,106.22,131.5,80.93,0.2257,0.1384,15.6,7.35,34.71,1,0,0,0.6259,0.076,1.82,2.78,3.7581
2013-11-02,64232412,64232412,1,1535347000,941302000,607028000,287614000,928319000,0,0,0,0,618781000,45430000,45430000,0.71,0.7,0,15613000,-78937000,18030000,-45294000,240916000,78937000,113.04,128.85,97.24,0.2328,0.1422,14.45,8.4,38.32,1,0,0,0.6046,0.0768,1.85,-0.99,3.2728
2013-08-03,63924139,63924139,1,1391992000,846787000,531530000,232745000,860462000,0,0,0,0,600998000,44911000,44911000,0.7,0.7,0,41685000,-56025000,7336000,-7004000,286210000,56025000,93.8,103.47,84.13,0.2399,0.1448,13.46,7.44,33.62,1,0,0,0.6182,0.0774,1.87,-0.22,3.6383
2013-05-04,63766528,63766528,1,1331577000,828615000,527853000,248067000,803724000,0,0,0,0,582712000,41826000,41826000,0.66,0.65,0,42835000,-42004000,-28092000,-27261000,293214000,42004000,86.81,99.66,73.96,0.2444,0.1472,12.6,7.02,32.39,1,0,0,0.6036,0.0771,1.91,0.01,3.3403
2013-02-02,63670003,63670003,1,1275249000,789324000,488307000,221067000,786942000,0,0,0,0,758835000,64532000,64532000,1.01,1.01,0,161543000,-44548000,11756000,128751000,320475000,44548000,94.46,101.99,86.93,0.2539,0.1499,12.36,8.52,39.36,1,0.3648,0,0.6171,0.0777,1.93,1.84,3.5705
2012-10-27,63773520,63773520,1,1233246000,766081000,526246000,275531000,707000000,0,0,0,0,505640000,38151000,38151000,0.6,0.59,0,41226000,-72692000,25789000,-5677000,191724000,72692000,92.64,101.54,83.74,0.2453,0.144,11.09,9.16,41.54,1,0.4079,0,0.5733,0.0755,1.91,-0.49,2.7804
2012-07-28,63247830,63247830,1,1038769000,617706000,399084000,169388000,639685000,0,0,0,0,481683000,34998000,34998000,0.55,0.54,0,23686000,-46539000,-46091000,-68944000,197401000,46539000,90.74,97.7,83.78,0.245,0.1435,10.11,9.77,43.84,1,0.4404,0,0.6158,0.0732,1.96,-0.36,3.6467
2012-04-28,62942562,62942562,1,1058001000,673097000,473096000,257448000,584905000,0,0,0,0,474098000,34868000,34868000,0.56,0.54,1,12546000,-24799000,24860000,12607000,266345000,24799000,85.86,95.56,76.15,0.2428,0.1402,9.29,9.17,45.19,1,0.4774,0,0.5528,0.0707,1.98,-0.19,2.6145
2012-01-28,62474444,62474444,1,957217000,580232000,372513000,164855000,584704000,0,0,0,0,582511000,46295000,46295000,0.75,0.73,0,143427000,-30941000,10595000,123081000,253738000,30941000,71.44,78.8,64.09,0.2362,0.1387,9.36,8.43,43.56,0,0,0,0.6108,0.0677,2.05,1.8,3.5197
2011-10-29,61890609,61890609,1,930072000,556278000,405640000,215159000,524432000,0,0,0,0,413067000,26768000,26768000,0.44,0.42,0,16523000,-45016000,16605000,-11888000,130657000,45016000,60.88,72.86,48.89,0.2245,0.1284,8.47,7.82,41.99,0,0,0,0.5639,0.0624,2.06,-0.46,2.5854
2011-07-30,61347990,61347990,1,815848000,464272000,337816000,155608000,478032000,0,0,0,0,394567000,23905000,23905000,0.39,0.38,0,56500000,-33139000,2373000,25734000,142545000,33139000,59.16,68.7,49.61,0.2179,0.1211,7.79,8.06,45.86,0,0,0,0.5859,0.0574,2.11,0.38,2.9836
2011-04-30,61197344,61197344,1,765807000,433660000,316441000,147998000,449366000,0,0,0,0,386006000,23296000,23296000,0.38,0.37,0,4437000,-19540000,20729000,5626000,116811000,19540000,44.96,53.19,36.73,0.211,0.115,7.34,6.77,39.1,0,0,0,0.5868,0.053,2.17,-0.25,2.9302
2011-01-29,60654795,60654795,1,730488000,404389000,327955000,163357000,402533000,0,0,0,0,473659000,30104000,30104000,0.51,0.47,0,106050000,-22350000,19134000,102834000,111185000,22350000,34.13,37.85,30.41,0.2043,0.109,6.64,5.8,33.46,0,0,0,0.551,0.0488,2.23,1.38,2.4755
2010-10-30,59456027,59456027,1,709422000,378032000,359883000,204053000,349539000,0,0,0,0,339179000,14203000,14203000,0.24,0.23,0,30368000,-42181000,4248000,-7565000,8351000,42181000,27.25,32.33,22.18,0.191,0.1007,5.88,4.9,29.3,0,0,0,0.4927,0.0444,2.27,-0.2,1.8526
2010-07-31,58978447,58978447,1,599325000,297992000,271414000,130149000,327911000,0,0,0,0,321804000,13062000,13062000,0.22,0.22,0,30308000,-24886000,1824000,7246000,15916000,24886000,23.71,26.18,21.24,0.1845,0.0946,5.56,4.47,29.27,0,0,0,0.5471,0.0419,2.26,0.09,2.2896
2010-05-01,58623805,58623805,1,567763000,281997000,257225000,122222000,310538000,0,0,0,0,320196000,13661000,13661000,0.23,0.23,0,9817000,-7698000,2534000,4653000,8670000,7698000,21.32,25.36,17.29,0.1699,0.084,5.3,4.25,32.3,0,0,0,0.547,0.0377,2.23,0.04,2.3073
2010-01-30,58293399,58293399,1,553635000,262774000,261027000,126357000,292608000,0,0,0,0,396364000,20226000,20226000,0.34,0.34,0,57895000,-18715000,-38958000,222000,4017000,18715000,18.38,21.61,15.14,0.1467,0.0686,5.02,3.95,34.68,0,0,0,0.5285,0.0322,2.13,0.67,2.0796
2009-10-31,58103711,58103711,1,621229000,327483000,350975000,195648000,270254000,0,0,0,24527000,284043000,8460000,8460000,0.15,0.14,0,45061000,-19634000,-25295000,132000,3795000,19634000,13.85,17.44,10.25,0.1225,0.0544,4.65,3.1,28.85,0,0,0.0908,0.435,0.0269,2.02,0.44,1.6738
2009-08-01,57910481,57910481,1,547957000,259420000,288901000,120675000,259056000,0,0,0,42365000,273539000,5750000,5750000,0.1,0.1,0,51914000,-17436000,-34655000,-177000,3663000,17436000,9.96,11.56,8.36,0.1134,0.0484,4.47,2.29,22.64,0,0,0.1635,0.4728,0.0246,1.97,0.6,2.1497
2009-05-02,57779793,57779793,1,570943000,284803000,319622000,109791000,251321000,0,0,0,88047000,268825000,4920000,4920000,0.09,0.08,0,17957000,-12320000,-5435000,202000,3840000,12320000,6.52,8.75,4.29,0.1089,0.0451,4.35,1.54,15.16,0,0,0.3503,0.4402,0.0233,1.94,0.1,2.594
2009-01-31,57744488,57744488,1,568932000,276708000,323964000,117013000,244968000,0,0,0,88047000,341394000,12288000,12288000,0.21,0.21,0,45721000,-14255000,-31476000,-10000,3638000,14255000,8.03,10.3,5.76,0.1099,None,4.24,2,None,0,0,0.3594,0.4306,0.0233,1.93,0.54,2.3648
2008-11-01,57671142,57671142,1,623312000,327112000,392204000,205688000,231108000,0,0,0,86390000,254843000,5017000,5017000,0.09,0.09,0,8428000,-28536000,20501000,393000,3648000,28536000,11.38,14.7,8.05,None,None,4.01,2.92,None,0,None,0.3738,0.3708,None,None,-0.35,1.5903
2008-08-02,57529182,57529182,1,533667000,251209000,309316000,129635000,224351000,0,0,0,86390000,249111000,3688000,3688000,0.06,0.06,0,22471000,-37527000,14336000,-720000,3255000,37527000,12.21,14.99,9.43,None,None,3.9,3.2,None,0,None,0.3851,0.4204,None,None,-0.26,1.9378
2008-05-03,57462294,57462294,1,526839000,267636000,307943000,141141000,218896000,0,0,0,86391000,239298000,4275000,4275000,0.08,0.07,0,-1417000,-30545000,32148000,186000,3975000,30545000,13.21,15.92,10.49,None,None,3.81,3.56,None,0,None,0.3947,0.4155,None,None,-0.56,1.8962
2008-02-02,56995738,56995738,1,469413000,228944000,257910000,111905000,211503000,0,0,0,74770000,None,None,None,None,None,0,49784000,-27218000,-22289000,277000,3789000,27218000,22.02,32.25,11.78,None,None,3.71,None,None,0,None,0.3535,0.4506,None,None,0.4,2.0459
2007-11-03,56810994,56810994,1,503052000,272394000,305309000,183616000,197743000,0,223059000,0,55038000,208235000,4206000,608000,0.06,0.05,0,None,None,None,None,3512000,0,32.26,35.63,28.89,None,None,-0.45,None,None,0,None,None,None,None,None,None,1.4835
