"Quarter end","Shares","Shares split adjusted","Split factor","Assets","Current Assets","Liabilities","Current Liabilities","Shareholders equity","Non-controlling interest","Preferred equity","Goodwill & intangibles","Long-term debt","Revenue","Earnings","Earnings available for common stockholders","EPS basic","EPS diluted","Dividend per share","Cash from operating activities","Cash from investing activities","Cash from financing activities","Cash change during period","Cash at end of period","Capital expenditures","Price","Price high","Price low","ROE","ROA","Book value of equity per share","P/B ratio","P/E ratio","Cumulative dividends per share","Dividend payout ratio","Long-term debt to equity ratio","Equity to assets ratio","Net margin","Asset turnover","Free cash flow per share","Current ratio"
2011-05-29,253273331,253273331,1,2395300000,1598600000,1544800000,195500000,850500000,0,0,68300000,1042800000,374100000,67100000,67100000,0.27,0.28,0.1,146500000,-17800000,104500000,233200000,1093500000,18600000,19.18,24.6,13.76,0.4649,0.136,3.36,7.16,15.22,1.46,0.3109,1.2261,0.3551,0.1965,0.69,0.5,8.177
2011-02-27,242834280,242834280,1,2172200000,1345500000,1522500000,161400000,649700000,0,0,68300000,1042600000,343900000,59400000,59400000,0.25,0.24,0.1,59300000,-66400000,-11400000,-18500000,860300000,37100000,14.61,15.92,13.29,0.5795,0.1435,2.68,6.01,11.78,1.36,0.2789,1.6047,0.2991,0.2013,0.71,0.09,8.3364
2010-11-28,241141890,241141890,1,2153100000,1331700000,1566700000,206800000,586400000,0,0,68300000,1044400000,390400000,83500000,83500000,0.35,0.34,0.1,122500000,-24300000,1900000,100100000,878800000,23700000,12.98,14.13,11.84,0.6611,0.1417,2.43,6.43,11.8,1.26,0.2674,1.781,0.2724,0.195,0.73,0.41,6.4396
2010-08-29,239566095,239566095,1,2068700000,1239800000,1584700000,263500000,484000000,0,0,68300000,1013600000,412000000,88800000,88800000,0.37,0.36,0.08,45200000,-25600000,-267900000,-248300000,778700000,22500000,13.71,15.01,12.41,0.6906,0.1259,2.02,7.7,15.76,1.16,0.2848,2.0942,0.234,0.1768,0.71,0.09,4.7051
2010-05-30,239324550,239324550,1,2274800000,1470900000,1848900000,548400000,425900000,0,0,66100000,1001000000,398500000,79200000,79200000,0.33,0.32,0.08,156700000,-16900000,18600000,158400000,1027000000,16300000,14.56,16,13.12,0.6381,0.0991,1.78,9.97,53.93,1.08,0.364,2.3503,0.1872,0.1474,0.67,0.59,2.6822
2010-02-28,238062353,238062353,1,2102900000,1255800000,1755600000,564200000,347300000,0,0,66100000,906200000,361900000,53200000,53200000,0.22,0.22,0.08,86600000,-4500000,-35200000,46900000,868600000,9600000,14.42,15.7,13.14,0.2496,0.0326,1.46,11.54,103,1,1.1421,2.6093,0.1652,0.0509,0.64,0.32,2.2258
2009-11-29,237812454,237812454,1,2075500000,1234200000,1779300000,558900000,296200000,0,0,66100000,921800000,344600000,47000000,47000000,0.2,0.2,0.08,128000000,-15100000,-25300000,87600000,821700000,8400000,14.36,16.2,12.52,0.1414,0.0168,1.25,14.08,143.6,0.92,2.1944,3.1121,0.1427,0.0278,0.61,0.5,2.2083
2009-08-30,236611596,236611596,1,1991500000,1152400000,1749600000,497000000,241900000,0,0,61500000,962900000,314400000,29800000,29800000,0.13,0.13,0.08,31600000,-5200000,7400000,33800000,734100000,5900000,13.72,15.85,11.6,0.1063,0.0114,1.02,18.05,45.73,0.84,2.9696,3.9806,0.1215,0.0179,0.64,0.11,2.3187
2009-05-31,234058310,234058310,1,1963300000,1087200000,1786300000,275600000,177000000,0,0,61500000,1227400000,280800000,-63700000,-63700000,-0.28,-0.28,0.08,68600000,-11900000,-133500000,-76800000,700300000,7900000,11.66,14,9.31,0.347,0.0352,0.76,10.6,12.67,0.76,0.8817,6.9345,0.0902,0.0502,0.7,0.26,3.9448
2009-03-01,229615290,229615290,1,2113400000,1136000000,1860700000,388400000,252700000,0,0,60500000,1244400000,292400000,21100000,21100000,0.09,0.09,0.08,38200000,-14800000,-32200000,-8800000,777100000,20200000,10.62,12.17,9.06,None,0.1034,1.1,11.42,9.48,0.68,0.2719,4.9244,0.1196,0.1341,0.77,0.08,2.9248
2008-11-23,229368602,229368602,1,2148500000,1184000000,1935400000,320200000,213100000,0,0,60500000,1383400000,421600000,36300000,36300000,0.16,0.16,0.06,161900000,-30100000,-38400000,93400000,785900000,32200000,15.77,22.51,9.02,None,0.1257,0.93,17.92,12.22,0.6,0.2061,6.4918,0.0992,0.1509,0.83,0.57,3.6977
2008-08-24,229500712,229500712,1,2108100000,1125700000,1906000000,270000000,202100000,0,0,60500000,1397400000,465600000,79600000,79600000,0.35,0.33,0.06,92100000,-24900000,-111500000,-44300000,692500000,22300000,22.12,24.75,19.48,None,0.1489,0.88,26.02,17.56,0.54,0.1608,6.9144,0.0959,0.1736,0.86,0.3,4.1693
2008-05-25,232802163,232802163,1,2149100000,1171600000,1952200000,308600000,196900000,0,0,60500000,1414800000,462000000,83200000,83200000,0.34,0.34,0.06,126200000,-32000000,-228400000,-134200000,736800000,31900000,19.08,21.95,16.21,None,0.1466,0.85,17.83,15.26,0.48,0.1483,7.1854,0.0916,0.1762,0.83,0.41,3.7965
2008-02-24,242512440,242512440,1,2247900000,1297300000,1988600000,321500000,259300000,0,0,60500000,1428800000,453400000,72900000,72900000,0.3,0.29,0.06,208000000,-26000000,-144900000,37100000,871000000,26300000,20.84,24.96,16.73,0.4978,0.1488,1.07,19.12,17.66,0.42,0.1359,5.5102,0.1154,0.1804,0.82,0.75,4.0351
2007-11-25,254887812,254887812,1,2260200000,1318800000,1982900000,292900000,277300000,0,0,63600000,1442700000,499000000,90600000,90600000,0.35,0.33,0.04,184600000,-30100000,-282400000,-127900000,833900000,25600000,24.73,27.7,21.76,0.3239,0.1496,1.09,14.81,22.08,0.36,0.1297,5.2027,0.1227,0.1831,0.82,0.62,4.5026
2007-08-26,264007131,264007131,1,2409400000,1469700000,1969000000,262400000,440400000,0,0,63600000,1457100000,471500000,85600000,85600000,0.32,0.3,0.04,125500000,-13900000,21600000,133200000,961800000,10900000,26.88,29.69,24.08,0.2405,0.1504,1.67,4.15,22.97,0.32,0.1275,3.3086,0.1828,0.1832,0.82,0.43,5.601
2007-05-27,270113001,270113001,1,2201900000,1290500000,453100000,300000000,1748800000,0,0,63600000,20600000,455900000,90100000,90100000,0.32,0.33,0.04,186800000,-17300000,-118600000,50900000,828600000,17700000,25.8,28.08,23.52,0.2138,0.1673,6.47,4.67,22.05,0.28,0.1136,0.0118,0.7942,0.1945,0.86,0.63,4.3017
2007-02-25,313500098,313500098,1,2218600000,1269700000,486500000,292400000,1732100000,0,0,63600000,20600000,431000000,73700000,73700000,0.23,0.22,0.04,164700000,-23900000,-143700000,-2900000,777700000,17100000,23.7,25.76,21.65,0.2244,0.1741,5.53,4.32,17.95,0.24,0.1036,0.0119,0.7807,0.1974,0.88,0.47,4.3423
2006-11-26,318675913,318675913,1,2232600000,1274100000,485200000,293400000,1747400000,0,0,57300000,21100000,501600000,91400000,91400000,0.28,0.27,0.03,132200000,-31300000,-160600000,-59700000,780600000,29700000,24.25,25.81,22.7,0.2487,0.1926,5.48,4.39,17.7,0.2,0.0857,0.0121,0.7827,0.2128,0.9,0.32,4.3425
2006-08-27,324227988,324227988,1,2321600000,1344700000,527000000,361300000,1794600000,0,0,57300000,200000,541400000,120100000,120100000,0.36,0.35,0.03,133200000,64100000,-289200000,-91900000,840300000,40900000,23.61,26.66,20.56,0.2566,0.1979,5.53,4.1,18.74,0.17,0.0757,0.0001,0.773,0.2193,0.9,0.28,3.7218
2006-05-28,334465588,334465588,1,2511100000,1540500000,585000000,398300000,1926100000,0,0,57300000,21100000,572600000,118800000,118800000,0.34,0.33,0.03,227800000,-7600000,-140100000,80100000,932200000,63200000,27.95,30.93,24.98,0.2327,0.1805,5.76,4.87,21.84,0.14,0.0752,0.011,0.767,0.2081,0.87,0.49,3.8677
2006-02-26,337612173,337612173,1,2498200000,1540700000,560200000,380100000,1938000000,0,0,59700000,21100000,547700000,130100000,130100000,0.39,0.37,0.03,201800000,-38000000,-126100000,37700000,852100000,53200000,27.43,29.55,25.31,0.2347,0.1852,5.74,4.92,24.49,0.11,0.0666,0.0109,0.7758,0.2244,0.83,0.44,4.0534
2005-11-27,337485942,337485942,1,2446200000,1479400000,563300000,383800000,1882900000,0,0,64900000,21100000,544000000,114700000,114700000,0.34,0.32,0.02,213600000,-35300000,-224400000,-46100000,814400000,32900000,23.95,26.67,21.24,0.2113,0.1682,5.58,4.17,23.03,0.08,0.0675,0.0112,0.7697,0.2088,0.81,0.54,3.8546
2005-08-28,343671653,343671653,1,2497800000,1526200000,523500000,347400000,1974300000,0,0,64900000,22100000,493800000,85600000,85600000,0.25,0.24,0.02,152600000,44900000,-204100000,-6600000,860500000,12800000,22.66,25.81,19.5,0.1991,0.16,5.74,3.81,20.41,0.06,0.0542,0.0112,0.7904,0.2061,0.78,0.41,4.3932
2005-05-29,345741784,345741784,1,2504200000,1513500000,450100000,285000000,2054100000,0,0,87200000,23000000,467000000,130200000,130200000,0.37,0.35,0.02,167700000,27100000,-60400000,134400000,867100000,13300000,20.02,21.67,18.38,0.2201,0.1753,5.94,3.86,20.02,0.04,0.0335,0.0112,0.8203,0.2171,0.81,0.45,5.3105
2005-02-27,349078971,349078971,1,2250600000,1244700000,439300000,271300000,1811300000,0,0,173300000,23600000,449200000,77400000,77400000,0.22,0.21,0.02,128700000,-14300000,-132800000,-18400000,732700000,9800000,17.64,20.35,14.94,0.2115,0.164,5.19,3.37,17.13,0.02,0.0184,0.013,0.8048,0.188,0.87,0.34,4.5879
2004-11-28,355305856,355305856,1,2330200000,1305100000,472100000,309200000,1858100000,0,0,173300000,22100000,448900000,90000000,90000000,0.25,0.24,0,112500000,-20100000,-64800000,27600000,751100000,18500000,14.64,17.44,11.85,0.2254,0.1714,5.23,2.88,15.25,0,0,0.0119,0.7974,0.1897,0.9,0.26,4.2209
2004-08-29,358136089,358136089,1,2390000000,1341800000,565300000,398900000,1824700000,0,0,173300000,21900000,548000000,117700000,117700000,0.33,0.31,0,119600000,-62600000,23600000,80600000,723500000,55000000,17.81,22.44,13.18,0.2223,0.1654,5.09,3.78,24.4,0,0,0.012,0.7635,0.176,0.94,0.18,3.3638
2004-05-30,356718621,356718621,1,2280400000,1245800000,599900000,461300000,1680500000,0,0,173300000,19900000,571200000,94200000,94200000,0.25,0.24,0,172600000,-51100000,-111000000,10500000,642900000,61500000,21.59,24.35,18.83,0.1713,0.1279,4.71,4.7,44.98,0,0,0.0118,0.7369,0.1426,0.9,0.31,2.7006
2004-02-29,179383685,358767370,2,2220200000,1263400000,574700000,388800000,1645500000,0,0,173300000,19900000,513600000,93100000,93100000,0.52,0.48,0,142500000,-31500000,7900000,118900000,632400000,54800000,20.29,22.63,17.95,0.1111,0.0837,4.59,4.74,144.93,0,0,0.0121,0.7411,0.1003,0.83,0.24,3.2495
2003-11-23,178045016,356090032,2,2076700000,1124300000,554100000,373200000,1522600000,0,0,173300000,19900000,473500000,65800000,65800000,0.37,0.34,0,137400000,-43900000,-301400000,-207900000,513500000,57500000,17.68,22.3,13.05,0.0325,0.0248,4.28,3.74,None,0,0,0.0131,0.7332,0.0317,0.78,0.22,3.0126
2003-08-24,185383175,370766350,2,2265000000,1330300000,510100000,330100000,1754900000,0,0,173300000,20600000,424800000,29700000,29700000,0.17,0.16,0,25200000,-125700000,19700000,-80800000,721400000,41500000,12,14.8,9.19,-0.0028,-0.0022,4.73,2.59,None,0,None,0.0117,0.7748,None,0.74,-0.04,4.03
2003-05-25,183806274,367612548,2,2244600000,1281200000,538600000,367400000,1706000000,0,0,173300000,19900000,425300000,-4400000,-4400000,-0.02,-0.02,0,83400000,-53600000,13200000,43000000,802200000,34200000,10.06,12.4,7.72,-0.019,-0.0147,4.64,2.1,None,0,None,0.0117,0.76,None,0.74,0.13,3.4872
2003-02-23,182456701,364913402,2,2238900000,1229900000,490400000,375300000,1748500000,0,0,173300000,19900000,404300000,-36400000,-36400000,-0.2,-0.2,0,30700000,33900000,8200000,72800000,759200000,24900000,8.52,10.76,6.27,-0.0067,-0.0052,4.79,1.74,None,0,None,0.0114,0.781,None,0.73,0.02,3.2771
2002-11-24,181681544,363363088,2,2303900000,1078800000,521200000,409000000,1782700000,0,0,173300000,19500000,422300000,6200000,6200000,0.03,0.03,0,95200000,-134900000,7100000,-32600000,686400000,49000000,7.32,9.67,4.97,-0.0075,-0.0058,4.91,1.5,None,0,None,0.0109,0.7738,None,0.71,0.13,2.6377
2002-08-25,180939806,361879612,2,2265100000,1136500000,498600000,388800000,1766500000,0,0,173300000,21800000,420600000,1300000,1300000,0.01,0.01,0,11800000,17100000,8800000,37700000,719000000,60900000,12.29,16.87,7.72,-0.0376,-0.029,4.88,2.49,None,0,None,0.0123,0.7799,None,0.69,-0.14,2.9231
2002-05-26,180799043,361598086,2,2288800000,1073100000,507700000,403800000,1781100000,0,0,173300000,20400000,419500000,17100000,17100000,0.08,0.08,0,66500000,-52700000,13400000,27200000,681300000,31800000,15.55,18.65,12.46,-0.0697,-0.0535,4.93,3.19,None,0,None,0.0115,0.7782,None,0.66,0.1,2.6575
2002-02-24,179221864,358443728,2,2276000000,1095300000,527000000,403800000,1749000000,0,0,159700000,21200000,369500000,-37800000,-37800000,-0.21,-0.21,0,13800000,-95100000,27200000,-54100000,654100000,20800000,14.98,17.45,12.52,-0.1051,-0.0798,4.88,3.08,None,0,None,0.0121,0.7685,None,0.64,-0.02,2.7125
2001-11-25,177646177,355292354,2,2274400000,1126800000,549200000,424400000,1725200000,0,0,159700000,23800000,366500000,-46600000,-46600000,-0.26,-0.26,0,43800000,-65400000,28700000,7100000,708200000,43000000,13.7,17.55,9.85,-0.0603,-0.0452,4.86,2.78,137,0,None,0.0138,0.7585,None,0.67,0,2.655
2001-08-26,175913016,351826032,2,2281100000,1152000000,545000000,422100000,1736100000,0,0,159700000,24800000,339300000,-54600000,-54600000,-0.31,-0.31,0,-23800000,-110100000,17200000,-116700000,701100000,42400000,14.96,17.48,12.43,0.0262,0.0195,4.93,2.96,23.94,0,0,0.0143,0.7611,0.0259,0.75,-0.19,2.7292
2001-05-27,174645429,349290858,2,2362300000,1275000000,594400000,471800000,1767900000,0,0,136200000,26200000,401200000,-44400000,-44400000,-0.26,-0.26,0,39400000,-52700000,-10700000,-24000000,817800000,59200000,12.67,15.48,9.86,0.1351,0.0994,5.06,2.4,11.07,0,0,0.0148,0.7484,0.1163,0.85,-0.06,2.7024
2001-02-25,173428952,346857904,2,2502100000,1391200000,667800000,544800000,1834300000,0,0,0,33700000,475600000,39200000,39200000,0.23,0.21,0,133900000,-97500000,-40600000,-4200000,841800000,47200000,11.64,14.71,8.56,0.2484,0.1792,5.29,2.22,6.19,0,0,0.0184,0.7331,0.1924,0.93,0.25,2.5536
2000-11-26,174231046,348462092,2,2482500000,1458800000,651500000,545400000,1825800000,5200000,0,0,39500000,595000000,106700000,106700000,0.6,0.56,0,198900000,-75600000,-113800000,9500000,846000000,70200000,16.91,23.97,9.85,0.4308,0.3026,5.24,3.27,9.17,0,0,0.0216,0.7355,0.3077,0.98,0.37,2.6747
2000-08-27,178589384,357178768,2,2545000000,1527100000,698400000,588000000,1846600000,0,0,0,44100000,640800000,144200000,144200000,0.81,0.74,0,116000000,-72800000,14500000,57700000,836500000,51000000,26.29,36.94,15.63,0.4584,0.3085,5.17,5.7,16.43,0,0,0.0239,0.7256,0.3122,0.99,0.18,2.5971
2000-05-28,178045632,356091264,2,2382200000,1467600000,738900000,627700000,1643300000,0,0,0,48600000,596000000,153900000,153900000,0.87,0.78,0,199400000,-64600000,-53500000,81300000,778800000,75800000,32.42,42.97,21.88,0.4455,0.2766,4.61,7.7,None,0,0,0.0296,0.6898,0.2901,0.95,0.35,2.3381
2000-02-27,176541051,353082102,2,2273100000,1361700000,787000000,609600000,1486100000,0,0,0,112300000,548900000,327800000,327800000,1.88,1.68,0,100600000,150300000,43800000,294700000,697500000,34900000,28.64,37,20.28,-0.2621,-0.1466,4.21,7.7,None,0,None,0.0756,0.6538,None,0.94,0.19,2.2338
1999-11-28,172958061,345916122,2,2108400000,993200000,820300000,630200000,1288100000,0,0,0,124100000,513900000,92000000,92000000,0.53,0.49,0,124200000,94300000,-244600000,-26100000,402800000,28900000,16.55,21.34,11.75,-0.5363,-0.2901,3.72,4.91,None,0,None,0.0963,0.6109,None,0.85,0.28,1.576
1999-08-29,171518970,343037940,2,2212500000,1043900000,1056000000,598900000,1156500000,0,0,0,393400000,481100000,47100000,47100000,0.28,0.25,0,-24500000,27500000,7200000,10200000,428900000,21700000,12.21,15.56,8.85,-0.6353,-0.3402,3.37,4.59,None,0,None,0.3402,0.5227,None,0.78,-0.13,1.743
1999-05-30,169138208,338276416,2,2044300000,989200000,1143500000,665000000,900800000,0,0,0,416300000,477000000,-783500000,-783500000,-4.65,-4.65,0,28600000,-53800000,-13900000,-39100000,418700000,42900000,7.91,11.38,4.44,-0.6721,-0.3727,2.66,1.6,None,0,None,0.4621,0.4406,None,0.72,-0.04,1.4875
1999-02-28,167970413,335940826,2,2896000000,1124800000,1232000000,730400000,1664000000,0,0,0,444300000,500100000,-27200000,-27200000,-0.16,-0.16,0,90500000,-110100000,56300000,36700000,457800000,104300000,6.97,8.81,5.13,-0.2562,-0.1501,4.95,1.39,None,0,None,0.267,0.5746,None,0.69,-0.04,1.54
1998-11-29,167025645,334051290,2,2936200000,1140200000,1255400000,805700000,1680800000,0,0,0,394000000,510100000,-94400000,-94400000,-0.57,-0.57,0,114500000,-80500000,10900000,44900000,421100000,82200000,5.8,7.88,3.72,-0.2153,-0.1286,5.03,1.09,None,0,None,0.2344,0.5724,None,0.71,0.1,1.4152
1998-08-30,166173456,332346912,2,2962600000,1150800000,1197600000,743500000,1765000000,0,0,0,398500000,469600000,-104800000,-104800000,-0.63,-0.63,0,-7500000,-72800000,-4300000,-84600000,376200000,73900000,6.63,8.44,4.82,-0.1417,-0.0854,5.31,1.18,None,0,None,0.2258,0.5958,None,0.75,-0.24,1.5478
1998-05-31,165453237,330906474,2,3100700000,1308200000,1241800000,793600000,1858900000,0,0,0,390700000,565900000,-219900000,-219900000,-1.28,-1.28,0,21800000,-192000000,-2300000,-172500000,460800000,108100000,10.08,12.28,7.88,-0.0505,-0.0307,5.62,1.61,27.24,0,None,0.2102,0.5995,None,0.79,-0.26,1.6484
1998-03-01,164840534,329681068,2,3345400000,1568400000,1278900000,842600000,2066500000,0,0,0,383800000,650100000,22300000,22300000,0.14,0.13,0,80300000,-164600000,-16800000,-101100000,633300000,147600000,14.29,17.82,10.75,0.0622,0.0379,6.27,2.31,14.29,0,0,0.1857,0.6177,0.0466,0.81,-0.2,1.8614
1997-11-23,164233744,328467488,2,3399100000,1699000000,1370000000,1005800000,2029100000,0,0,0,306400000,719900000,28900000,28900000,0.17,0.17,0,115900000,-139100000,14700000,-8500000,734400000,170000000,18.47,21.44,15.5,0.167,0.1004,6.18,2.93,18.11,0,0,0.151,0.597,0.1171,0.86,-0.16,1.6892
1997-08-24,146912719,293825438,2,2999100000,1494800000,1144100000,788300000,1855000000,0,0,0,302600000,600800000,70100000,70100000,0.47,0.45,0,62800000,-257900000,22600000,-172500000,659600000,196300000,15.92,18.78,13.06,0.1825,0.1081,6.31,2.65,398,0,0,0.1631,0.6185,0.1201,0.9,-0.45,1.8962
1997-05-25,145674568,291349136,2,2914100000,1552600000,1165300000,791400000,1748800000,0,0,0,324300000,599200000,-1500000,-1500000,-0.01,-0.01,0,200400000,292400000,-44500000,448300000,832100000,146400000,13.47,16.13,10.81,0.0177,0.0103,6,2.28,192.43,0,0,0.1854,0.6001,0.011,0.94,0.19,1.9618
1997-02-23,140745443,281490886,2,2827900000,1471800000,1165800000,742200000,1662100000,0,0,0,374300000,680500000,207100000,207100000,1.44,1.39,0,194900000,-213100000,5300000,-12900000,383800000,214800000,12.63,13.88,11.38,0.0252,0.0146,5.9,2.48,None,0,0,0.2252,0.5878,0.0151,0.96,-0.07,1.983
1996-11-24,139535128,279070256,2,2551600000,1214000000,1129800000,696300000,1421800000,0,0,0,382800000,661500000,29500000,29500000,0.21,0.21,0,169200000,-136100000,56000000,89100000,396700000,126600000,9.79,11.94,7.63,-0.0984,-0.0571,5.09,1.97,None,0,None,0.2692,0.5572,None,0.95,0.15,1.7435
1996-08-25,138492615,276985230,2,2418200000,1144100000,1039800000,644900000,1378400000,0,0,0,347000000,566100000,-207600000,-207600000,-1.51,-1.51,0,-34800000,-104800000,4800000,-134800000,307600000,105200000,7.44,8.38,6.5,-0.0633,-0.0372,4.98,1.3,11.27,0,None,0.2517,0.57,None,0.97,-0.51,1.7741
1996-05-26,138226266,276452532,2,2658000000,1256000000,1080800000,676800000,1577200000,0,0,0,350500000,612400000,9100000,9100000,0.06,0.05,0,186100000,-176500000,4600000,14200000,442400000,205000000,7.69,8.63,6.75,0.1205,0.073,5.71,1.34,8.27,0,0,0.2222,0.5934,0.0707,1.03,-0.07,1.8558
1996-02-25,135386377,270772754,2,2601500000,1334400000,1045400000,629200000,1556100000,0,0,0,357100000,600300000,23000000,23000000,0.17,0.17,0,44800000,-109700000,-4800000,-69700000,428200000,121200000,9.72,12,7.44,0.1721,0.1058,5.75,1.56,9.21,0,0,0.2295,0.5982,0.0961,1.1,-0.28,2.1208
1995-11-26,122808091,245616182,2,2613100000,1382300000,1078000000,652400000,1535100000,0,200000,0,363300000,711600000,79800000,79800000,0.61,0.57,0,144200000,-173500000,211900000,182600000,497900000,167300000,13.57,16.82,10.31,0.204,0.1292,6.25,2.25,13.37,0,0,0.2367,0.5874,0.1099,1.18,-0.09,2.1188
1995-08-27,123388745,246777490,2,2283500000,1159600000,797300000,617400000,1486200000,0,200000,0,118100000,698800000,73500000,73500000,0.56,0.53,0,-13700000,-119300000,28000000,-105000000,315300000,110000000,13.79,15.63,11.94,0.2069,None,6.02,2.42,14.36,0,0,0.0795,0.6508,0.1104,1.23,-0.5,1.8782
1995-05-28,123661548,247323096,2,2235700000,1178300000,829000000,685900000,1406700000,0,0,0,82500000,669800000,81200000,81200000,0.67,0.59,0,259800000,-207500000,79300000,131600000,420300000,238500000,10.91,14.25,7.57,0.2092,None,5.69,2.1,None,0,0,0.0586,0.6292,0.111,1.25,0.09,1.7179
1995-02-26,124132628,248265256,2,1891100000,1038100000,600600000,536400000,1288500000,2000000,200000,0,10100000,571400000,57000000,57000000,0.43,0.42,0,59800000,-110300000,-2400000,-52900000,288700000,81200000,9.28,10.25,8.31,None,None,5.19,1.89,None,0,None,0.0078,0.6812,None,None,-0.09,1.9353
1994-11-27,123190335,246380670,2,1800600000,1008800000,593000000,529300000,1206600000,1000000,200000,0,10500000,584400000,67000000,67000000,0.51,0.49,0,74600000,-79900000,-5700000,-11000000,341600000,104400000,8.47,9.75,7.19,None,None,4.9,1.81,None,0,None,0.0087,0.67,None,None,-0.12,1.9059
1994-08-28,122972368,245944736,2,1714400000,987900000,564300000,498200000,1150100000,0,200000,0,12100000,553800000,59000000,59000000,0.44,0.42,0,34600000,-52700000,-27400000,-45500000,352600000,54700000,9.29,10.75,7.82,None,None,4.68,2.06,None,0,None,0.0105,0.6707,None,None,-0.08,1.9829
1994-05-29,122925135,245850270,2,1747700000,1016400000,642000000,577400000,1105700000,0,0,0,14500000,None,None,None,None,None,0,None,None,None,None,398100000,0,10.44,12.5,8.38,None,None,4.5,None,None,0,None,0.0131,0.6327,None,None,None,1.7603
