"Quarter end","Shares","Shares split adjusted","Split factor","Assets","Current Assets","Liabilities","Current Liabilities","Shareholders equity","Non-controlling interest","Preferred equity","Goodwill & intangibles","Long-term debt","Revenue","Earnings","Earnings available for common stockholders","EPS basic","EPS diluted","Dividend per share","Cash from operating activities","Cash from investing activities","Cash from financing activities","Cash change during period","Cash at end of period","Capital expenditures","Price","Price high","Price low","ROE","ROA","Book value of equity per share","P/B ratio","P/E ratio","Cumulative dividends per share","Dividend payout ratio","Long-term debt to equity ratio","Equity to assets ratio","Net margin","Asset turnover","Free cash flow per share","Current ratio"
2019-06-30,875932261,875932261,1,26880000000,11220000000,17356000000,4955000000,9508000000,16000000,0,2825000000,10307000000,5930000000,75000000,75000000,0.09,0.09,0.18,451000000,-400000000,-253000000,-204000000,1176000000,364000000,26.64,32.3,20.98,0.1409,0.0502,10.85,2.42,13.25,9.87,0.4749,1.084,0.3537,0.0558,0.9,0.1,2.2644
2019-03-31,873978485,873978485,1,26989000000,11188000000,17364000000,5047000000,9605000000,20000000,0,2824000000,10307000000,5737000000,152000000,152000000,0.17,0.17,0.18,-44000000,-411000000,-155000000,-628000000,1380000000,394000000,29.36,32.71,26.01,0.1908,0.0675,10.99,2.69,15.53,9.69,0.3578,1.0731,0.3559,0.0734,0.92,-0.5,2.2168
2018-12-31,872542842,872542842,1,25982000000,11151000000,16438000000,4802000000,9522000000,22000000,0,0,10421000000,5936000000,664000000,664000000,0.76,0.76,0.18,852000000,-554000000,-338000000,-49000000,2008000000,491000000,33.63,42.57,24.7,0.1855,0.0645,10.91,3.27,177,9.51,0.3809,1.0944,0.3665,0.069,0.93,0.41,2.3222
2018-09-30,876046271,876046271,1,25751000000,11436000000,16734000000,4953000000,8998000000,19000000,0,2800000000,10424000000,6172000000,435000000,435000000,0.5,0.5,0.18,777000000,-2000000,-751000000,-1000000,2057000000,372000000,41.39,47.03,35.75,0.0195,0.0066,10.27,4.13,376.27,9.33,3.7573,1.1585,0.3494,0.007,0.94,0.46,2.3089
2018-06-30,879895611,879895611,1,25765000000,11436000000,16922000000,5107000000,8823000000,20000000,0,2824000000,10427000000,6147000000,511000000,511000000,0.58,0.58,0.18,956000000,-1063000000,-151000000,-274000000,2058000000,491000000,49.66,54.91,44.41,0.0113,0.0038,10.03,5.2,None,9.15,6.4347,1.1818,0.3424,0.0042,0.91,0.53,2.2393
2018-03-31,875976391,875976391,1,25191000000,11035000000,16800000000,4969000000,8365000000,26000000,0,2707000000,10428000000,5740000000,46000000,46000000,0.05,0.05,0.18,572000000,-374000000,-179000000,-5000000,2332000000,454000000,51.03,57.86,44.21,-0.0442,-0.0152,9.55,5.37,None,8.97,None,1.2466,0.3321,None,0.87,0.13,2.2208
2017-12-31,874909834,874909834,1,25085000000,10777000000,16736000000,4862000000,8322000000,27000000,0,2693000000,10430000000,5940000000,-824000000,-824000000,-0.94,-0.94,0.18,1011000000,-420000000,-151000000,439000000,2337000000,392000000,45,49.29,40.72,-0.0523,-0.0183,9.51,4.26,187.5,8.79,None,1.2533,0.3318,None,0.82,0.71,2.2166
2017-09-30,872540903,872540903,1,25790000000,10144000000,16544000000,4601000000,9217000000,29000000,0,2685000000,10423000000,5444000000,365000000,365000000,0.42,0.42,0.18,1106000000,-962000000,-369000000,-241000000,1898000000,307000000,42.18,46.18,38.18,0.0232,0.0082,10.56,4.12,None,8.61,2.9538,1.1308,0.3574,0.0113,0.73,0.92,2.2047
2017-06-30,871595410,871595410,1,25325000000,10260000000,16372000000,4068000000,8917000000,36000000,0,2407000000,10816000000,4957000000,28000000,28000000,0.03,0.03,0.18,346000000,-308000000,18000000,32000000,2139000000,292000000,46.31,51.26,41.36,-0.0159,-0.0057,10.23,4.49,None,8.43,None,1.213,0.3521,None,0.66,0.06,2.5221
2017-03-31,867868425,867868425,1,24885000000,9828000000,15896000000,3842000000,8951000000,38000000,0,2419000000,10812000000,4279000000,-32000000,-32000000,-0.04,-0.04,0.18,5000000,-237000000,-1659000000,-1902000000,2107000000,224000000,53.15,58.78,47.52,-0.3582,-0.1272,10.31,4.9,None,8.25,None,1.2079,0.3597,None,0.6,-0.25,2.558
2016-12-31,866933212,866933212,1,27000000000,11677000000,17552000000,4023000000,9409000000,39000000,0,2414000000,12214000000,4021000000,-149000000,-149000000,-0.17,-0.17,0.18,1059000000,-188000000,-89000000,720000000,4009000000,127000000,50.16,56.08,44.23,-0.551,-0.1997,10.85,4.48,None,8.07,None,1.2981,0.3485,None,0.55,1.08,2.9026
2016-09-30,864452215,864452215,1,26755000000,11760000000,17029000000,3631000000,9682000000,44000000,0,2383000000,12163000000,3833000000,6000000,6000000,0.01,0.01,0.18,1041000000,-129000000,-719000000,181000000,3289000000,116000000,43.51,46.9,40.12,-0.4712,-0.18,11.2,3.85,None,7.89,None,1.2562,0.3619,None,0.54,1.07,3.2388
2016-06-30,861102509,861102509,1,27737000000,12580000000,17960000000,4478000000,9734000000,43000000,0,2383000000,12158000000,3835000000,-3208000000,-3208000000,-3.73,-3.73,0.18,-3632000000,-185000000,-2655000000,-6485000000,3108000000,149000000,39.97,46.69,33.26,-0.4251,-0.177,11.3,2.64,None,7.71,None,1.249,0.3509,None,0.58,-4.39,2.8093
2016-03-31,859265009,859265009,1,33932000000,19105000000,20872000000,7412000000,13015000000,45000000,0,2383000000,12207000000,4198000000,-2412000000,-2412000000,-2.81,-2.81,0.18,-171000000,-208000000,-77000000,-484000000,9593000000,184000000,32.19,36.74,27.64,-0.1637,-0.0741,15.15,1.79,None,7.53,None,0.9379,0.3836,None,0.63,-0.41,2.5776
2015-12-31,858342017,858342017,1,36942000000,21609000000,21447000000,5359000000,15462000000,33000000,0,2109000000,14687000000,5082000000,-28000000,-28000000,-0.03,-0.03,0.18,885000000,-468000000,7403000000,7828000000,10077000000,268000000,36.7,41.28,32.13,-0.0432,-0.0209,18.01,2.03,122.33,7.35,None,0.9499,0.4185,None,0.74,0.72,4.0323
2015-09-30,855813348,855813348,1,30248000000,14919000000,14768000000,5703000000,15448000000,32000000,0,2124000000,7243000000,5582000000,-54000000,-54000000,-0.06,-0.06,0.18,26000000,-489000000,-79000000,-511000000,2249000000,525000000,37.32,43.71,30.93,0.0164,0.0083,18.05,2.03,21.08,7.17,2.3798,0.4689,0.5107,0.0094,0.88,-0.58,2.616
2015-06-30,854749132,854749132,1,30606000000,15224000000,14891000000,5005000000,15685000000,30000000,0,1983000000,7838000000,5919000000,54000000,54000000,0.06,0.06,0.18,1183000000,-553000000,-141000000,466000000,2760000000,519000000,46.33,50.2,42.46,0.0961,0.0485,18.35,2.53,17.68,6.99,0.3875,0.4997,0.5125,0.0498,0.97,0.78,3.0418
2015-03-31,850874461,850874461,1,30587000000,13825000000,14964000000,5018000000,15591000000,32000000,0,2332000000,7841000000,7050000000,-643000000,-643000000,-0.76,-0.76,0.18,812000000,-682000000,-102000000,3000000,2294000000,704000000,41.09,44.92,37.27,0.1444,0.0716,18.32,2.15,10,6.81,0.2509,0.5029,0.5097,0.0686,1.04,0.13,2.7551
2014-12-31,849671830,849671830,1,32240000000,15068000000,15942000000,5883000000,16267000000,31000000,0,2330000000,7840000000,8770000000,901000000,901000000,1.06,1.06,0.18,1149000000,-806000000,-160000000,262000000,2291000000,661000000,51.05,64.88,37.21,0.2332,0.1133,19.15,2.79,12.79,6.63,0.1527,0.482,0.5046,0.1065,1.06,0.57,2.5613
2014-09-30,847460293,847460293,1,31583000000,14847000000,16065000000,5889000000,15491000000,27000000,0,2312000000,7816000000,8701000000,1203000000,1203000000,1.42,1.41,0.15,838000000,-812000000,-346000000,-331000000,2029000000,909000000,68.69,74.33,63.06,0.2365,0.1126,18.28,4.01,20.38,6.45,0.1501,0.5046,0.4905,0.1069,1.05,-0.08,2.5211
2014-06-30,850527660,850527660,1,30484000000,14165000000,15897000000,5369000000,14562000000,25000000,0,2267000000,7816000000,8051000000,774000000,774000000,0.92,0.91,0.15,1121000000,-846000000,-10000000,237000000,2360000000,732000000,64.2,71.26,57.13,0.2119,0.099,17.12,3.95,20.38,6.3,0.1685,0.5367,0.4777,0.0949,1.04,0.46,2.6383
2014-03-31,844520116,844520116,1,29256000000,13486000000,15504000000,4932000000,13725000000,27000000,0,2193000000,7816000000,7348000000,622000000,622000000,0.73,0.73,0.15,954000000,-674000000,-514000000,-233000000,2123000000,643000000,53.8,59.99,47.6,0.1995,0.0971,16.25,3.37,22.42,6.15,0.1716,0.5695,0.4691,0.0929,1.05,0.37,2.7344
2013-12-31,850866860,850866860,1,29223000000,13704000000,15608000000,5026000000,13581000000,34000000,0,2168000000,7816000000,7639000000,793000000,793000000,0.94,0.94,0.15,1898000000,-1003000000,-87000000,865000000,2356000000,618000000,52.26,56.52,47.99,0.148,0.0757,15.96,3.47,23.97,6,0.2185,0.5755,0.4647,0.0723,1.05,1.5,2.7266
2013-09-30,848226439,848226439,1,27948000000,12890000000,15130000000,4762000000,12788000000,30000000,0,2125000000,7816000000,7472000000,706000000,706000000,0.79,0.79,0.125,1078000000,-676000000,-338000000,79000000,1491000000,679000000,46.18,50.5,41.86,0.1343,0.0725,15.08,2.75,22.64,5.85,0.2102,0.6112,0.4576,0.0689,1.05,0.47,2.7068
2013-06-30,913580924,913580924,1,27418000000,12621000000,12053000000,4777000000,15337000000,28000000,0,2116000000,4820000000,7317000000,644000000,644000000,0.7,0.69,0.125,1122000000,-540000000,-1184000000,-617000000,1412000000,711000000,41.26,45.75,36.77,0.1224,0.0697,16.79,2.45,19.28,5.72,0.2098,0.3143,0.5594,0.0661,1.05,0.45,2.642
2013-03-31,932039177,932039177,1,27684000000,13152000000,11947000000,4666000000,15710000000,27000000,0,2119000000,4820000000,6974000000,-18000000,-18000000,-0.02,-0.02,0.125,349000000,-651000000,-145000000,-455000000,2029000000,685000000,39.52,43.96,35.07,0.1301,0.0744,16.86,2.34,13.92,5.6,0.1846,0.3068,0.5675,0.0696,1.07,-0.36,2.8187
2012-12-31,931813112,931813112,1,27410000000,13086000000,11620000000,4752000000,15765000000,25000000,0,2135000000,4820000000,7290000000,669000000,669000000,0.72,0.72,0.09,1741000000,-1230000000,-54000000,452000000,2484000000,652000000,32.91,36,29.83,0.1777,0.1014,16.92,2.01,10.62,5.47,0.1267,0.3057,0.5752,0.0924,1.1,1.17,2.7538
2012-09-30,927986840,927986840,1,26312000000,12766000000,11121000000,4598000000,15168000000,23000000,0,2075000000,4820000000,7111000000,602000000,602000000,0.65,0.65,0.09,778000000,-941000000,24000000,-140000000,2032000000,868000000,32.81,38,27.62,0.2024,0.1146,16.35,2.09,10.29,5.38,0.116,0.3178,0.5765,0.1016,1.13,-0.1,2.7764
2012-06-30,927750281,927750281,1,25571000000,12534000000,11010000000,4440000000,14540000000,21000000,0,1986000000,4820000000,7234000000,737000000,737000000,0.8,0.79,0.09,401000000,-790000000,-93000000,-483000000,2172000000,869000000,30.8,35.32,26.28,0.219,0.1242,15.67,2.05,9.63,5.29,0.1126,0.3315,0.5686,0.1066,1.17,-0.5,2.823
2012-03-31,923006357,923006357,1,24668000000,12018000000,10804000000,4310000000,13844000000,20000000,0,1966000000,4820000000,6868000000,627000000,627000000,0.68,0.68,0.09,734000000,-727000000,-49000000,-43000000,2655000000,782000000,35.61,39.19,32.02,0.2316,0.1321,15,2.49,11.56,5.2,0.1123,0.3482,0.5612,0.1119,1.18,-0.05,2.7884
2011-12-31,922983220,922983220,1,23677000000,11577000000,10461000000,4121000000,13198000000,18000000,0,1776000000,4820000000,7064000000,906000000,906000000,0.98,0.98,0.09,1318000000,-1312000000,921000000,923000000,2698000000,789000000,33.82,40.43,27.21,0.236,0.1355,14.3,2.52,12.3,5.11,0.1166,0.3652,0.5574,0.1143,1.18,0.57,2.8093
2011-09-30,920165263,920165263,1,21204000000,10306000000,8828000000,3656000000,12358000000,18000000,0,1373000000,3824000000,6548000000,683000000,683000000,0.74,0.74,0.09,978000000,-635000000,-3000000,337000000,1775000000,741000000,44.13,57.77,30.48,0.2241,0.1294,13.43,3.49,16.91,5.02,0.1301,0.3094,0.5828,0.1107,1.17,0.26,2.8189
2011-06-30,919636645,919636645,1,19956000000,9540000000,8298000000,3166000000,11642000000,16000000,0,1369000000,3824000000,5935000000,739000000,739000000,0.81,0.8,0.09,823000000,-326000000,-76000000,408000000,1438000000,719000000,47.96,51.45,44.47,0.2243,0.1272,12.66,4.02,20.5,4.93,0.1372,0.3285,0.5834,0.114,1.12,0.11,3.0133
2011-03-31,915013169,915013169,1,18990000000,9028000000,8050000000,2919000000,10924000000,16000000,0,1323000000,3824000000,5282000000,511000000,511000000,0.56,0.56,0.09,565000000,-917000000,-9000000,-368000000,1030000000,704000000,44.08,50.47,37.68,0.2114,0.1172,11.94,3.88,21.93,4.84,0.1533,0.3501,0.5753,0.1098,1.07,-0.15,3.0928
2010-12-31,913356387,913356387,1,18297000000,8886000000,7910000000,2757000000,10373000000,14000000,0,1315000000,3824000000,5160000000,605000000,605000000,0.66,0.65,0.09,850000000,-500000000,-818000000,-477000000,1398000000,657000000,35.3,41.73,28.86,0.1907,0.1034,11.36,3.26,21.66,4.75,0.1783,0.3686,0.5669,0.1021,1.01,0.21,3.2231
2010-09-30,909534822,909534822,1,18198000000,9216000000,8345000000,3333000000,9840000000,13000000,0,1254000000,3824000000,4665000000,544000000,544000000,0.6,0.6,0.09,554000000,340000000,-178000000,715000000,1875000000,557000000,29.05,33.84,24.27,0.1599,0.0851,10.82,2.82,22.01,4.66,0.2216,0.3886,0.5407,0.0893,0.95,-0,2.7651
2010-06-30,907455032,907455032,1,17540000000,9203000000,8156000000,3315000000,9353000000,31000000,0,1132000000,3824000000,4387000000,480000000,480000000,0.53,0.53,0.09,491000000,-625000000,-81000000,-223000000,1160000000,451000000,28.16,35.22,21.1,0.134,0.0707,10.31,2.85,26.07,4.57,0.2735,0.4089,0.5332,0.0772,0.92,0.04,2.7762
2010-03-31,905275293,905275293,1,16980000000,8814000000,8020000000,3145000000,8931000000,29000000,0,1138000000,3824000000,3761000000,206000000,206000000,0.23,0.23,0.09,317000000,-970000000,-37000000,-699000000,1383000000,404000000,31.29,34.87,27.71,0.1128,0.0589,9.87,3.25,24.64,4.48,0.3343,0.4282,0.526,0.067,0.88,-0.1,2.8025
2009-12-31,905090232,905090232,1,16538000000,8638000000,7781000000,2889000000,8728000000,29000000,0,1100000000,3824000000,3686000000,243000000,243000000,0.27,0.27,0.09,776000000,-233000000,-120000000,407000000,2082000000,271000000,28.75,32,25.5,0.1361,0.0701,9.64,3.03,19.04,4.39,0.2834,0.4381,0.5278,0.078,0.9,0.56,2.99
2009-09-30,901928366,901928366,1,16337000000,8699000000,7761000000,2184000000,8549000000,27000000,0,1093000000,4573000000,3588000000,262000000,262000000,0.29,0.29,0.09,612000000,-432000000,-70000000,107000000,1675000000,440000000,23.34,28.58,18.11,0.1678,0.0868,9.48,2.53,19.45,4.3,0.2364,0.5349,0.5233,0.0862,1.01,0.19,3.9831
2009-06-30,901714840,901714840,1,16215000000,8008000000,7891000000,2220000000,8301000000,23000000,0,1068000000,4573000000,3494000000,262000000,262000000,0.29,0.29,0.09,637000000,-1955000000,-77000000,-1399000000,1568000000,485000000,19.79,24.76,14.82,0.1379,0.0717,9.21,2.2,13.55,4.21,0.2972,0.5509,0.5119,0.0633,1.13,0.17,3.6072
2009-03-31,897113234,897113234,1,16224000000,8909000000,8129000000,2331000000,8074000000,21000000,0,1076000000,4578000000,3907000000,378000000,378000000,0.42,0.42,0.09,381000000,-465000000,1937000000,1843000000,2967000000,465000000,18.07,21.47,14.68,0.1729,0.0911,9,2.1,10.76,4.12,0.2409,0.567,0.4977,0.0734,1.24,-0.09,3.822
2008-12-31,897174201,897174201,1,14385000000,7411000000,6641000000,2781000000,7725000000,19000000,0,1072000000,2586000000,4910000000,468000000,468000000,0.52,0.51,0.09,1027000000,-627000000,-238000000,151000000,1124000000,455000000,22.45,32.09,12.8,0.2064,0.1106,8.61,2.7,11.63,4.03,0.2072,0.3348,0.537,0.0841,1.31,0.64,2.6649
2008-09-30,893754815,893754815,1,13846000000,7367000000,6359000000,2531000000,7427000000,60000000,0,1004000000,2588000000,4853000000,-21000000,-21000000,-0.02,-0.02,0.09,662000000,-688000000,-870000000,-907000000,973000000,425000000,42.19,55.38,29,0.2433,0.1295,8.31,4.88,15.4,3.94,0.1802,0.3485,0.5364,0.1003,1.29,0.27,2.9107
2008-06-30,876875508,876875508,1,14048000000,7945000000,6363000000,2606000000,7585000000,100000000,0,838000000,2565000000,4487000000,507000000,507000000,0.58,0.55,0.09,460000000,-564000000,-10000000,-114000000,1880000000,404000000,46.27,53.97,38.56,0.362,0.1894,8.65,5.71,12.14,3.85,0.126,0.3382,0.5399,0.1509,1.26,0.06,3.0487
2008-03-31,872373534,872373534,1,13328000000,7696000000,6166000000,2482000000,7062000000,100000000,0,803000000,2624000000,4029000000,584000000,584000000,0.67,0.64,0.09,525000000,23000000,-405000000,147000000,1994000000,349000000,34.99,39.98,30,0.5436,0.2774,8.1,4.49,9.43,3.76,0.0898,0.3716,0.5299,0.2225,1.25,0.2,3.1007
2007-12-31,880157300,880157300,1,13135000000,7573000000,6175000000,2411000000,6866000000,94000000,0,790000000,2627000000,4179000000,690000000,690000000,0.79,0.76,0.09,962000000,-1182000000,-119000000,-349000000,1847000000,440000000,38.19,41.95,34.42,0.522,0.2534,7.8,5.43,10.61,3.67,0.0878,0.3826,0.5227,0.2292,1.11,0.59,3.141
2007-09-30,881153038,881153038,1,12469000000,7221000000,6182000000,2191000000,6197000000,90000000,0,731000000,2796000000,3928000000,727000000,727000000,0.83,0.79,0.09,739000000,-937000000,-414000000,-613000000,2196000000,342000000,34.99,39.17,30.81,0.5076,0.2354,7.03,5.32,10.32,3.58,0.0888,0.4512,0.497,0.203,1.16,0.45,3.2958
2007-06-30,890164956,890164956,1,11989000000,7272000000,6060000000,2166000000,5858000000,71000000,0,594000000,2784000000,3735000000,1530000000,1530000000,1.69,1.62,0.09,410000000,-248000000,-989000000,-838000000,2809000000,334000000,34.09,37.2,30.99,0.4751,0.2147,6.58,3.95,14.69,3.49,0.0907,0.4752,0.4886,0.1766,1.22,0.09,3.3573
2007-03-31,914050549,914050549,1,17638000000,11715000000,9681000000,5079000000,7892000000,65000000,0,593000000,2785000000,3422000000,552000000,552000000,0.55,0.54,0.075,615000000,-1294000000,-48000000,-732000000,3647000000,264000000,30.18,32.72,27.65,0.325,0.1448,8.63,4.09,13.5,3.4,0.1249,0.3529,0.4474,0.116,1.25,0.38,2.3066
2006-12-31,999172145,999172145,1,16820000000,11183000000,8997000000,4727000000,7376000000,447000000,0,775000000,2786000000,5990000000,658000000,658000000,0.65,0.65,0.08,778000000,-195000000,219000000,830000000,4379000000,229000000,30.31,34.3,26.33,0.3276,0.1464,7.38,4.3,11.55,3.33,0.1321,0.3777,0.4385,0.104,1.41,0.55,2.3658
2006-09-30,1005509113,1005509113,1,15984000000,10215000000,8749000000,4702000000,7089000000,146000000,0,775000000,2745000000,5831000000,611000000,611000000,0.61,0.58,0.075,1292000000,-195000000,-1220000000,-124000000,3549000000,192000000,32.64,37.93,27.35,0.4037,0.1792,7.05,4.59,12.95,3.25,0.1065,0.3872,0.4435,0.1247,1.44,1.09,2.1725
2006-06-30,1031152062,1031152062,1,16174000000,10651000000,8753000000,4763000000,7328000000,93000000,0,774000000,2772000000,5545000000,591000000,591000000,0.58,0.55,0.075,1532000000,80000000,-226000000,1395000000,3673000000,183000000,37.95,41.99,33.92,0.4136,0.1785,7.11,5.7,16.15,3.17,0.1067,0.3783,0.4531,0.1238,1.44,1.31,2.2362
2006-03-31,516188199,1032376398,2,15170000000,9739000000,8147000000,4162000000,6872000000,151000000,0,771000000,2793000000,5210000000,488000000,488000000,0.95,0.91,0.15,55000000,-116000000,-53000000,-113000000,2278000000,129000000,36.27,41.19,31.35,0.4262,0.1738,6.66,5.88,16.08,3.1,0.1097,0.4064,0.453,0.1167,1.49,-0.07,2.34
2005-12-31,516240651,1032481302,2,15010000000,9327000000,8493000000,4437000000,6372000000,145000000,0,765000000,2813000000,5798000000,1102000000,1102000000,2.16,2.08,0.13,812000000,-262000000,-275000000,267000000,2391000000,136000000,31.02,34.69,27.35,0.4545,0.1693,6.17,5.95,31.65,3.02,0.1094,0.4415,0.4245,0.1123,1.51,0.65,2.1021
2005-09-30,512840219,1025680438,2,13695000000,8491000000,8215000000,4232000000,5347000000,133000000,0,739000000,2821000000,5095000000,499000000,499000000,0.99,0.95,0.125,552000000,-71000000,69000000,549000000,2124000000,153000000,28.88,34.89,22.88,0.23,0.0745,5.21,6.25,62.78,2.96,0.2435,0.5276,0.3904,0.0516,1.44,0.39,2.0064
2005-06-30,508306762,1016613524,2,13216000000,7967000000,8408000000,4172000000,4695000000,113000000,0,744000000,3103000000,5163000000,392000000,392000000,0.78,0.76,0.125,378000000,-121000000,-491000000,-237000000,1575000000,108000000,22.27,24.7,19.83,0.1393,0.0347,4.62,5.19,None,2.89,0.4855,0.6609,0.3553,0.0254,1.37,0.27,1.9096
2005-03-31,505744263,1011488526,2,13806000000,8208000000,9354000000,5179000000,4338000000,114000000,0,794000000,3109000000,4938000000,365000000,365000000,0.73,0.72,0.125,-1041000000,964000000,-23000000,-105000000,1812000000,122000000,20.62,22.65,18.59,-0.1879,-0.036,4.29,5.29,None,2.83,None,0.7167,0.3142,None,1.3,-1.15,1.5849
2004-12-31,504455647,1008911294,2,15796000000,9962000000,11756000000,7064000000,3932000000,108000000,0,795000000,3593000000,5201000000,-203000000,-203000000,-0.47,-0.47,0.13,-49000000,-92000000,-63000000,-188000000,2808000000,88000000,18.69,20.84,16.54,-0.3988,-0.0615,3.9,9.84,None,2.77,None,0.9138,0.2489,None,1.29,-0.14,1.4102
2004-09-30,441975012,883950024,2,15958000000,9823000000,14166000000,7055000000,1679000000,113000000,0,793000000,3894000000,4790000000,-44000000,-44000000,-0.11,-0.09,0.125,797000000,17000000,-39000000,766000000,2996000000,94000000,15.11,16.99,13.22,-0.8172,-0.1088,1.9,7.67,None,2.7,None,2.3192,0.1052,None,1.31,0.8,1.3923
2004-06-30,441529147,883058294,2,15519000000,9531000000,13667000000,6833000000,1736000000,116000000,0,793000000,3900000000,4956000000,-667000000,-667000000,-1.52,-1.52,0.125,356000000,-3000000,-57000000,297000000,2230000000,129000000,14.93,16.18,13.68,-0.6331,-0.106,1.97,5.31,None,2.64,None,2.2465,0.1119,None,1.31,0.26,1.3948
2004-03-31,440141081,880282162,2,16407000000,9263000000,13825000000,6923000000,2472000000,110000000,0,793000000,3934000000,5519000000,-65000000,-65000000,-0.15,-0.15,0.125,-176000000,-148000000,442000000,118000000,1933000000,98000000,14.63,16.35,12.9,-0.3098,-0.0622,2.81,5.04,None,2.58,None,1.5914,0.1507,None,1.26,-0.31,1.338
2003-12-31,439713236,879426472,2,15463000000,7919000000,12816000000,6542000000,2547000000,100000000,0,670000000,3415000000,5464000000,-947000000,-947000000,-2.19,-2.19,0.13,-240000000,-131000000,934000000,593000000,1815000000,119000000,12.5,13.6,11.4,-0.2525,-0.0587,2.9,3.14,None,2.52,None,1.3408,0.1647,None,1.17,-0.41,1.2105
2003-09-30,438063997,876127994,2,13776000000,6619000000,10199000000,3094000000,3487000000,90000000,0,669000000,2368000000,4148000000,58000000,58000000,0.13,0.13,0.125,-322000000,-115000000,-191000000,-637000000,1222000000,109000000,11.6,12.95,10.25,-0.1404,-0.0367,3.98,2.92,None,2.45,None,0.6791,0.2531,None,1.06,-0.49,2.1393
2003-06-30,437927577,875855154,2,14022000000,6775000000,10463000000,3317000000,3476000000,83000000,0,669000000,2374000000,3599000000,26000000,26000000,0.06,0.06,0.125,-2000000,-83000000,987000000,931000000,1859000000,110000000,11.23,12.48,9.99,-0.1231,-0.0354,3.97,2.82,None,2.39,None,0.683,0.2479,None,1.02,-0.13,2.0425
2003-03-31,437153389,874306778,2,12584000000,5438000000,9022000000,3045000000,3481000000,81000000,0,682000000,1175000000,3060000000,43000000,43000000,0.1,0.1,0.125,-211000000,133000000,-94000000,-179000000,928000000,70000000,9.75,10.89,8.6,-0.2531,-0.0796,3.98,2.44,None,2.33,None,0.3375,0.2766,None,1.03,-0.32,1.7859
2002-12-31,437160510,874321020,2,12844000000,5560000000,9286000000,3272000000,3487000000,71000000,0,723000000,1181000000,3348000000,-616000000,-616000000,-1.43,-1.43,0.13,562000000,-56000000,24000000,521000000,1107000000,151000000,8.52,10.82,6.22,-0.2393,-0.0842,3.99,1.74,None,2.26,None,0.3387,0.2715,None,1.06,0.47,1.6993
2002-09-30,436400337,872800674,2,11711000000,5180000000,7390000000,2853000000,4270000000,51000000,0,719000000,1120000000,2982000000,94000000,94000000,0.22,0.22,0.125,380000000,-3000000,-171000000,203000000,586000000,-3000000,6.25,8,4.49,-0.0543,-0.0213,4.89,1.3,None,2.2,None,0.2623,0.3646,None,1.09,0.44,1.8156
2002-06-30,436351938,872703876,2,11987000000,5176000000,7732000000,2987000000,4204000000,51000000,0,725000000,1264000000,3235000000,-498000000,-498000000,-1.15,-1.15,0.125,465000000,-337000000,-8000000,117000000,383000000,143000000,8.55,9.81,7.3,-0.0348,-0.0142,4.82,1.58,10.18,2.14,None,0.3007,0.3507,None,1.15,0.37,1.7328
2002-03-31,435636154,871272308,2,10880000000,5438000000,6113000000,2710000000,4721000000,46000000,0,720000000,1402000000,3007000000,22000000,22000000,0.05,0.05,0.125,155000000,-77000000,-93000000,-24000000,266000000,207000000,6.65,9,4.3,0.1568,0.0669,5.42,1.23,7.07,2.07,0.3026,0.297,0.4339,0.0559,1.2,-0.06,2.0066
2001-12-31,435613251,871226502,2,10966000000,5573000000,6214000000,2908000000,4711000000,41000000,0,720000000,1403000000,3172000000,139000000,139000000,0.32,0.32,0.13,473000000,-238000000,-233000000,63000000,290000000,186000000,9.96,14.45,5.47,0.1833,0.0757,5.41,1.88,12.69,2.01,0.269,0.2978,0.4296,0.062,1.22,0.33,1.9164
2001-09-30,429361251,858722502,2,10692000000,5787000000,6095000000,2777000000,4546000000,51000000,0,592000000,1470000000,3391000000,179000000,179000000,0.42,0.42,0.125,212000000,-168000000,-165000000,-101000000,227000000,186000000,14.04,18.39,9.68,0.1604,0.0645,5.29,2.72,18.72,1.95,0.3211,0.3234,0.4252,0.0517,1.25,0.03,2.0839
2001-06-30,429791394,859582788,2,10661000000,5860000000,6181000000,3357000000,4436000000,44000000,0,608000000,1039000000,3339000000,382000000,382000000,0.9,0.89,0.125,178000000,-152000000,-1176000000,50000000,328000000,181000000,20.37,24.63,16.1,0.1544,0.0636,5.16,4.41,52.23,1.88,0.3344,0.2342,0.4161,0.0514,1.24,-0,1.7456
2001-03-31,429054000,858108000,2,10418000000,5720000000,6412000000,4045000000,3964000000,42000000,0,740000000,1040000000,3144000000,109000000,109000000,0.25,0.25,0.125,166000000,-300000000,219000000,47000000,278000000,124000000,20.18,22.95,17.41,0.0812,0.0344,4.62,4.44,36.04,1.82,0.6368,0.2624,0.3805,0.0283,1.22,0.05,1.4141
2000-12-31,428468110,856936220,2,10103000000,5568000000,6175000000,3826000000,3890000000,38000000,0,597000000,1049000000,3193000000,5000000,5000000,0.01,0.01,0.13,132000000,-204000000,-12000000,-79000000,231000000,183000000,20.94,25.19,16.69,0.1139,0.051,4.54,4,25.54,1.76,0.4435,0.2697,0.385,0.0419,1.22,-0.06,1.4553
2000-09-30,442404000,884808000,2,9897000000,5377000000,5222000000,2803000000,4630000000,45000000,0,610000000,1049000000,3024000000,157000000,157000000,0.35,0.35,0.125,86000000,-20000000,-141000000,-53000000,310000000,32000000,24.09,27.34,20.84,0.1639,0.0733,5.23,4.71,33.93,1.69,0.3066,0.2266,0.4678,0.0584,1.25,0.06,1.9183
2000-06-30,445531000,891062000,2,9806000000,5367000000,5211000000,2812000000,4550000000,45000000,0,627000000,1052000000,2868000000,75000000,75000000,0.17,0.17,0.125,-172000000,-120000000,318000000,-6000000,363000000,100000000,22.33,25.78,18.88,0.1471,0.0623,5.11,4.39,31.01,1.63,0.3545,0.2312,0.464,0.0485,1.28,-0.31,1.9086
2000-03-31,443933045,887866090,2,9480000000,5002000000,4918000000,2581000000,4521000000,41000000,0,638000000,1056000000,2859000000,264000000,264000000,0.6,0.59,0.125,-103000000,-67000000,-749000000,-97000000,369000000,54000000,19.55,22.25,16.84,0.1545,0.062,5.09,4.2,39.49,1.57,0.3493,0.2336,0.4769,0.0463,1.34,-0.18,1.938
1999-12-31,443582904,887165808,2,10728000000,6022000000,6441000000,3693000000,4134000000,153000000,0,768000000,1056000000,3771000000,235000000,235000000,0.54,0.53,0.13,349000000,-124000000,-50000000,171000000,466000000,130000000,19.51,22.07,16.94,0.1101,0.0411,4.66,4.33,36.81,1.51,0.5094,0.2554,0.3853,0.0294,1.4,0.25,1.6307
1999-09-30,441754000,883508000,2,10585000000,5761000000,6463000000,3722000000,3983000000,139000000,0,778000000,1059000000,3533000000,58000000,58000000,0.13,0.13,0.125,-109000000,-138000000,203000000,-41000000,295000000,150000000,22.63,25.72,19.53,0.1177,0.0429,4.51,5.09,None,1.44,0.483,0.2659,0.3763,0.0237,1.81,-0.29,1.5478
1999-06-30,441220000,882440000,2,10483000000,5592000000,6393000000,3672000000,3928000000,162000000,0,760000000,1064000000,3670000000,83000000,83000000,0.19,0.19,0.125,-181000000,190000000,-116000000,-83000000,336000000,44000000,20.73,23.97,17.5,-0.0315,-0.0113,4.45,4.72,829.2,1.38,None,0.2709,0.3747,None,1.83,-0.25,1.5229
1999-03-31,440598000,881196000,2,10820000000,5953000000,6766000000,3704000000,3870000000,184000000,0,762000000,1365000000,3924000000,62000000,62000000,0.14,0.14,0.125,174000000,-87000000,147000000,216000000,419000000,123000000,17.36,20.59,14.13,-0.0193,-0.0071,4.39,3.93,99.2,1.32,None,0.3527,0.3577,None,1.91,0.06,1.6072
1998-12-31,440201382,880402764,2,11065900000,6066000000,7004700000,3936400000,3891000000,170200000,0,764600000,1369700000,8298200000,258000000,258000000,0.59,0.6,0.13,140500000,-184700000,17900000,-25900000,202600000,188700000,16.19,19.28,13.1,-0.0044,-0.0017,4.42,3.52,98.12,1.25,None,0.352,0.3516,None,2,-0.05,1.541
1998-09-30,439653499,879306998,2,11642000000,6297000000,7420000000,4699700000,4048100000,173900000,0,1131200000,1284900000,4224000000,-527000000,-527000000,-1.2,-1.2,0.125,335800000,-364300000,-10700000,-41900000,228500000,326000000,17.82,22.5,13.13,-0.041,-0.017,4.6,3.36,17.82,1.19,None,0.3174,0.3477,None,1.57,0.01,1.3399
1998-06-30,263194766,526389532,2,6186000000,3333300000,3370600000,2145300000,2796100000,19300000,0,312200000,525400000,2475600000,136500000,136500000,0.52,0.51,0.125,3800000,-152500000,202600000,52000000,145400000,157900000,24.68,28.32,21.03,0.1994,0.0908,5.31,4.83,26.12,1.13,0.2532,0.1879,0.452,0.055,1.65,-0.29,1.5538
1998-03-31,262994985,525989970,2,5804500000,3060800000,3099000000,1871600000,2688900000,16600000,0,318100000,538300000,2355300000,117800000,117800000,0.45,0.44,0.125,-26000000,-144600000,43900000,-127900000,93400000,141700000,23.7,26.22,21.19,0.1946,0.0887,5.11,4.82,26.7,1.06,0.2687,0.2002,0.4632,0.0527,1.68,-0.32,1.6354
1997-12-31,262492885,524985770,2,5603000000,2971600000,2998600000,1772900000,2584700000,19700000,0,323100000,538900000,2385300000,148400000,148400000,0.58,None,0.13,328400000,-143000000,-47100000,135600000,221300000,166400000,27.48,31.34,23.63,0.1891,0.0877,4.92,5.9,34.78,1,0.2865,0.2085,0.4613,0.0515,1.7,0.31,1.6761
1997-09-30,261970547,523941094,2,5482100000,2930900000,3041800000,1852800000,2440300000,0,0,324100000,540400000,2304700000,121100000,121100000,0.47,None,0.125,243600000,-151700000,-55600000,35300000,85700000,134400000,23.72,26.44,21,0.1764,0.0829,4.66,5.15,32.38,0.94,0.315,0.2214,0.4451,0.0473,1.75,0.21,1.5819
1997-06-30,253513295,507026590,2,5162900000,2736400000,2823400000,1776800000,2339500000,0,0,303600000,425000000,2231100000,101900000,101900000,0.4,None,0.125,64200000,-256800000,157400000,-35000000,50400000,131100000,18.27,20.5,16.03,0.1698,0.0807,4.61,4.11,26.97,0.88,0.3441,0.1817,0.4531,0.0454,1.78,-0.13,1.5401
1997-03-31,126469187,505876748,4,4480700000,2286400000,2232000000,1264400000,2248700000,0,0,232000000,373300000,1897500000,83000000,83000000,0.65,None,0.25,-88000000,-135200000,96900000,-128200000,85400000,100300000,16.67,18.34,15,0.1633,0.0786,4.45,3.9,26.57,0.81,0.3713,0.166,0.5019,0.0435,1.81,-0.37,1.8083
1996-12-31,126359189,505436756,4,4436600000,2398000000,2277400000,1504700000,2159200000,0,0,233900000,200000000,2133600000,99200000,99200000,0.77,None,0.25,303000000,-145300000,-42600000,113800000,213600000,133500000,14.35,15.72,12.97,0.1568,0.0741,4.27,3.81,24.22,0.75,0.4005,0.0926,0.4867,0.0407,1.82,0.34,1.5937
1996-09-30,125201026,500804104,4,4086700000,2268500000,2197200000,1452500000,1889500000,0,0,213700000,200000000,1813300000,82600000,82600000,0.71,None,0.25,146300000,-107400000,-17600000,20900000,35100000,98500000,13.5,14.31,12.69,0.1506,0.0708,3.77,3.39,32.34,0.69,0.4298,0.1058,0.4624,0.0408,1.74,0.1,1.5618
1996-06-30,114869448,459477792,4,3878000000,2196400000,2047100000,1307500000,1830900000,0,0,204500000,200000000,1776800000,67100000,67100000,0.58,None,0.25,167300000,-127700000,-124300000,-84800000,14200000,85700000,13.59,14.69,12.5,0.1045,0.0508,3.98,3.49,34.41,0.63,0.5985,0.1092,0.4721,0.0301,1.69,0.18,1.6798
1996-03-31,114800307,459201228,4,3817600000,2234500000,2033200000,1299400000,1784400000,0,0,206000000,200000000,1661400000,51500000,51500000,0.45,None,0.25,-164600000,-29000000,118700000,-75900000,99000000,28200000,13.02,14.6,11.44,0.0963,0.044,3.89,3.42,35.43,0.56,0.6337,0.1121,0.4674,0.0299,1.47,-0.42,1.7196
1995-12-31,114668223,458672892,4,3646600000,2049900000,1896800000,1156100000,1749800000,0,0,207500000,200000000,1442300000,71900000,71900000,0.63,None,0.25,279000000,-80200000,-93200000,104100000,174900000,91500000,11.3,12.66,9.94,0.0876,0.038,3.81,2.63,23.06,0.5,0.6795,0.1143,0.4798,0.0295,1.29,0.41,1.7731
1995-09-30,114387423,457549692,4,3758200000,1894000000,1789600000,1002400000,1968600000,0,0,209000000,231500000,1489800000,1100000,1100000,0.01,None,0.25,234100000,-37300000,-426100000,-230100000,70800000,60100000,10.04,11.31,8.78,0.1138,0.0463,4.3,2.29,16.73,0.44,0.5103,0.1176,0.5238,0.0387,1.2,0.38,1.8895
1995-06-30,114207808,456831232,4,5198000000,None,3194800000,None,2001700000,1500000,0,210500000,644100000,1444500000,56200000,56200000,0.49,None,0.25,134000000,-71500000,-27900000,33500000,353700000,71300000,9.38,9.88,8.88,0.1418,0.053,4.38,2.19,21.56,0.38,0.4159,0.3218,0.3851,0.0481,1.1,0.14,None
1995-03-31,114197046,456788184,4,5104100000,None,3141800000,None,1961600000,700000,0,212000000,643600000,1322100000,39100000,39100000,0.34,None,0.25,-15100000,-49300000,-44100000,-107900000,320200000,29800000,9.05,9.72,8.38,0.1053,None,4.29,2.13,23.21,0.31,0.5734,0.3281,0.3843,0.035,1.1,-0.1,None
1994-12-31,114199702,456798808,4,5268300000,None,3326100000,None,1937000000,5200000,0,213400000,643100000,1533400000,127500000,127500000,1.12,None,0.25,146800000,134200000,-24500000,253900000,428100000,55100000,8.52,9.25,7.78,0.0953,None,4.24,2.11,None,0.25,0.642,0.332,0.3677,0.031,1.1,0.2,None
1994-09-30,114105395,456421580,4,5160900000,None,3312800000,None,1843700000,4400000,0,214900000,642100000,1405400000,51700000,51700000,0.45,None,0.25,178600000,-53600000,-39100000,86200000,174200000,35500000,8,8.72,7.28,None,None,4.04,2.01,None,0.19,None,0.3483,0.3572,None,None,0.31,None
1994-06-30,114116517,456466068,4,5191600000,None,3368100000,None,1817800000,5700000,0,216300000,645200000,1425400000,-19200000,-19200000,-0.17,None,0.25,95800000,-43700000,-44600000,5700000,88000000,39400000,7.88,8.69,7.06,None,None,3.98,1.93,None,0.13,None,0.3549,0.3501,None,None,0.12,None
1994-03-31,114157078,456628312,4,5205200000,None,3334800000,None,1865600000,4800000,0,217700000,668500000,1376300000,17800000,17800000,0.16,None,0.25,22200000,157400000,-144400000,33500000,82300000,38000000,7.92,8.53,7.31,None,None,4.09,1.92,None,0.06,None,0.3583,0.3584,None,None,-0.03,None
1993-12-31,114149360,456597440,4,5403100000,None,3515400000,None,1884200000,3500000,0,219200000,623900000,None,None,None,None,None,0,None,None,None,None,48800000,0,8.54,9.85,7.22,None,None,4.13,None,None,0,None,0.3311,0.3487,None,None,None,None
