"Quarter end","Shares","Shares split adjusted","Split factor","Assets","Current Assets","Liabilities","Current Liabilities","Shareholders equity","Non-controlling interest","Preferred equity","Goodwill & intangibles","Long-term debt","Revenue","Earnings","Earnings available for common stockholders","EPS basic","EPS diluted","Dividend per share","Cash from operating activities","Cash from investing activities","Cash from financing activities","Cash change during period","Cash at end of period","Capital expenditures","Price","Price high","Price low","ROE","ROA","Book value of equity per share","P/B ratio","P/E ratio","Cumulative dividends per share","Dividend payout ratio","Long-term debt to equity ratio","Equity to assets ratio","Net margin","Asset turnover","Free cash flow per share","Current ratio"
2009-09-30,1639151392,1639151392,1,30547000000,13166000000,17647000000,5089000000,12900000000,0,2500000000,8860000000,8033000000,4499000000,515000000,477000000,0.29,0.29,0.065,1042000000,412000000,-165000000,1323000000,4312000000,145000000,None,None,None,0.2676,0.089,6.34,None,None,5.88,0.1781,0.7724,0.3405,0.1357,0.62,0.55,2.5871
2009-06-30,1633938697,1633938697,1,29545000000,12676000000,17510000000,5194000000,12035000000,0,2500000000,8749000000,7908000000,4647000000,671000000,633000000,0.38,0.38,0.065,1026000000,-860000000,-111000000,144000000,2989000000,169000000,None,None,None,0.2899,0.0932,5.84,None,None,5.81,0.1725,0.8294,0.3227,0.1393,0.63,0.52,2.4405
2009-03-31,1628335093,1628335093,1,27718000000,11344000000,16883000000,4961000000,10835000000,0,2500000000,8428000000,7685000000,4393000000,805000000,767000000,0.47,0.46,0.065,556000000,-861000000,-181000000,-528000000,2845000000,160000000,None,None,None,0.268,0.0845,5.12,None,None,5.75,0.1901,0.922,0.3007,0.1243,0.64,0.24,2.2866
2008-12-31,1626412285,1626412285,1,28117000000,10971000000,17588000000,5193000000,10529000000,0,2500000000,8932000000,7931000000,4348000000,587000000,551000000,0.32,0.34,0.07,789000000,-288000000,-244000000,214000000,3373000000,194000000,15.62,18.48,12.76,0.206,0.0651,4.94,2.95,None,5.68,0.2456,0.9878,0.2856,0.0947,0.63,0.37,2.1127
2008-09-30,1626234628,1626234628,1,28491000000,10969000000,17372000000,5416000000,11119000000,0,2500000000,9286000000,8166000000,4576000000,589000000,551000000,0.34,0.34,0.065,1191000000,85000000,-767000000,454000000,3159000000,170000000,19.91,22.32,17.51,-0.2552,-0.0682,5.3,3.65,None,5.61,None,0.9474,0.3025,None,0.61,0.63,2.0253
2008-06-30,1625591985,1625591985,1,30121000000,11366000000,18767000000,5758000000,11354000000,0,2500000000,10162000000,9015000000,4921000000,436000000,398000000,0.25,0.24,0.065,922000000,-206000000,-465000000,251000000,2705000000,191000000,17.29,20.72,13.86,-0.2202,-0.0655,5.45,3.29,None,5.55,None,1.0182,0.2939,None,0.57,0.45,1.9739
2008-03-31,1621414244,1621414244,1,30120000000,11224000000,19087000000,5823000000,11033000000,0,2500000000,10324000000,9349000000,4657000000,291000000,253000000,0.16,0.15,0.065,462000000,-123000000,-184000000,175000000,2454000000,148000000,21.07,27.73,14.41,-0.2155,-0.0699,5.26,4.34,None,5.48,None,1.0956,0.2833,None,0.57,0.19,1.9275
2007-12-31,1621353851,1621353851,1,29156000000,10846000000,18771000000,6043000000,10385000000,0,2500000000,9941000000,9019000000,3725000000,-3327000000,-3364000000,-2.09,-2.09,0.05,1382000000,-15793000000,4301000000,-10087000000,2279000000,204000000,29.57,32.94,26.2,-0.192,-0.0686,4.86,4.33,23.28,5.42,None,1.1438,0.2704,None,0.59,0.73,1.7948
2007-09-30,1619721867,1619721867,1,23652000000,17801000000,10093000000,3871000000,13559000000,0,2500000000,469000000,4403000000,2812000000,750000000,713000000,0.46,0.45,0.065,620000000,1039000000,5845000000,7513000000,12366000000,138000000,30.05,32.83,27.26,0.2466,0.1129,6.83,6.05,29.75,5.37,0.1911,0.3981,0.4676,0.1684,0.64,0.3,4.5986
2007-06-30,1496297204,1496297204,1,17061000000,11303000000,8191000000,3927000000,8870000000,0,1438000000,475000000,2414000000,3178000000,539000000,517000000,0.35,0.34,0.065,876000000,1485000000,-9000000,2368000000,4853000000,135000000,29.38,33.34,25.42,0.2227,0.0996,4.97,6.47,35.4,5.3,0.2288,0.3248,0.4356,0.1345,0.7,0.5,2.8783
2007-03-31,1489389131,1489389131,1,16072000000,10363000000,7865000000,3672000000,8207000000,0,1438000000,487000000,2414000000,2975000000,565000000,543000000,0.37,0.36,0.065,-248000000,113000000,-48000000,-181000000,2485000000,139000000,24.13,25.51,22.75,0.1881,0.0846,4.54,5.55,33.99,5.24,0.2674,0.3566,0.4212,0.1135,0.7,-0.26,2.8222
2006-12-31,1487743906,1487743906,1,16071000000,10423000000,8163000000,4162000000,7908000000,0,1438000000,492000000,2414000000,2651000000,203000000,183000000,0.12,0.12,0.05,646000000,-494000000,-65000000,92000000,2666000000,192000000,22.57,23.9,21.25,0.162,0.0732,4.35,4.91,34.2,5.17,0.3017,0.3731,0.4026,0.0998,0.68,0.31,2.5043
2006-09-30,1482571166,1482571166,1,15687000000,10222000000,7435000000,3901000000,8252000000,0,1438000000,535000000,2413000000,2574000000,309000000,287000000,0.19,0.19,0.055,705000000,295000000,-274000000,732000000,2574000000,73000000,20.34,22.09,18.6,0.1523,0.0689,4.6,4.61,40.68,5.12,0.3269,0.3541,0.4344,0.0949,0.66,0.43,2.6204
2006-06-30,1481323452,1481323452,1,15367000000,9837000000,7399000000,3902000000,7968000000,0,1438000000,546000000,2413000000,2818000000,259000000,237000000,0.16,0.16,0.055,642000000,-924000000,-456000000,-741000000,1842000000,122000000,19.13,20,18.25,0.1184,0.0541,4.41,4.5,65.97,5.07,0.4359,0.3695,0.4249,0.0732,0.66,0.35,2.521
2006-03-31,1481050377,1481050377,1,15340000000,9616000000,7611000000,4155000000,7729000000,0,1438000000,559000000,2412000000,2551000000,372000000,350000000,0.24,0.24,0.055,168000000,-1785000000,-566000000,-2184000000,2583000000,62000000,19.46,20.93,18,0.0713,0.0342,4.25,4.84,162.17,5.01,0.7428,0.3834,0.4101,0.0442,0.64,0.07,2.3143
2005-12-31,1479475643,1479475643,1,15469000000,9732000000,8082000000,4659000000,7387000000,0,1438000000,569000000,2399000000,2323000000,125000000,100000000,0.07,0.07,0.05,336000000,-592000000,832000000,573000000,4767000000,183000000,20.41,21.76,19.05,0.0307,0.018,4.02,5.13,None,4.96,1.7355,0.4033,0.3846,0.0192,0.64,0.1,2.0889
2005-09-30,1477895332,1477895332,1,14554000000,8787000000,7230000000,3899000000,7324000000,0,1438000000,589000000,2392000000,2284000000,65000000,43000000,0.03,0.03,0.055,51000000,106000000,-99000000,60000000,4194000000,103000000,20.46,22.45,18.48,-0.1253,-0.0459,3.98,5.12,None,4.91,None,0.4064,0.4044,None,0.62,-0.04,2.2537
2005-06-30,1476378678,1476378678,1,14837000000,9077000000,7500000000,4249000000,7337000000,0,1438000000,565000000,2392000000,2532000000,-48000000,-65000000,-0.05,-0.05,0.055,295000000,34000000,-103000000,222000000,4134000000,99000000,19.41,20.94,17.89,-0.1253,-0.048,4,4.69,None,4.85,None,0.4055,0.3976,None,0.6,0.13,2.1363
2005-03-31,1475081515,1475081515,1,14921000000,9104000000,7381000000,4196000000,7540000000,0,1438000000,577000000,2392000000,2369000000,127000000,105000000,0.07,0.07,0.055,200000000,-2000000,-1263000000,-1072000000,3912000000,50000000,19.55,21.41,17.68,-0.12,-0.0491,4.14,4.71,None,4.8,None,0.392,0.409,None,0.57,0.1,2.1697
2004-12-31,1474973248,1474973248,1,15911000000,10003000000,8355000000,5208000000,7556000000,0,1438000000,580000000,2392000000,2184000000,-835000000,-835000000,-0.59,-0.59,0.05,-163000000,-143000000,598000000,299000000,4984000000,183000000,18.92,21.12,16.72,-0.1417,-0.0626,4.15,4.1,None,4.74,None,0.391,0.3845,None,0.55,-0.23,1.9207
2004-09-30,1472762054,1472762054,1,15103000000,9434000000,6855000000,3734000000,8248000000,0,1438000000,455000000,2392000000,1978000000,26000000,14000000,0.01,0.01,0.055,-324000000,-11000000,862000000,530000000,4685000000,72000000,18.77,19.98,17.55,-0.0433,-0.0197,4.62,3.95,None,4.69,None,0.3512,0.4509,None,0.53,-0.27,2.5265
2004-06-30,1472377983,1472377983,1,14890000000,9061000000,7896000000,4791000000,6994000000,0,0,584000000,2410000000,2147000000,-65000000,-65000000,-0.04,-0.04,0.055,104000000,-245000000,365000000,223000000,4155000000,125000000,17.4,18.7,16.1,-0.0804,-0.0397,4.75,3.58,None,4.64,None,0.3446,0.4697,None,0.55,-0.01,1.8913
2004-03-31,1471856132,1471856132,1,14604000000,8736000000,7450000000,4321000000,7154000000,0,0,605000000,2410000000,1963000000,-73000000,-73000000,-0.05,-0.05,0.055,229000000,-222000000,-291000000,-286000000,3932000000,102000000,17.46,18.97,15.96,-0.0447,-0.0232,4.86,3.5,None,4.58,None,0.3369,0.4899,None,0.57,0.09,2.0218
2003-12-31,1471196309,1471196309,1,15102000000,9147000000,7765000000,4609000000,7337000000,0,0,619000000,2410000000,1881000000,-182000000,-182000000,-0.12,-0.12,0.05,226000000,-156000000,486000000,559000000,4218000000,239000000,15.96,17.39,14.52,-0.0118,-0.0064,4.99,3.08,59.11,4.53,None,0.3285,0.4858,None,0.58,-0.01,1.9846
2003-09-30,1469419902,1469419902,1,14338000000,8304000000,6725000000,5985000000,7613000000,0,0,633000000,0,2041000000,-265000000,-265000000,-0.18,-0.18,0.17,-54000000,-351000000,432000000,27000000,3659000000,180000000,17.15,19.35,14.95,0.0503,0.0286,5.18,3.1,23.18,4.48,2.4849,0,0.531,0.0456,0.63,-0.16,1.3875
2003-06-30,1469204067,1469204067,1,14123000000,8142000000,5996000000,4768000000,8127000000,0,0,640000000,0,2338000000,182000000,182000000,0.12,0.12,0.17,-12000000,-105000000,407000000,292000000,3632000000,163000000,18.64,20.47,16.82,0.1356,0.0789,5.53,3.38,17.75,4.31,0.911,0,0.5754,0.1191,0.66,-0.12,1.7076
2003-03-31,1468894810,1468894810,1,13705000000,7807000000,5616000000,4408000000,8089000000,0,0,652000000,0,2074000000,173000000,173000000,0.12,0.12,0.17,441000000,-178000000,-443000000,-181000000,3340000000,119000000,19.56,23.68,15.45,0.1932,0.113,5.51,3.53,14.6,4.14,0.6451,0,0.5902,0.1595,0.71,0.22,1.7711
2002-12-31,1468540583,1468540583,1,14136000000,8272000000,5994000000,4729000000,8142000000,0,0,661000000,0,2370000000,312000000,312000000,0.22,0.21,0.17,496000000,-308000000,22000000,211000000,3521000000,247000000,20.27,23.25,17.3,0.2517,0.1463,5.54,3.73,16.48,3.97,0.4979,0,0.576,0.1939,0.75,0.17,1.7492
2002-09-30,1466629959,1466629959,1,13597000000,7804000000,5621000000,4547000000,7976000000,0,0,602000000,0,2421000000,429000000,429000000,0.29,0.29,0.17,614000000,-459000000,-4000000,150000000,3310000000,202000000,23.13,25.5,20.75,0.238,0.1389,5.44,4.33,17.13,3.8,0.5358,0,0.5866,0.1757,0.79,0.28,1.7163
2002-06-30,1466400778,1466400778,1,13307000000,7577000000,5481000000,4415000000,7826000000,0,0,642000000,0,2833000000,633000000,633000000,0.43,0.43,0.17,361000000,150000000,-148000000,360000000,3160000000,173000000,27.04,30.77,23.3,0.2676,0.1574,5.34,5.34,20.03,3.63,0.4816,0,0.5881,0.1931,0.82,0.13,1.7162
2002-03-31,1466116522,1466116522,1,12919000000,7223000000,5498000000,4369000000,7421000000,0,0,648000000,0,2556000000,600000000,600000000,0.41,0.41,0.16,509000000,-351000000,-70000000,84000000,2800000000,148000000,33.47,36,30.94,0.2771,0.1637,5.06,6.89,25.36,3.46,0.4737,0,0.5744,0.1971,0.83,0.25,1.6532
2001-12-31,1465887953,1465887953,1,12174000000,6519000000,5049000000,3917000000,7125000000,0,0,660000000,0,2471000000,144000000,144000000,0.1,0.1,0.16,759000000,-320000000,-375000000,62000000,2716000000,261000000,36.56,39.12,34,0.282,0.167,4.86,7.45,22.71,3.3,0.4672,0,0.5853,0.1982,0.84,0.34,1.6643
2001-09-30,1464086574,1464086574,1,11862000000,6384000000,4667000000,3638000000,7195000000,0,0,702000000,0,2382000000,601000000,601000000,0.41,0.41,0.16,702000000,-220000000,-390000000,94000000,2654000000,197000000,36.25,39.85,32.65,0.3568,0.2098,4.91,7.76,22.66,3.14,0.3706,0,0.6066,0.2441,0.86,0.34,1.7548
2001-06-30,1463534577,1463534577,1,11410000000,6132000000,4582000000,3551000000,6828000000,0,0,632000000,0,2630000000,634000000,634000000,0.43,0.43,0.16,569000000,-165000000,-316000000,86000000,2560000000,172000000,39.43,43.76,35.1,0.3749,0.2168,4.67,9,24.64,2.98,0.3597,0,0.5984,0.2428,0.89,0.27,1.7268
2001-03-31,1463056762,1463056762,1,11082000000,5930000000,4667000000,3639000000,6415000000,0,0,643000000,0,2319000000,564000000,564000000,0.39,0.38,0.14,482000000,-158000000,-246000000,77000000,2474000000,129000000,44.23,54.25,34.2,0.3938,0.2234,4.38,10.58,26.97,2.82,0.3473,0,0.5789,0.2425,0.92,0.24,1.6296
2000-12-31,1462788008,1462788008,1,10805000000,5720000000,4686000000,3645000000,6119000000,0,0,627000000,0,2373000000,570000000,570000000,0.39,0.39,0.14,512000000,-311000000,14000000,216000000,2397000000,327000000,52.44,59.13,45.75,0.4253,0.2385,4.18,13.21,32.98,2.68,0.3292,0,0.5663,0.2469,0.97,0.13,1.5693
2000-09-30,1462036425,1462036425,1,10227000000,5389000000,4422000000,3454000000,5805000000,0,0,657000000,0,2394000000,591000000,591000000,0.4,0.4,0.14,903000000,-202000000,-557000000,142000000,2181000000,184000000,45.22,51.38,39.06,0.4321,0.2406,3.97,11.78,29.36,2.54,0.3323,0,0.5676,0.2421,0.99,0.49,1.5602
2000-06-30,1464932783,1464932783,1,10123000000,5472000000,4500000000,3536000000,5623000000,0,0,623000000,0,2642000000,634000000,634000000,0.43,0.43,0.14,460000000,-196000000,5000000,267000000,2039000000,152000000,44.47,50.5,38.44,0.4402,0.2403,3.84,12.42,30.05,2.4,0.3337,0,0.5555,0.2384,1.01,0.21,1.5475
2000-03-31,1464102011,1464102011,1,9490000000,4937000000,4247000000,3220000000,5243000000,0,0,605000000,0,2406000000,628000000,628000000,0.43,0.42,0.125,636000000,-139000000,-600000000,-104000000,1772000000,100000000,39.25,48,30.5,0.45,0.2407,3.58,11.18,27.64,2.26,0.3371,0,0.5525,0.234,1.03,0.37,1.5332
1999-12-31,1470789125,1470789125,1,9375000000,4909000000,4210000000,3209000000,5165000000,0,0,588000000,0,2303000000,506000000,506000000,0.35,0.34,0.13,569000000,-243000000,-115000000,211000000,1876000000,205000000,48.81,56.88,40.75,0.4547,0.2387,3.51,15.11,35.89,2.13,0.3414,0,0.5509,0.2299,1.04,0.25,1.5298
1999-09-30,1469074987,1469074987,1,9060000000,4790000000,4320000000,3310000000,4740000000,0,0,570000000,0,2236000000,518000000,518000000,0.35,0.35,0.125,557000000,-173000000,-242000000,142000000,1665000000,137000000,48.78,56,41.56,0.4651,0.2393,3.23,16.26,37.52,2,0.3416,0,0.5232,0.2265,1.06,0.29,1.4471
1999-06-30,1468302898,1468302898,1,8619000000,4460000000,4221000000,3211000000,4398000000,0,0,551000000,0,2451000000,547000000,547000000,0.37,0.37,0.125,638000000,-319000000,-292000000,27000000,1523000000,122000000,52.03,60.75,43.31,0.4738,0.2423,3,18,42.13,1.88,0.3454,0,0.5103,0.2231,1.09,0.35,1.389
1999-03-31,1472111560,1472111560,1,8303000000,4407000000,4045000000,3218000000,4258000000,0,0,562000000,0,2186000000,539000000,539000000,0.37,0.36,0.11,129000000,72000000,38000000,237000000,1496000000,79000000,55.01,58.88,51.13,0.4806,0.2434,2.89,20.22,46.62,1.75,0.3507,0,0.5128,0.2208,1.1,0.03,1.3695
1998-12-31,1472315748,1472315748,1,7840000000,3958000000,3838000000,3032000000,4002000000,0,0,565000000,4000000,2059000000,419000000,419000000,0.29,0.28,0.11,498000000,-375000000,198000000,322000000,1259000000,162000000,51.66,57.5,45.81,0.4931,0.245,2.72,20.58,45.72,1.64,0.3556,0.001,0.5105,0.2174,1.13,0.23,1.3054
1998-09-30,734805557,1469611114,2,7216000000,3442000000,3522000000,2696000000,3694000000,0,0,563000000,46000000,1986000000,432000000,432000000,0.59,0.58,0.22,687000000,-135000000,-321000000,230000000,937000000,100000000,48.27,53.53,43,0.5143,0.2457,2.51,20.81,44.69,1.53,0.3583,0.0125,0.5119,0.2154,1.14,0.4,1.2767
1998-06-30,734000000,1468000000,2,6965000000,3280000000,3564000000,2755000000,3401000000,0,0,524000000,46000000,2124000000,455000000,455000000,0.62,0.61,0.22,519000000,-127000000,-307000000,85000000,707000000,86000000,42.88,46.69,39.06,0.5303,0.241,2.32,19.94,41.63,1.42,0.3619,0.0135,0.4883,0.2128,1.13,0.29,1.1906
1998-03-31,733667804,1467335608,2,6651000000,3035000000,3503000000,2684000000,3148000000,0,0,481000000,46000000,1908000000,450000000,450000000,0.61,0.61,0.19,322000000,-71000000,-342000000,-92000000,622000000,41000000,36.8,42.75,30.84,0.5412,0.2324,2.15,19.17,37.46,1.31,0.3667,0.0146,0.4733,0.2134,1.09,0.19,1.1308
1997-12-31,732902378,1465804756,2,6507000000,2920000000,3686000000,2891000000,2821000000,0,0,481000000,46000000,1781100000,342600000,342600000,0.46,None,0.19,483000000,-155000000,-344000000,-18000000,714000000,184000000,28.78,31.72,25.84,0.5569,0.2279,1.92,15.56,30.62,1.22,0.3728,0.0163,0.4335,0.213,1.07,0.2,1.01
1997-09-30,732150623,1464301246,2,6448000000,2956000000,3745000000,2937000000,2703000000,0,0,0,64000000,1709000000,353000000,353000000,0.48,None,0.19,642400000,-154300000,-449500000,32900000,732000000,94300000,25.39,27.28,23.5,0.5738,0.2275,1.85,14.59,28.29,1.12,0.3769,0.0237,0.4192,0.2151,1.06,0.37,1.0065
1997-06-30,732649197,1465298394,2,6536500000,3104000000,3984700000,3173500000,2551800000,0,0,0,64700000,1719800000,373100000,373100000,0.51,None,0.19,530600000,-432800000,-155800000,-57900000,699200000,66600000,21.16,24.69,17.63,0.576,0.2293,1.74,13.48,24.68,1.03,0.3814,0.0254,0.3904,0.2165,1.06,0.32,0.9781
1997-03-31,365852143,1463408572,4,5856300000,2812100000,3559800000,2799400000,2296500000,0,0,0,46000000,1568100000,375300000,375300000,1.03,None,0.33,189000000,-65900000,100300000,222000000,757100000,60100000,18.34,20.41,16.28,0.5806,0.2335,1.57,13.01,22.3,0.93,0.3847,0.02,0.3921,0.216,1.08,0.09,1.0045
1996-12-31,365597802,1462391208,4,5398100000,2364600000,3338200000,2599100000,2059900000,0,0,0,46400000,1414300000,277400000,277400000,0.75,None,0.33,428500000,-163800000,-166700000,97900000,535100000,116500000,16.78,18.06,15.5,0.5846,0.234,1.41,11.04,20.98,0.85,0.3887,0.0225,0.3816,0.2144,1.09,0.21,0.9098
1996-09-30,369379595,1477518380,4,5196300000,2256500000,2955900000,2295800000,2240400000,0,0,0,42000000,1382200000,291700000,291700000,0.79,None,0.33,353900000,-101900000,-312200000,-60400000,437200000,82100000,14.77,15.78,13.75,0.5977,0.235,1.52,10.4,19.12,0.77,0.3885,0.0187,0.4312,0.2131,1.1,0.18,0.9829
1996-06-30,369678128,1478712512,4,5157100000,2322800000,3063300000,2443000000,2093800000,0,0,0,46900000,1476600000,317100000,317100000,0.86,None,0.33,393200000,-88400000,-163600000,140800000,497600000,77000000,14.54,15.69,13.38,0.6209,0.2347,1.42,11.27,22.9,0.68,0.3884,0.0224,0.406,0.2108,1.11,0.21,0.9508
1996-03-31,368425332,1473701328,4,4977500000,2198200000,3072700000,2385100000,1904800000,0,0,0,87000000,1382700000,326600000,326600000,0.89,None,0.29,282900000,-53500000,-193900000,35400000,356800000,48900000,14.12,15.35,12.88,0.5326,0.1988,1.29,12.72,23.53,0.6,0.4569,0.0457,0.3827,0.1783,1.12,0.16,0.9216
1995-12-31,364253452,1457013808,4,4664600000,1956300000,3041700000,2362100000,1622900000,0,0,0,87100000,1270800000,239400000,239400000,0.66,None,0.29,387500000,-139300000,-264200000,-15300000,321400000,126200000,14.05,15.16,12.94,0.5159,0.1929,1.11,12.22,24.65,0.53,0.4682,0.0537,0.3479,0.1737,1.11,0.18,0.8282
1995-09-30,367568011,1470272044,4,4554200000,1929900000,2858700000,2219400000,1695500000,0,0,0,86300000,1256800000,252600000,252600000,0.68,None,0.29,609700000,-94700000,-402600000,109900000,336700000,63900000,11.94,13.13,10.75,0.4987,0.1886,1.15,9.87,21.86,0.46,0.4751,0.0509,0.3723,0.1697,1.11,0.37,0.8696
1995-06-30,372335498,1489341992,4,4606800000,2052000000,2811500000,2058500000,1795300000,0,0,171300000,186300000,1332500000,116000000,116000000,0.31,None,0.29,None,None,None,100600000,226800000,54600000,10.27,11.35,9.19,0.472,0.1838,1.21,8.7,16.43,0.38,0.4799,0.1038,0.3897,0.1685,1.09,None,0.9968
1995-03-31,186036690,1488293520,8,4563000000,1937900000,2802600000,2047000000,1760400000,0,0,168400000,185900000,1244300000,278600000,278600000,1.5,None,0.51,99800000,-15500000,-72600000,10600000,126200000,49100000,9.4,9.86,8.95,0.5415,None,1.18,8.87,15.63,0.31,0.4061,0.1056,0.3858,0.1999,1.07,0.03,0.9467
1994-12-31,186057622,1488460976,8,4325700000,1739100000,2751300000,2028800000,1574400000,0,0,168300000,185800000,1179700000,203800000,203800000,1.08,None,0.51,440400000,-40200000,-414900000,-19500000,115600000,72200000,9.09,9.45,8.73,0.529,None,1.06,7.51,None,0.25,0.4087,0.118,0.364,0.198,1.07,0.25,0.8572
1994-09-30,190329827,1522638616,8,4411000000,1881400000,2568900000,1913400000,1842100000,0,0,172800000,186700000,1125700000,224300000,224300000,1.17,None,0.51,421900000,-63800000,-324300000,34400000,135100000,65600000,8.31,8.92,7.7,None,None,1.21,6.98,None,0.18,None,0.1014,0.4176,None,None,0.23,0.9833
1994-06-30,192039778,1536318224,8,4414600000,1923400000,2593800000,1935700000,1820800000,0,0,177400000,181500000,1190100000,240700000,240700000,1.25,None,0.51,278000000,-76200000,-211900000,-9900000,100700000,74600000,7.61,8.33,6.89,None,None,1.19,6.79,None,0.12,None,0.0997,0.4124,None,None,0.13,0.9936
1994-03-31,193141604,1545132832,8,4270200000,1835700000,2536300000,1927500000,1733900000,0,0,174800000,181500000,1161600000,253200000,253200000,1.31,None,0.45,142200000,29400000,-283000000,-111600000,110600000,59200000,7.79,8.64,6.95,None,None,1.12,7.64,None,0.06,None,0.1047,0.406,None,None,0.05,0.9524
1993-12-31,193606197,1548849576,8,4316900000,1900500000,2735000000,2132400000,1581900000,0,0,182500000,182300000,None,None,None,None,None,0,None,None,None,None,222200000,0,8.38,8.88,7.89,None,None,1.02,None,None,0,None,0.1152,0.3664,None,None,None,0.8912
