"Quarter end","Shares","Shares split adjusted","Split factor","Assets","Current Assets","Liabilities","Current Liabilities","Shareholders equity","Non-controlling interest","Preferred equity","Goodwill & intangibles","Long-term debt","Revenue","Earnings","Earnings available for common stockholders","EPS basic","EPS diluted","Dividend per share","Cash from operating activities","Cash from investing activities","Cash from financing activities","Cash change during period","Cash at end of period","Capital expenditures","Price","Price high","Price low","ROE","ROA","Book value of equity per share","P/B ratio","P/E ratio","Cumulative dividends per share","Dividend payout ratio","Long-term debt to equity ratio","Equity to assets ratio","Net margin","Asset turnover","Free cash flow per share","Current ratio"
2019-03-31,2246387858,2246387858,1,189785000000,49248000000,95687000000,28580000000,92444000000,1654000000,0,89415000000,34966000000,19649000000,520000000,519000000,0.23,0.23,0.52,26000000,-1000000000,-1032000000,-1956000000,12066000000,1164000000,55.45,60.07,50.83,0.0339,0.0174,41.15,1.35,33.61,31.38,1.169,0.3782,0.4871,0.0386,0.45,-0.51,1.7232
2018-12-31,2303312652,2303312652,1,188030000000,49603000000,91851000000,24715000000,94571000000,1608000000,0,89997000000,37662000000,20099000000,475000000,473000000,0.21,0.21,0.38,5101000000,-1023000000,2566000000,6546000000,14022000000,1337000000,57.33,65.76,48.89,0.039,0.0204,41.06,1.34,63.7,30.86,0.9174,0.3982,0.503,0.0445,0.46,1.63,2.007
2018-09-30,2294243816,2294243816,1,184453000000,45405000000,84709000000,27680000000,98090000000,1654000000,0,90870000000,27293000000,20123000000,497000000,495000000,0.22,0.21,0,-323000000,-1049000000,-882000000,-2329000000,7476000000,1008000000,68.02,71.93,64.11,0.0209,0.0111,42.75,1.6,67.35,30.48,1.6918,0.2782,0.5318,0.0242,0.45,-0.58,1.6404
2018-06-30,2307376875,2307376875,1,187367000000,47897000000,87485000000,28110000000,98262000000,1620000000,0,91506000000,26850000000,24245000000,1768000000,1761000000,0.76,0.76,0.76,2090000000,-680000000,-2059000000,-1028000000,9805000000,828000000,65.84,70.4,61.27,0.0208,0.011,42.59,1.51,49.88,30.48,2.1921,0.2732,0.5244,0.0258,0.42,0.55,1.7039
2018-03-31,2320786686,2320786686,1,192441000000,49733000000,89517000000,26617000000,101260000000,1664000000,0,93459000000,29343000000,21510000000,1104000000,1098000000,0.47,0.47,0.38,-2137000000,290000000,-1543000000,-3182000000,10833000000,804000000,69.69,77.08,62.31,0.0199,0.0101,43.63,1.62,44.39,29.72,2.0556,0.2898,0.5262,0.0234,0.43,-1.27,1.8685
2017-12-31,2329023478,2329023478,1,192164000000,49893000000,90237000000,26128000000,100330000000,1597000000,0,92801000000,30056000000,20066000000,-1263000000,-1273000000,-0.54,-0.54,0.38,4226000000,1140000000,-5244000000,290000000,13438000000,1477000000,70.92,73.85,68,0.0224,0.0105,43.08,1.61,33.93,29.34,2.1328,0.2996,0.5221,0.0232,0.45,1.18,1.9096
2017-09-30,2339990261,2339990261,1,198527000000,54801000000,93993000000,27278000000,102946000000,1588000000,0,94118000000,29819000000,15354000000,514000000,511000000,0.32,0.32,0.46,2654000000,4887000000,-620000000,6967000000,13148000000,784000000,66.97,70.7,63.24,0.0583,0.0252,43.99,2.88,27.9,28.96,1.0115,0.2897,0.5185,0.0485,0.5,0.8,2.009
2017-06-30,1223444930,1223444930,1,82247000000,25935000000,52658000000,13429000000,28421000000,1168000000,0,21251000000,20072000000,13834000000,1321000000,1321000000,1.08,1.07,0.46,1339000000,-693000000,-428000000,370000000,6218000000,825000000,62.38,65.47,59.29,0.1087,0.0379,23.23,2.82,15.83,28.5,0.7452,0.7062,0.3456,0.0551,0.65,0.42,1.9313
2017-03-31,1221702737,1221702737,1,80828000000,24640000000,52494000000,13193000000,27060000000,1274000000,0,21262000000,20471000000,13230000000,888000000,888000000,0.74,0.72,0.46,476000000,-1060000000,-231000000,-759000000,5848000000,792000000,60.97,65.42,56.52,0.1824,0.0614,22.15,2.64,18.09,28.04,0.4499,0.7565,0.3348,0.0927,0.63,-0.26,1.8677
2016-12-31,1123496434,1123496434,1,79511000000,23659000000,52282000000,12604000000,25987000000,1242000000,0,21298000000,21091000000,13020000000,52000000,-33000000,-0.02,-0.02,0.46,1863000000,-981000000,-1204000000,-425000000,6607000000,959000000,55.47,59.33,51.6,0.1631,0.0557,23.13,2.48,8.76,27.58,0.5197,0.8116,0.3268,0.0826,0.62,0.8,1.8771
2016-09-30,1121380831,1121380831,1,80624000000,24778000000,50275000000,12655000000,29035000000,1314000000,4000000000,21817000000,20423000000,12483000000,804000000,719000000,0.64,0.63,0.46,1345000000,-435000000,-1206000000,-277000000,7032000000,1141000000,51.05,54.59,47.51,0.3244,0.1055,22.33,2.31,7.52,27.12,0.2762,0.8158,0.3105,0.1618,0.62,0.18,1.958
2016-06-30,1126830305,1126830305,1,81524000000,26310000000,51290000000,12881000000,28936000000,1298000000,4000000000,21905000000,20852000000,11952000000,3208000000,3123000000,2.79,2.61,0.46,2218000000,-900000000,-611000000,699000000,7309000000,997000000,50.86,53.98,47.75,0.3676,0.1174,22.13,2.64,9.88,26.66,0.2531,0.8362,0.3059,0.1757,0.64,1.08,2.0425
2016-03-31,1122827921,1122827921,1,68440000000,23334000000,42006000000,11682000000,25599000000,835000000,4000000000,15805000000,16229000000,10703000000,254000000,169000000,0.15,0.15,0.46,52000000,-1163000000,-871000000,-1967000000,6610000000,820000000,46.24,52.23,40.26,0.2953,0.0937,19.24,2.5,7.48,26.2,0.3301,0.7514,0.3156,0.1299,0.68,-0.68,1.9974
2015-12-31,1154841365,1154841365,1,68026000000,24475000000,41843000000,11215000000,25374000000,809000000,4000000000,15771000000,16215000000,11462000000,3612000000,3527000000,3.17,2.94,0.46,2341000000,-110000000,-1200000000,954000000,8577000000,892000000,49.63,57.1,42.15,0.3693,0.1118,18.51,2.83,12.79,25.74,0.2707,0.7586,0.3142,0.1506,0.71,1.25,2.1823
2015-09-30,1158614590,1158614590,1,69884000000,24852000000,44610000000,13205000000,24333000000,941000000,4000000000,16004000000,17462000000,12036000000,1375000000,1290000000,1.12,1.09,0.42,2511000000,-478000000,-561000000,1399000000,7623000000,956000000,44.16,53.2,35.11,0.2377,0.0709,17.55,2.61,12.62,25.28,0.4303,0.8588,0.291,0.088,0.75,1.34,1.882
2015-06-30,1158101934,1158101934,1,69334000000,24764000000,44567000000,12765000000,23612000000,1155000000,4000000000,16329000000,17833000000,12910000000,1220000000,1135000000,0.99,0.97,0.42,1406000000,-1082000000,-379000000,-64000000,6224000000,998000000,50.49,53.77,47.21,0.211,0.0647,16.93,3.19,15.49,24.86,0.4638,0.9093,0.2829,0.0761,0.79,0.35,1.94
2015-03-31,1152880868,1152880868,1,67789000000,24394000000,44373000000,12387000000,22237000000,1179000000,4000000000,15801000000,17867000000,12370000000,1478000000,1393000000,1.22,1.18,0.42,1258000000,320000000,-901000000,634000000,6288000000,903000000,46.09,50.22,41.95,0.1903,0.0611,15.82,2.99,16.06,24.44,0.4827,0.9797,0.269,0.0689,0.82,0.31,1.9693
2014-12-31,1194093171,1194093171,1,68796000000,24267000000,45240000000,11593000000,22423000000,1133000000,4000000000,16400000000,18838000000,14384000000,819000000,734000000,0.65,0.64,0.42,2757000000,-1206000000,-1626000000,-114000000,5654000000,1106000000,47.63,53.8,41.45,0.1603,0.0546,15.43,2.58,15.67,24.02,0.5317,1.0225,0.2678,0.059,0.84,1.38,2.0932
2014-09-30,1178560644,1178560644,1,69573000000,25730000000,42671000000,12087000000,25731000000,1171000000,4000000000,16664000000,19001000000,14405000000,937000000,852000000,0.72,0.71,0.37,1775000000,-431000000,632000000,1925000000,5768000000,930000000,52.66,54.97,50.34,0.1625,0.0578,18.44,2.76,18.67,23.6,0.4673,0.8744,0.3123,0.0629,0.84,0.72,2.1287
2014-06-30,1194093171,1194093171,1,68756000000,24283000000,40830000000,11879000000,26753000000,1173000000,4000000000,16938000000,17036000000,14917000000,967000000,882000000,0.74,0.73,0.37,1395000000,-814000000,-1137000000,-542000000,3843000000,864000000,49.95,53.35,46.56,0.154,0.0539,19.05,2.64,12.61,23.23,0.4886,0.7487,0.3309,0.0592,0.83,0.44,2.0442
2014-03-31,1204058248,1204058248,1,69233000000,25062000000,41327000000,12226000000,26741000000,1165000000,4000000000,17021000000,16936000000,14461000000,1049000000,964000000,0.8,0.79,0.37,575000000,-654000000,-1452000000,-1555000000,4385000000,672000000,46.39,50.96,41.82,0.2291,0.0745,18.89,2.45,12.78,22.86,0.3308,0.7447,0.3285,0.085,0.82,-0.08,2.0499
2013-12-31,1210213904,1210213904,1,69501000000,24977000000,41421000000,11971000000,26898000000,1182000000,4000000000,17112000000,16820000000,14386000000,1048000000,963000000,0.8,0.81,0.32,2233000000,-229000000,-1320000000,668000000,5940000000,884000000,41.52,44.99,38.04,0.2248,0.0686,18.92,2.52,18.79,22.49,0.3485,0.7346,0.3295,0.0779,0.82,1.11,2.0865
2013-09-30,1212865976,1212865976,1,70206000000,25009000000,45041000000,11993000000,24005000000,1160000000,4000000000,17150000000,17487000000,13734000000,679000000,594000000,0.5,0.49,0.32,1402000000,-528000000,-550000000,389000000,5272000000,566000000,36.56,41.08,32.05,0.1515,0.0445,16.49,2.3,17.08,22.17,0.558,0.8741,0.2849,0.0489,0.81,0.69,2.0853
2013-06-30,1210213904,1210213904,1,70142000000,25327000000,45795000000,12613000000,23211000000,1136000000,4000000000,17175000000,17475000000,14577000000,2425000000,2340000000,1.96,1.87,0.32,3741000000,-477000000,-1859000000,1369000000,4883000000,506000000,32.91,36,29.81,0.1465,0.0433,15.87,2.34,40.13,21.85,0.5766,0.9096,0.2739,0.0473,0.81,2.67,2.008
2013-03-31,1209588981,1209588981,1,69304000000,24248000000,47161000000,12440000000,20998000000,1145000000,4000000000,17272000000,18753000000,14383000000,635000000,550000000,0.46,0.46,0.32,447000000,-235000000,-1002000000,-804000000,3514000000,346000000,32.73,34.83,30.63,0.0538,0.0191,14.05,2.31,46.1,21.53,1.5676,1.1032,0.2453,0.0174,0.81,0.08,1.9492
2012-12-31,1193921926,1193921926,1,69605000000,23684000000,47591000000,11493000000,20877000000,1137000000,4000000000,17450000000,19919000000,13917000000,-631000000,-716000000,-0.61,-0.61,0.32,1551000000,-943000000,-173000000,433000000,4318000000,1009000000,30.2,32.95,27.45,0.045,0.017,14.14,1.83,23.41,21.21,1.7198,1.1802,0.2425,0.0148,0.82,0.45,2.0607
2012-09-30,1199231590,1199231590,1,69368000000,23465000000,44260000000,12795000000,23830000000,1278000000,4000000000,17782000000,18216000000,13637000000,582000000,497000000,0.42,0.42,0.32,1103000000,-629000000,-748000000,-243000000,3885000000,622000000,30.46,32.48,28.45,0.0807,0.0271,16.54,1.91,19.53,20.89,0.8845,0.9186,0.2859,0.027,0.82,0.4,1.8339
2012-06-30,1198107132,1198107132,1,68842000000,23198000000,44471000000,12629000000,23121000000,1250000000,4000000000,17794000000,18304000000,14513000000,734000000,649000000,0.55,0.55,0.32,1472000000,-653000000,-221000000,520000000,4128000000,179000000,32.67,36.08,29.27,0.0969,0.032,15.96,2.05,17.66,20.57,0.6854,0.9573,0.2778,0.0318,0.85,1.08,1.8369
2012-03-31,1195379948,1195379948,1,69598000000,23911000000,45400000000,13465000000,23026000000,1172000000,4000000000,17956000000,18224000000,14719000000,497000000,412000000,0.35,0.35,0.25,-51000000,-462000000,-1388000000,-1836000000,3608000000,804000000,32.63,36,29.27,0.1128,0.0369,15.92,2.1,16,20.25,0.5409,0.9578,0.2734,0.0365,0.87,-0.72,1.7758
2011-12-31,1177508085,1177508085,1,69224000000,23422000000,45786000000,13634000000,22281000000,1157000000,4000000000,17991000000,18310000000,14097000000,65000000,-20000000,-0.03,-0.03,0.25,2021000000,-531000000,1819000000,3238000000,5444000000,1067000000,25.09,29.56,20.61,0.1238,0.0402,15.53,1.47,10.33,20,0.4419,1.0016,0.2641,0.04,0.88,0.81,1.7179
2011-09-30,1181812440,1181812440,1,66951000000,21754000000,41810000000,12887000000,24152000000,989000000,4000000000,18206000000,17042000000,15109000000,900000000,815000000,0.7,0.69,0.25,1238000000,-559000000,-582000000,-17000000,2206000000,681000000,29.88,37.3,22.46,0.1476,0.0466,17.05,1.75,13.64,19.75,0.3302,0.8457,0.301,0.0477,0.87,0.47,1.6881
2011-06-30,1181218850,1181218850,1,68447000000,22699000000,43408000000,12429000000,24185000000,854000000,4000000000,18468000000,18511000000,16046000000,1067000000,982000000,0.84,0.84,0.25,795000000,-552000000,-1639000000,-1342000000,2223000000,564000000,38.1,42.23,33.97,0.1358,0.0424,17.09,2.35,20.59,19.5,0.3219,0.9171,0.2949,0.0443,0.84,0.2,1.8263
2011-03-31,1175579518,1175579518,1,68442000000,22983000000,44605000000,12984000000,23021000000,816000000,4000000000,18501000000,19078000000,14733000000,710000000,625000000,0.55,0.54,0.15,-175000000,-352000000,-2960000000,-3477000000,3562000000,405000000,36.56,39,34.12,0.1195,0.0368,16.18,2.37,21.26,19.25,0.3278,1.003,0.2779,0.0387,0.82,-0.49,1.7701
2010-12-31,1156112393,1156112393,1,69588000000,23781000000,46946000000,13896000000,21839000000,803000000,4000000000,18497000000,20605000000,13771000000,511000000,426000000,0.38,0.36,0.15,1835000000,-646000000,2597000000,3816000000,7039000000,942000000,30.94,34.5,27.38,0.1148,0.0345,15.43,2.01,21.49,19.1,0.3527,1.1551,0.2564,0.0367,0.8,0.77,1.7114
2010-09-30,1160715964,1160715964,1,66001000000,20669000000,43397000000,13159000000,21906000000,698000000,4000000000,18625000000,18030000000,12868000000,597000000,512000000,0.45,0.45,0.15,984000000,-156000000,-753000000,155000000,3223000000,497000000,25.46,28.5,22.42,0.1019,0.0299,15.43,1.79,15.72,18.95,0.4035,1.0069,0.2713,0.0328,0.79,0.42,1.5707
2010-06-30,1159855566,1159855566,1,64594000000,20080000000,43427000000,13347000000,20490000000,677000000,4000000000,18471000000,18108000000,13618000000,651000000,566000000,0.5,0.5,0.15,1297000000,692000000,-1876000000,99000000,3068000000,442000000,27.72,32.05,23.4,0.1157,0.0327,14.22,1.95,42.65,18.8,0.3602,1.0981,0.2553,0.0372,0.78,0.74,1.5045
2010-03-31,1154900085,1154900085,1,67546000000,21311000000,46454000000,14905000000,20417000000,675000000,4000000000,18913000000,18835000000,13417000000,551000000,466000000,0.42,0.41,0.15,-14000000,245000000,-146000000,77000000,2923000000,294000000,28.62,31.66,25.57,0.0528,0.0176,14.22,1.97,106,18.65,0.7965,1.1473,0.243,0.0175,0.74,-0.27,1.4298
2009-12-31,1140566930,1140566930,1,65937000000,19560000000,44813000000,13106000000,20555000000,569000000,4000000000,19080000000,19152000000,12420000000,172000000,172000000,0.07,0.08,0.15,1404000000,448000000,-1602000000,265000000,2846000000,38000000,26.32,29.5,23.14,0.0271,0.0107,14.51,1.8,None,18.5,1.5512,1.1569,0.2511,0.0094,0.74,1.2,1.4924
2009-09-30,1143726067,1143726067,1,67030000000,19027000000,45785000000,12334000000,20729000000,516000000,4000000000,18581000000,20631000000,12046000000,796000000,711000000,0.64,0.63,0.15,608000000,414000000,-1112000000,-67000000,2581000000,1232000000,20.73,27.24,14.22,-0.0882,-0.0193,14.63,1.51,None,18.35,None,1.2332,0.2496,None,0.78,-0.55,1.5426
2009-06-30,1143619623,1143619623,1,66168000000,18383000000,45945000000,11127000000,19719000000,504000000,4000000000,18544000000,21983000000,11322000000,-344000000,-486000000,-0.47,-0.47,0.15,140000000,-15453000000,14911000000,-308000000,2648000000,619000000,13.56,18.99,8.14,-0.1032,-0.028,13.74,0.96,None,18.2,None,1.3985,0.2376,None,0.91,-0.42,1.6521
2009-03-31,925833122,925833122,1,44159000000,15606000000,30980000000,9752000000,13116000000,63000000,0,4205000000,10897000000,9087000000,24000000,24000000,0.03,0.03,0.15,-77000000,-176000000,462000000,156000000,2956000000,234000000,11.29,16.68,5.89,-0.0205,-0.007,14.17,0.77,19.47,18.05,None,0.8308,0.297,None,1.08,-0.34,1.6003
2008-12-31,922805097,922805097,1,45474000000,16060000000,31894000000,13108000000,13511000000,69000000,0,4223000000,8042000000,10899000000,-1552000000,-1552000000,-1.68,-1.68,0.42,2249000000,-800000000,-924000000,539000000,2800000000,692000000,23.66,32.38,14.93,0.0317,0.0117,14.64,1.14,8.42,17.9,2.6854,0.5952,0.2971,0.0101,1.16,1.69,1.2252
2008-09-30,923779819,923779819,1,50165000000,19676000000,30967000000,14149000000,19128000000,70000000,0,4445000000,8257000000,15411000000,428000000,428000000,0.46,0.46,0.42,1046000000,-713000000,-134000000,150000000,2261000000,628000000,35.41,39.99,30.82,0.1321,0.0516,20.71,1.63,12.78,17.48,0.6016,0.4317,0.3813,0.0428,1.21,0.45,1.3906
2008-06-30,924967681,924967681,1,52153000000,21331000000,31783000000,14387000000,20133000000,237000000,0,4411000000,8116000000,16380000000,762000000,762000000,0.82,0.81,0.42,969000000,-934000000,380000000,438000000,2111000000,597000000,38.86,43.43,34.3,0.1326,0.0517,21.77,1.79,12.83,17.06,0.6108,0.4031,0.386,0.0437,1.18,0.4,1.4827
2008-03-31,930421523,930421523,1,50657000000,20136000000,30048000000,13404000000,20179000000,430000000,0,4393000000,7392000000,14824000000,941000000,941000000,1,0.99,0.42,447000000,-290000000,-300000000,-63000000,1673000000,359000000,36.52,40.04,33.01,0.1513,0.0589,21.69,1.79,12.01,16.64,0.5552,0.3663,0.3983,0.0511,1.15,0.09,1.5022
2007-12-31,949152650,949152650,1,48801000000,18654000000,28998000000,12445000000,19389000000,414000000,0,4353000000,7581000000,14227000000,472000000,472000000,0.52,0.55,0.42,1230000000,-772000000,-706000000,-209000000,1736000000,862000000,43.31,47.43,39.2,0.159,0.061,20.43,2.26,12.34,16.22,0.5375,0.391,0.3973,0.0539,1.13,0.39,1.4989
2007-09-30,944397632,944397632,1,47669000000,18253000000,29201000000,11534000000,18068000000,400000000,0,4271000000,8019000000,13589000000,403000000,403000000,0.42,0.42,0.42,1292000000,-641000000,-719000000,-31000000,1945000000,478000000,43.42,47.96,38.89,0.1929,0.0728,19.13,2.31,11.99,15.8,0.4466,0.4438,0.379,0.0658,1.11,0.86,1.5825
2007-06-30,950058875,950058875,1,46915000000,18029000000,28696000000,11297000000,17830000000,389000000,0,4197000000,7966000000,13265000000,1039000000,1039000000,1.09,1.07,0.42,1426000000,-1155000000,-684000000,-401000000,1976000000,439000000,45.66,47.6,43.71,0.2028,0.0756,18.77,2.51,12.68,15.38,0.4217,0.4468,0.38,0.0696,1.09,1.04,1.5959
2007-03-31,953240999,953240999,1,46030000000,17824000000,28327000000,10905000000,17325000000,378000000,0,3707000000,7975000000,12432000000,973000000,973000000,1.01,1,0.375,536000000,-290000000,-619000000,-380000000,2377000000,296000000,43.14,47.26,39.02,0.2049,0.0756,18.17,2.4,11.23,14.96,0.4123,0.4603,0.3764,0.0703,1.07,0.25,1.6345
2006-12-31,949440129,949440129,1,45581000000,17209000000,28151000000,10601000000,17065000000,365000000,0,3699000000,8036000000,12236000000,975000000,975000000,1.03,1.02,0.38,1250000000,-585000000,-1062000000,-377000000,2757000000,452000000,39.84,41.55,38.13,0.2234,0.081,17.97,2.27,10.14,14.58,0.3865,0.4709,0.3744,0.0758,1.07,0.84,1.6233
2006-09-30,955192111,955192111,1,46577000000,17880000000,29431000000,10088000000,16792000000,354000000,0,3671000000,9199000000,12359000000,512000000,512000000,0.53,0.53,0.375,969000000,-470000000,-504000000,-28000000,3134000000,680000000,36.49,39.98,33,0.2369,0.0835,17.58,2.08,8.65,14.2,0.3624,0.5478,0.3605,0.0788,1.06,0.3,1.7724
2006-06-30,959339691,959339691,1,46143000000,17398000000,28985000000,9602000000,16812000000,346000000,0,3580000000,9248000000,12509000000,1023000000,1023000000,1.06,1.05,0.375,1236000000,-408000000,-1062000000,-227000000,3162000000,358000000,40.05,43.1,37.01,0.2633,0.0902,17.52,2.41,8.96,13.83,0.3287,0.5501,0.3643,0.0867,1.04,0.92,1.8119
2006-03-31,961711055,961711055,1,45564000000,17261000000,29215000000,9915000000,16001000000,348000000,0,3589000000,9180000000,12020000000,1214000000,1214000000,1.25,1.24,0.375,699000000,-444000000,-674000000,-417000000,3389000000,285000000,42.7,45.15,40.26,0.2916,0.0961,16.64,2.66,9.24,13.45,0.3021,0.5737,0.3512,0.0938,1.02,0.43,1.7409
2005-12-31,954576414,954576414,1,45934000000,17404000000,30274000000,10663000000,15324000000,336000000,0,3583000000,9186000000,11917000000,1096000000,1096000000,1.14,1.11,0.33,940000000,93000000,-416000000,627000000,3806000000,524000000,43.88,47.21,40.55,0.3146,0.0989,16.05,2.89,9.62,13.08,0.2843,0.5995,0.3336,0.0975,1.01,0.44,1.6322
2005-09-30,965122285,965122285,1,45737000000,16850000000,30741000000,9728000000,14663000000,333000000,0,3615000000,9969000000,11261000000,801000000,801000000,0.83,0.82,0.335,1092000000,-334000000,-788000000,17000000,3179000000,373000000,44.81,49.45,40.18,0.3271,0.0974,15.19,3.08,10.21,12.75,0.2869,0.6799,0.3206,0.0981,0.99,0.74,1.7321
2005-06-30,964587326,964587326,1,44887000000,16073000000,30510000000,9566000000,14043000000,334000000,0,3633000000,10023000000,11450000000,1265000000,1265000000,1.31,1.3,0.335,1368000000,-258000000,-1168000000,-195000000,3162000000,326000000,46.69,50.49,42.88,0.3395,0.0946,14.56,3.35,12.25,12.41,0.2975,0.7137,0.3129,0.0965,0.98,1.08,1.6802
2005-03-31,961254225,961254225,1,45972000000,16799000000,32249000000,10395000000,13384000000,339000000,0,3657000000,10876000000,11679000000,1353000000,1353000000,1.41,1.39,0.335,1074000000,-597000000,-136000000,249000000,3357000000,269000000,52.15,56.75,47.55,0.3196,0.083,13.92,3.95,17.86,12.08,0.3421,0.8126,0.2911,0.0865,0.96,0.84,1.6161
2004-12-31,929444379,929444379,1,45885000000,15890000000,33166000000,10506000000,12270000000,449000000,0,3687000000,11629000000,10936000000,1026000000,1026000000,1.08,1.05,0.33,1122000000,-428000000,-89000000,706000000,3108000000,363000000,46.58,51.34,41.82,0.2654,0.0646,13.2,4.18,16.29,11.74,0.4472,0.9478,0.2674,0.0696,0.93,0.82,1.5125
2004-09-30,942969840,942969840,1,43349000000,14381000000,32417000000,9874000000,10513000000,419000000,0,3688000000,11785000000,10072000000,617000000,617000000,0.66,0.65,0.335,829000000,-306000000,-414000000,108000000,2402000000,311000000,41.67,45.4,37.95,0.2765,0.0638,11.15,3.95,16.21,11.41,0.4607,1.121,0.2425,0.0719,0.89,0.55,1.4565
2004-06-30,939431901,939431901,1,42184000000,13578000000,31881000000,8900000000,9898000000,405000000,0,3712000000,12241000000,9844000000,685000000,685000000,0.73,0.72,0.335,624000000,479000000,-731000000,368000000,2294000000,311000000,39.4,42.45,36.35,0.2646,0.0581,10.54,3.89,17.28,11.08,0.512,1.2367,0.2346,0.0681,0.85,0.33,1.5256
2004-03-31,936175652,936175652,1,41882000000,13232000000,32010000000,9547000000,9479000000,393000000,0,3798000000,11799000000,9309000000,469000000,469000000,0.5,0.5,0.335,95000000,-398000000,-163000000,-466000000,1926000000,192000000,40.84,44.2,37.49,0.2464,0.0516,10.13,4.04,21.96,10.74,0.5791,1.2448,0.2263,0.0627,0.82,-0.1,1.386
2003-12-31,908360401,908360401,1,41891000000,13002000000,32340000000,9534000000,9175000000,376000000,0,3805000000,11763000000,8332000000,929000000,929000000,1.01,0.99,0.33,1050000000,-884000000,-294000000,-174000000,2392000000,320000000,37.65,42,33.3,0.2128,0.0426,10.1,4.35,None,10.41,0.7067,1.2821,0.219,0.053,0.8,0.8,1.3638
2003-09-30,920534758,920534758,1,40305000000,12241000000,31977000000,9153000000,7960000000,368000000,0,3816000000,11695000000,7977000000,332000000,332000000,0.36,0.36,0.335,1068000000,-221000000,-604000000,290000000,2566000000,137000000,32.91,35.3,30.52,-0.001,-0.0002,8.65,3.85,None,10.08,None,1.4692,0.1975,None,0.78,1.01,1.3374
2003-06-30,918396819,918396819,1,40497000000,12250000000,32292000000,9587000000,7850000000,355000000,0,3813000000,11636000000,8242000000,393000000,393000000,0.43,0.43,0.335,836000000,-234000000,-274000000,345000000,2276000000,203000000,30.21,32.64,27.79,-0.0259,-0.0054,8.55,3.67,None,9.74,None,1.4823,0.1938,None,0.78,0.69,1.2778
2003-03-31,915543760,915543760,1,39887000000,11695000000,32008000000,9051000000,7539000000,340000000,0,3820000000,12045000000,8081000000,76000000,76000000,0.08,0.08,0.335,826000000,-337000000,-53000000,447000000,1931000000,209000000,28.16,31.15,25.16,-0.042,-0.0096,8.23,3.34,None,9.41,None,1.5977,0.189,None,0.77,0.67,1.2921
2002-12-31,904947892,904947892,1,39562000000,11681000000,31570000000,8856000000,7626000000,366000000,0,3802000000,11659000000,7089000000,-809000000,-809000000,-0.89,-0.89,0.33,765000000,-533000000,753000000,984000000,1484000000,510000000,28.16,32.21,24.1,-0.0363,-0.0091,8.43,2.62,59.91,9.07,None,1.5288,0.1928,None,0.74,0.28,1.319
2002-09-30,911107535,911107535,1,36788000000,10761000000,26650000000,8441000000,9772000000,366000000,0,3790000000,10360000000,7041000000,128000000,128000000,0.14,0.14,0.335,803000000,-307000000,-293000000,201000000,500000000,385000000,29.77,34.73,24.8,0.0438,0.012,10.73,2.7,76.33,8.74,2.7895,1.0602,0.2656,0.0162,0.74,0.46,1.2748
2002-06-30,910718107,910718107,1,37105000000,10950000000,26699000000,9420000000,10051000000,355000000,0,3789000000,9336000000,7217000000,238000000,238000000,0.26,0.26,0.335,391000000,-433000000,104000000,65000000,299000000,355000000,32.15,34.59,29.71,0.0361,0.0099,11.04,2.96,73.07,8.41,3.3266,0.9289,0.2709,0.0137,0.73,0.04,1.1624
2002-03-31,907677392,907677392,1,35351000000,10267000000,25154000000,8395000000,9845000000,352000000,0,3683000000,9099000000,6262000000,105000000,105000000,0.12,0.11,0.335,149000000,-353000000,223000000,14000000,234000000,294000000,30.33,37,23.66,0.0397,0.0111,10.85,2.73,None,8.07,2.9734,0.9242,0.2785,0.0152,0.73,-0.16,1.223
2001-12-31,897777409,897777409,1,35515000000,10308000000,25165000000,8125000000,9993000000,357000000,0,3130000000,9266000000,6346000000,-37000000,-37000000,-0.04,-0.04,0.33,1362000000,-330000000,-1292000000,-260000000,220000000,559000000,35.11,38.67,31.55,-0.0371,-0.0106,11.13,3.06,None,7.74,None,0.9272,0.2814,None,0.76,0.89,1.2687
2001-09-30,901888331,901888331,1,38052000000,12714000000,27347000000,10533000000,10335000000,370000000,0,3301000000,8711000000,6729000000,57000000,57000000,0.06,0.06,0.335,326000000,-300000000,251000000,277000000,480000000,328000000,31.03,37,25.06,-0.0103,-0.003,11.46,2.64,79.56,7.41,None,0.8429,0.2716,None,0.81,-0,1.2071
2001-06-30,900809497,900809497,1,36947000000,11959000000,25966000000,10152000000,10588000000,393000000,0,3363000000,8379000000,7344000000,280000000,280000000,0.31,0.31,0.335,685000000,-1867000000,1142000000,-41000000,203000000,348000000,35.36,39.67,31.04,0.0168,0.0052,11.75,3,41.6,7.07,5.4796,0.7914,0.2866,0.0062,0.84,0.37,1.178
2001-03-31,897530013,897530013,1,35430000000,11751000000,24434000000,9762000000,10580000000,416000000,0,2226000000,7139000000,7386000000,-685000000,-685000000,-0.76,-0.76,0.17,-584000000,-177000000,730000000,-34000000,244000000,199000000,33.05,37.31,28.8,0.0434,0.0141,11.79,3.21,14.89,6.74,1.948,0.6748,0.2986,0.0165,0.86,-0.87,1.2037
2000-12-31,891433400,891433400,1,27645000000,9260000000,18049000000,7873000000,9186000000,410000000,0,1887000000,4865000000,6483000000,243000000,243000000,0.36,0.36,0.29,451000000,-561000000,112000000,5000000,215000000,309000000,30.69,38.38,23,0.1672,0.0565,10.3,2.26,13.6,6.57,0.5605,0.5296,0.3323,0.0658,0.86,0.16,1.1762
2000-09-30,678445800,678445800,1,27092000000,9021000000,17475000000,7438000000,9213000000,404000000,0,1835000000,4790000000,5514000000,328000000,328000000,0.48,0.48,0.29,-107000000,356000000,-224000000,20000000,210000000,310000000,28.88,33.88,23.88,0.174,0.0585,13.58,2.16,12.8,6.28,0.5095,0.5199,0.3401,0.0707,0.83,-0.61,1.2128
2000-06-30,678216512,678216512,1,26762000000,8416000000,17297000000,7350000000,9061000000,404000000,0,1883000000,4522000000,5630000000,527000000,527000000,0.78,0.77,0.29,633000000,-135000000,-532000000,-38000000,190000000,337000000,35.95,41.83,30.06,0.181,0.0601,13.36,2.78,17.15,5.99,0.5082,0.4991,0.3386,0.0731,0.82,0.44,1.145
2000-03-31,225346730,676040190,3,25682000000,8675000000,16545000000,6508000000,8733000000,404000000,0,1935000000,4800000000,5381000000,415000000,415000000,1.85,1.83,0.87,237000000,-120000000,-392000000,-278000000,228000000,237000000,38.92,47.17,30.67,0.1742,0.0575,12.92,3.12,19.69,5.7,0.5467,0.5496,0.34,0.071,0.81,0,1.333
1999-12-31,222491943,667475829,3,25499000000,8847000000,16768000000,6295000000,8323000000,408000000,0,1834000000,5022000000,5200000000,267000000,267000000,1.21,1.19,0.87,284000000,-1231000000,1088000000,137000000,506000000,449000000,39.93,45.4,34.46,0.1698,0.0555,12.47,3.42,22.02,5.41,0.5784,0.6034,0.3264,0.0701,0.79,-0.25,1.4054
1999-09-30,219297129,657891387,3,23872000000,8167000000,15780000000,6124000000,7679000000,413000000,0,1629000000,4130000000,4693000000,320000000,320000000,1.46,1.44,0.87,815000000,-742000000,79000000,151000000,369000000,346000000,40.12,44.81,35.42,0.1586,0.0512,11.67,3.44,22.29,5.12,0.6342,0.5378,0.3217,0.0662,0.77,0.71,1.3336
1999-06-30,220076722,660230166,3,23105000000,7450000000,15005000000,5993000000,7694000000,406000000,0,1660000000,4063000000,4619000000,410000000,410000000,1.86,1.83,0.87,904000000,-460000000,-380000000,63000000,218000000,262000000,38.41,46,30.83,0.1585,0.0512,11.65,3.35,21.22,4.83,0.6388,0.5281,0.333,0.0673,0.76,0.97,1.2431
1999-03-31,219708249,659124747,3,23149000000,7514000000,15172000000,6312000000,7545000000,432000000,0,1617000000,4003000000,4417000000,329000000,329000000,1.49,1.47,0.87,989000000,-207000000,-747000000,32000000,155000000,240000000,31.16,33.83,28.5,0.1597,0.0516,11.45,2.74,16.12,4.54,0.6338,0.5306,0.3259,0.0672,0.77,1.14,1.1904
1998-12-31,217801809,653405427,3,23830000000,8040000000,15869000000,6842000000,7429000000,532000000,0,1641000000,4051000000,4441000000,144000000,144000000,0.64,0.7,0.87,1049000000,-1022000000,-131000000,-103000000,123000000,538000000,30.75,33.6,27.9,0.1704,0.0553,11.37,2.7,13.81,4.25,0.5927,0.5453,0.3117,0.0707,0.78,0.78,1.1751
1998-09-30,221340159,664020477,3,23369000000,8495000000,15234000000,6548000000,7549000000,586000000,0,1408000000,4259000000,4314000000,314000000,314000000,1.41,1.4,0.87,54000000,189000000,-393000000,-148000000,226000000,287000000,28.95,33,24.9,0.1969,0.0642,11.37,2.48,12.18,3.96,0.5127,0.5642,0.323,0.0807,0.8,-0.35,1.2973
1998-06-30,224118662,672355986,3,23591000000,8700000000,15159000000,6405000000,7834000000,598000000,0,1402000000,4258000000,4857000000,425000000,425000000,1.89,1.86,0.87,1066000000,-612000000,-443000000,3000000,374000000,324000000,32.34,33.69,31,0.2099,0.0692,11.65,2.8,12.52,3.67,0.4815,0.5435,0.3321,0.084,0.82,1.1,1.3583
1998-03-31,225123489,675370467,3,23524000000,8685000000,15303000000,6612000000,7806000000,415000000,0,1412000000,4081000000,4829000000,421000000,421000000,1.87,1.84,0.87,777000000,350000000,-989000000,136000000,371000000,301000000,31.41,33.81,29.02,0.2313,0.0757,11.56,2.76,12.07,3.38,0.4437,0.5228,0.3318,0.0892,0.85,0.7,1.3135
1997-12-31,223413749,670241247,3,24040000000,8640000000,15738000000,7340000000,7626000000,676000000,0,1762000000,4196000000,4803000000,357000000,357000000,1.58,None,0.87,867000000,-887000000,-11000000,-42000000,235000000,330000000,31.23,34.21,28.25,0.2378,0.0763,11.38,2.76,11.84,3.09,0.4245,0.5502,0.3172,0.09,0.85,0.8,1.1771
1997-09-30,226755739,680267217,3,22745000000,7949000000,14404000000,5704000000,7696000000,645000000,0,1507000000,4318000000,4857000000,422000000,422000000,1.85,None,0.87,823000000,-1624000000,-107000000,-909000000,277000000,290000000,30.24,31.94,28.54,0.2421,0.078,11.31,2.76,11.37,2.8,0.4045,0.5611,0.3384,0.0922,0.85,0.78,1.3936
1997-06-30,227973479,683920437,3,23321000000,8885000000,14249000000,5748000000,7504000000,1568000000,0,1499000000,4141000000,5366000000,571000000,571000000,2.48,None,0.87,1258000000,-580000000,-1371000000,-695000000,1186000000,221000000,28.06,30.08,26.04,0.2477,0.0781,10.97,2.62,10.93,2.51,0.3866,0.5518,0.3218,0.0939,0.83,1.52,1.5458
1997-03-31,233302881,699908643,3,24386000000,9940000000,14676000000,6196000000,7479000000,2231000000,0,905000000,4156000000,4992000000,452000000,452000000,1.9,None,0.75,705000000,-192000000,-531000000,-22000000,1881000000,240000000,26.75,28.25,25.25,0.2431,0.0762,10.69,2.41,10.42,2.22,0.3841,0.5557,0.3067,0.0935,0.81,0.66,1.6043
1996-12-31,239055246,717165738,3,24673000000,9830000000,14628000000,6004000000,7954000000,2091000000,0,899000000,4196000000,4903000000,409000000,409000000,1.68,None,0.75,808000000,-468000000,-1148000000,-809000000,1903000000,392000000,27.16,28.58,25.75,0.2461,0.0766,11.09,2.55,10.68,1.97,0.3858,0.5275,0.3224,0.0947,0.81,0.58,1.6372
1996-09-30,242992633,728977899,3,24984000000,10702000000,15159000000,6673000000,7761000000,2064000000,0,763000000,4180000000,4992000000,469000000,469000000,1.92,None,0.75,1100000000,-454000000,-507000000,139000000,2712000000,292000000,25.41,27.58,23.25,0.2517,0.0777,10.65,2.44,9.7,1.72,0.3883,0.5386,0.3106,0.1004,0.77,1.11,1.6038
1996-06-30,245298221,735894663,3,24434000000,10495000000,14760000000,6791000000,7668000000,2006000000,0,681000000,4100000000,5176000000,546000000,546000000,2.2,None,0.75,849000000,-541000000,-1262000000,-956000000,2573000000,282000000,28.08,30.83,25.33,0.2654,0.0819,10.42,2.81,11.23,1.47,0.3756,0.5347,0.3138,0.1064,0.77,0.77,1.5454
1996-03-31,250016182,750048546,3,25063000000,11390000000,15653000000,6791000000,7495000000,1915000000,0,723000000,4492000000,4982000000,476000000,476000000,1.9,None,0.75,642000000,-736000000,787000000,690000000,3529000000,252000000,26.38,30,22.75,0.2565,None,9.99,2.67,10.28,1.22,0.3928,0.5993,0.299,0.1022,0.77,0.52,1.6772
1995-12-31,248412902,745238706,3,23582000000,10554000000,14446000000,5601000000,7361000000,1775000000,0,658000000,4705000000,3837000000,413000000,415000000,1.61,None,0.75,964000000,-709000000,-1528000000,-1266000000,2839000000,299000000,23.31,24.79,21.83,0.2615,None,9.88,2.36,None,0.97,0.3687,0.6392,0.3121,0.1025,0.79,0.89,1.8843
1995-09-30,261784373,785353119,3,24940000000,12149000000,15343000000,6078000000,7745000000,1852000000,0,653000000,5026000000,4884000000,571000000,571000000,2.15,None,0.75,1021000000,-331000000,-1336000000,-646000000,4105000000,261000000,24.94,26,23.88,None,None,9.86,2.5,None,0.72,None,0.6489,0.3105,None,None,0.97,1.9988
1995-06-30,268971121,806913363,3,25969000000,12928000000,16073000000,6815000000,8044000000,1852000000,0,678000000,5184000000,5517000000,503000000,503000000,1.84,None,0.75,823000000,4122000000,-826000000,4119000000,4751000000,548000000,23.84,25,22.67,None,None,9.97,2.31,None,0.47,None,0.6445,0.3098,None,None,0.34,1.897
1995-03-31,275634060,826902180,3,28019000000,9743000000,16908000000,7352000000,8525000000,2586000000,0,4380000000,5429000000,5962000000,584000000,582000000,2.1,None,0.65,533000000,-204000000,-266000000,63000000,632000000,202000000,22.67,24.88,20.46,None,None,10.31,2.27,None,0.22,None,0.6368,0.3043,None,None,0.4,1.3252
1994-12-31,273913825,821741475,3,26545000000,8693000000,15827000000,6618000000,8212000000,2506000000,0,4365000000,5303000000,None,None,None,None,None,0,None,None,None,None,569000000,0,23.14,26.04,20.25,None,None,9.99,None,None,0,None,0.6458,0.3094,None,None,None,1.3135
