"Quarter end","Shares","Shares split adjusted","Split factor","Assets","Current Assets","Liabilities","Current Liabilities","Shareholders equity","Non-controlling interest","Preferred equity","Goodwill & intangibles","Long-term debt","Revenue","Earnings","Earnings available for common stockholders","EPS basic","EPS diluted","Dividend per share","Cash from operating activities","Cash from investing activities","Cash from financing activities","Cash change during period","Cash at end of period","Capital expenditures","Price","Price high","Price low","ROE","ROA","Book value of equity per share","P/B ratio","P/E ratio","Cumulative dividends per share","Dividend payout ratio","Long-term debt to equity ratio","Equity to assets ratio","Net margin","Asset turnover","Free cash flow per share","Current ratio"
2019-03-31,297261219,297261219,1,8957000000,6381000000,3626000000,2265000000,5331000000,0,0,1979000000,994000000,1238000000,209000000,209000000,0.69,0.69,0,599000000,500000000,-282000000,821000000,4708000000,35000000,93,108.8,77.2,0.1918,0.1181,17.93,5.21,20.48,0,0,0.1865,0.5952,0.2059,0.57,1.9,2.8172
2018-12-31,299595570,299595570,1,8857000000,6247000000,3513000000,2090000000,5344000000,0,0,1984000000,994000000,1289000000,262000000,262000000,0.87,0.86,0,954000000,373000000,-312000000,1006000000,3887000000,21000000,97.6,121.3,73.91,0.2763,0.166,17.84,5.55,31.69,0,0,0.186,0.6034,0.2677,0.62,3.11,2.989
2018-09-30,302128696,302128696,1,8450000000,5803000000,3133000000,1649000000,5317000000,0,0,1994000000,993000000,1286000000,255000000,255000000,0.84,0.83,0,-126000000,-601000000,-271000000,-995000000,2881000000,31000000,130.89,151.26,110.53,0.2013,0.1143,17.6,7.58,60.04,0,0,0.1868,0.6292,0.1876,0.61,-0.52,3.5191
2018-06-30,304818260,304818260,1,8247000000,5624000000,2987000000,1464000000,5260000000,0,0,1993000000,993000000,1137000000,293000000,293000000,0.96,0.95,0,120000000,-103000000,-388000000,-382000000,3876000000,32000000,131,147.13,114.88,0.151,0.0829,17.26,8.74,39.82,0,0,0.1888,0.6378,0.143,0.58,0.29,3.8415
2018-03-31,306832936,306832936,1,8584000000,6004000000,3989000000,2491000000,4595000000,0,0,1954000000,992000000,1582000000,607000000,607000000,1.99,1.9,0,615000000,1215000000,-135000000,1692000000,4258000000,20000000,118.16,129.12,107.19,0.2377,0.1283,14.98,8.87,38.49,0,0,0.2159,0.5353,0.2025,0.63,1.94,2.4103
2017-12-31,306727995,306727995,1,8642000000,5966000000,4556000000,3107000000,4086000000,0,0,1960000000,992000000,1160000000,-186000000,-186000000,-0.6,-0.6,0,849000000,-185000000,-157000000,499000000,2566000000,24000000,109.96,120.29,99.63,0.2355,0.1266,13.32,7.72,29.96,0,0,0.2428,0.4728,0.1967,0.64,2.69,1.9202
2017-09-30,307925453,307925453,1,7922000000,5415000000,3534000000,2272000000,4388000000,0,0,1716000000,991000000,959000000,-22000000,-22000000,-0.07,-0.07,0,52000000,-120000000,-136000000,-181000000,2067000000,30000000,114,122.79,105.21,0.2881,0.1545,14.25,7.85,31.58,0,0,0.2258,0.5539,0.2335,0.66,0.07,2.3834
2017-06-30,308727719,308727719,1,7375000000,4902000000,2889000000,1629000000,4486000000,0,0,1715000000,991000000,1449000000,644000000,644000000,2.08,2.06,0,176000000,-288000000,-215000000,-317000000,2248000000,33000000,101.99,116.04,87.94,0.2983,0.1577,14.53,7.79,34.57,0,0,0.2209,0.6083,0.2331,0.68,0.46,3.0092
2017-03-31,310028355,310028355,1,7718000000,5199000000,3658000000,2415000000,4060000000,0,0,1715000000,990000000,1527000000,566000000,566000000,1.84,1.68,0,407000000,-261000000,-74000000,82000000,2565000000,29000000,85.08,91.51,78.64,0.259,0.1337,13.1,7.39,22.69,0,0,0.2438,0.526,0.1996,0.67,1.22,2.1528
2016-12-31,308264527,308264527,1,7719000000,5101000000,4170000000,2937000000,3549000000,0,0,1713000000,990000000,1149000000,-1000000,-1000000,0,0,0,1115000000,-249000000,-109000000,737000000,2483000000,25000000,80.57,85.56,75.58,0.3644,0.184,11.51,6.74,22.32,0,0,0.279,0.4598,0.281,0.65,3.54,1.7368
2016-09-30,301755509,301755509,1,6892000000,4260000000,3284000000,2050000000,3608000000,0,0,1737000000,990000000,898000000,-38000000,-38000000,-0.13,-0.13,0,109000000,-168000000,-232000000,-296000000,1746000000,29000000,80.39,85.4,75.38,0.3659,0.186,11.96,6.5,24.43,0,0,0.2744,0.5235,0.2762,0.67,0.27,2.078
2016-06-30,300764884,300764884,1,6605000000,3972000000,2889000000,1650000000,3716000000,0,0,1750000000,1125000000,1271000000,440000000,440000000,1.46,1.4,0,-248000000,-81000000,-119000000,-451000000,2042000000,40000000,69.55,77.25,61.85,0.3479,0.1767,12.36,6.18,21.67,0,0,0.3027,0.5626,0.2585,0.68,-0.96,2.4073
2016-03-31,301609583,301609583,1,7050000000,4354000000,3652000000,2418000000,3396000000,2000000,0,1767000000,989000000,1308000000,899000000,899000000,2.94,2.48,0,396000000,-401000000,212000000,230000000,2493000000,30000000,63.16,70.83,55.5,0.3587,0.1832,11.26,6.48,33.07,0,0,0.2912,0.4817,0.263,0.7,1.21,1.8007
2015-12-31,309309470,309309470,1,6470000000,4152000000,3458000000,3145000000,3012000000,0,0,1779000000,0,1070000000,-45000000,-45000000,-0.14,-0.14,0,889000000,-3000000,-211000000,665000000,2263000000,21000000,70.73,76.92,64.54,0.2081,0.1072,9.74,6.99,28.41,0,0,0,0.4655,0.1526,0.7,2.81,1.3202
2015-09-30,310807842,310807842,1,6000000000,3646000000,2854000000,2525000000,3146000000,0,0,1793000000,0,815000000,-140000000,-140000000,-0.45,-0.45,0,9000000,60000000,-260000000,-212000000,1598000000,18000000,67.62,75.76,59.47,0.275,0.1396,10.12,6.32,22.92,0,0,0,0.5243,0.1938,0.72,-0.03,1.444
2015-06-30,311745886,311745886,1,5721000000,3326000000,2385000000,2029000000,3336000000,0,0,1811000000,0,1203000000,442000000,442000000,1.42,1.32,0,-71000000,-140000000,-47000000,-258000000,1810000000,24000000,61.89,68.27,55.52,0.3349,0.1632,10.7,6.41,23.18,0,0,0,0.5831,0.218,0.75,-0.3,1.6392
2015-03-31,314608354,314608354,1,6147000000,3720000000,3111000000,2747000000,3036000000,0,0,1824000000,0,1185000000,395000000,395000000,1.28,1.18,0,198000000,-210000000,-60000000,-98000000,2068000000,32000000,52.1,58.24,45.96,0.3151,0.1469,9.65,6.01,19.44,0,0,0,0.4939,0.1938,0.76,0.53,1.3542
2014-12-31,310035894,310035894,1,6167000000,3754000000,3480000000,3069000000,2687000000,0,0,1845000000,0,1126000000,142000000,142000000,0.46,0.44,0,682000000,-27000000,-90000000,542000000,2166000000,15000000,40.47,48.33,32.62,0.3229,0.1448,8.67,4.71,32.64,0,0,0,0.4357,0.1902,0.76,2.15,1.2232
2014-09-30,310936350,310936350,1,6031000000,3532000000,3361000000,2387000000,2670000000,0,0,1866000000,591000000,990000000,3000000,3000000,0.01,0.01,0,183000000,-26000000,-72000000,70000000,1624000000,21000000,35.87,38.42,33.31,0.1619,0.0697,8.59,4.13,105.5,0,0,0.2213,0.4427,0.096,0.73,0.52,1.4797
2014-06-30,312613101,312613101,1,5476000000,2930000000,2763000000,1786000000,2713000000,0,0,1886000000,586000000,1214000000,335000000,335000000,1.07,1.04,0,4000000,-207000000,-33000000,-228000000,1554000000,27000000,31.91,37.15,26.67,0.0514,0.0222,8.68,4.14,3191,0,0,0.216,0.4954,0.0315,0.7,-0.07,1.6405
2014-03-31,314539637,314539637,1,5716000000,3138000000,3294000000,2390000000,2422000000,0,0,1900000000,580000000,1123000000,367000000,367000000,1.19,1.19,0,281000000,-276000000,39000000,36000000,1782000000,16000000,25.89,30.25,21.54,0.0035,0.0015,7.7,4,None,0,0,0.2395,0.4237,0.0022,0.68,0.84,1.313
2013-12-31,309590213,309590213,1,5573000000,2921000000,3569000000,2659000000,2004000000,0,0,1921000000,575000000,808000000,-308000000,-308000000,-1,-1,0,685000000,-26000000,1000000,656000000,1746000000,28000000,23.7,26.44,20.97,-0.0159,-0.0071,6.47,3.2,32.03,0,None,0.2869,0.3596,None,0.72,2.12,1.0985
2013-09-30,309122532,309122532,1,5036000000,2340000000,2750000000,1851000000,2286000000,0,0,1942000000,570000000,695000000,-273000000,-273000000,-0.89,-0.89,0,-6000000,3000000,28000000,34000000,1090000000,24000000,25.59,27.99,23.18,0.1009,0.046,7.4,3.15,60.93,0,0,0.2493,0.4539,0.0601,0.76,-0.1,1.2642
2013-06-30,306617854,306617854,1,4605000000,1884000000,2113000000,1226000000,2492000000,0,0,1956000000,564000000,949000000,222000000,222000000,0.73,0.71,0,-248000000,-2000000,21000000,-236000000,1056000000,29000000,20.26,23.61,16.91,0.0537,0.0239,8.13,2.7,59.59,0,0,0.2263,0.5412,0.0314,0.76,-0.9,1.5367
2013-03-31,302634354,302634354,1,5070000000,2325000000,2803000000,1917000000,2267000000,0,0,1974000000,559000000,1209000000,323000000,323000000,1.08,1.07,0,233000000,-87000000,2000000,134000000,1292000000,25000000,16.52,19.34,13.7,0.0439,0.0195,7.49,2.53,32.39,0,0,0.2466,0.4471,0.0258,0.75,0.69,1.2128
2012-12-31,300076045,300076045,1,5039000000,2229000000,3081000000,2146000000,1958000000,0,0,2028000000,554000000,922000000,-45000000,-45000000,-0.15,-0.15,0,363000000,77000000,-158000000,287000000,1158000000,25000000,13.66,15.42,11.91,0.0767,0.0341,6.53,1.93,341.5,0,0,0.2829,0.3886,0.0442,0.77,1.13,1.0387
2012-09-30,305135363,305135363,1,5191000000,2332000000,3037000000,2046000000,2154000000,0,0,2057000000,549000000,711000000,-381000000,-381000000,-1.21,-1.21,0,-28000000,82000000,-117000000,-48000000,871000000,25000000,12.72,14.5,10.94,0.0064,0.0028,7.06,1.59,57.82,0,0,0.2549,0.4149,0.0037,0.77,-0.17,1.1398
2012-06-30,318393935,318393935,1,4825000000,1951000000,2273000000,1336000000,2552000000,0,0,2063000000,544000000,955000000,201000000,201000000,0.63,0.63,0,-244000000,-40000000,-72000000,-374000000,919000000,31000000,14.3,16.71,11.89,0.0228,0.0104,8.02,1.85,57.2,0,0,0.2132,0.5289,0.0137,0.76,-0.86,1.4603
2012-03-31,317863091,317863091,1,5491000000,2609000000,3033000000,2120000000,2458000000,0,0,2087000000,539000000,1368000000,400000000,400000000,1.23,1.24,0,287000000,0,-248000000,51000000,1293000000,44000000,18.82,21.3,16.34,0.0304,0.0145,7.73,2.76,None,0,0,0.2193,0.4476,0.0183,0.79,0.76,1.2307
2011-12-31,331388311,331388311,1,5696000000,2806000000,3431000000,2397000000,2265000000,0,0,2118000000,534000000,1061000000,-205000000,-205000000,-0.62,-0.62,0,475000000,-114000000,-36000000,312000000,1242000000,44000000,22.48,25.2,19.76,-0.0684,-0.0339,6.83,2.93,None,0,None,0.2358,0.3976,None,0.76,1.3,1.1706
2011-09-30,331425465,331425465,1,5435000000,2568000000,2895000000,1854000000,2540000000,0,0,2116000000,529000000,715000000,-340000000,-340000000,-1.03,-1.03,0,-211000000,-511000000,499000000,-243000000,930000000,26000000,21.34,25.05,17.62,-0.1136,-0.0597,7.66,2.56,None,0,None,0.2083,0.4673,None,0.79,-0.72,1.3851
2011-06-30,329937928,329937928,1,4355000000,2354000000,1605000000,1225000000,2750000000,0,0,1266000000,0,999000000,221000000,221000000,0.67,0.66,0,-274000000,-64000000,-75000000,-406000000,1173000000,32000000,22.05,24.42,19.69,-0.0586,-0.0326,8.33,2.86,None,0,None,0,0.6315,None,0.82,-0.93,1.9216
2011-03-31,332447808,332447808,1,4928000000,3032000000,2364000000,2001000000,2564000000,0,0,1254000000,0,1090000000,151000000,151000000,0.45,0.45,0,253000000,-8000000,-40000000,226000000,1579000000,21000000,17.5,20.2,14.8,-0.1071,-0.06,7.71,2.48,None,0,None,0,0.5203,None,0.78,0.7,1.5152
2010-12-31,334316218,334316218,1,4727000000,2714000000,2369000000,2008000000,2358000000,0,0,1267000000,0,1053000000,-322000000,-322000000,-0.97,-0.97,0,349000000,-51000000,0,297000000,1353000000,15000000,16.36,18.06,14.67,-0.1516,-0.0877,7.05,2.06,None,0,None,0,0.4988,None,0.77,1,1.3516
2010-09-30,331834777,331834777,1,4494000000,2485000000,1856000000,1568000000,2638000000,0,0,1262000000,0,631000000,-201000000,-201000000,-0.61,-0.61,0,-134000000,97000000,16000000,-1000000,1056000000,12000000,15.93,17.53,14.32,-0.0586,-0.0343,7.95,1.91,None,0,None,0,0.587,None,0.8,-0.44,1.5848
2010-06-30,330295574,330295574,1,4245000000,2228000000,1493000000,1165000000,2752000000,0,0,1275000000,0,815000000,96000000,96000000,0.29,0.29,0,-148000000,-53000000,1000000,-216000000,1057000000,11000000,17.15,20.24,14.06,-0.1293,-0.0737,8.33,2.07,None,0,None,0,0.6483,None,0.81,-0.48,1.9124
2010-03-31,329676985,329676985,1,4646000000,2585000000,1917000000,1574000000,2729000000,0,0,1297000000,0,979000000,30000000,30000000,0.09,0.09,0,253000000,-101000000,15000000,159000000,1273000000,22000000,17.34,18.99,15.7,-0.2465,-0.1402,8.28,2.18,None,0,None,0,0.5874,None,0.76,0.7,1.6423
2009-12-31,326644249,326644249,1,4939000000,2782000000,2340000000,1871000000,2599000000,0,0,1312000000,0,1243000000,-82000000,-82000000,-0.25,-0.25,0,221000000,-155000000,13000000,72000000,1114000000,16000000,18.45,21.05,15.86,-0.263,-0.1549,7.96,2.26,None,0,None,0,0.5262,None,0.73,0.63,1.4869
2009-09-30,325475032,325475032,1,5002000000,3227000000,2346000000,1913000000,2656000000,0,0,1011000000,0,788000000,-391000000,-391000000,-1.21,-1.21,0,6000000,-204000000,22000000,-163000000,1042000000,26000000,19.91,22.14,17.68,-0.4417,-0.2669,8.16,2.15,None,0,None,0,0.531,None,0.81,-0.06,1.6869
2009-06-30,323522559,323522559,1,4722000000,3176000000,1721000000,1260000000,3001000000,0,0,1022000000,0,644000000,-234000000,-234000000,-0.72,-0.72,0,-328000000,-112000000,3000000,-416000000,1205000000,8000000,20.62,23.76,17.48,-0.3714,-0.2386,9.28,2.13,None,0,None,0,0.6355,None,0.79,-1.04,2.5206
2009-03-31,322954870,322954870,1,4678000000,3120000000,1544000000,1136000000,3134000000,0,0,1028000000,0,860000000,-42000000,-42000000,-0.13,-0.13,0,215000000,20000000,14000000,242000000,1621000000,25000000,17.42,20.6,14.24,-0.2993,-0.2013,9.7,1.84,None,0,None,0,0.6699,None,0.78,0.59,2.7465
2008-12-31,321819902,321819902,1,5204000000,3637000000,2151000000,1788000000,3053000000,0,0,1044000000,0,1654000000,-641000000,-641000000,-2,-2,0,212000000,-89000000,-8000000,82000000,1379000000,27000000,27.29,39.56,15.01,-0.2896,-0.1983,9.49,2.17,None,0,None,0,0.5867,None,0.78,0.57,2.0341
2008-09-30,320880968,320880968,1,5962000000,3835000000,1934000000,1534000000,4028000000,0,0,1422000000,0,894000000,-310000000,-310000000,-0.97,-0.97,0,-124000000,188000000,51000000,98000000,1297000000,32000000,44.27,50.17,38.36,-0.1252,-0.0878,12.55,3.26,None,0,None,0,0.6756,None,0.71,-0.49,2.5
2008-06-30,318822044,318822044,1,5774000000,3617000000,1448000000,1036000000,4326000000,0,0,1442000000,0,804000000,-95000000,-95000000,-0.3,-0.3,0,-291000000,-96000000,34000000,-354000000,1199000000,31000000,49.14,54.81,43.46,-0.0979,-0.0701,13.57,3.61,None,0,None,0,0.7492,None,0.68,-1.01,3.4913
2008-03-31,318418114,318418114,1,6059000000,3925000000,1720000000,1299000000,4339000000,0,0,1417000000,0,1127000000,-94000000,-94000000,-0.31,-0.31,0,285000000,-650000000,38000000,-325000000,1553000000,22000000,51.25,58.88,43.62,-0.1083,-0.0788,13.63,3.77,None,0,None,0,0.7161,None,0.64,0.83,3.0216
2007-12-31,316779415,316779415,1,6445000000,4897000000,2142000000,1748000000,4303000000,0,0,907000000,0,1503000000,-33000000,-33000000,-0.1,-0.1,0,349000000,353000000,88000000,804000000,1878000000,25000000,57.45,61.62,53.28,-0.0936,-0.0696,13.58,4.45,None,0,None,0,0.6676,None,0.57,1.02,2.8015
2007-09-30,314974091,314974091,1,5520000000,3853000000,1449000000,1060000000,4071000000,0,0,919000000,0,640000000,-195000000,-195000000,-0.62,-0.62,0,-104000000,415000000,91000000,411000000,1074000000,23000000,52.31,57.08,47.54,-0.0479,-0.037,12.92,4.03,747.29,0,None,0,0.7375,None,0.57,-0.4,3.6349
2007-06-30,311938373,311938373,1,5025000000,3395000000,972000000,602000000,4053000000,0,0,932000000,0,395000000,-132000000,-132000000,-0.42,-0.42,0,-192000000,-547000000,26000000,-708000000,663000000,14000000,50.47,54.67,46.27,0.0064,0.0051,12.99,3.9,219.43,0,0,0,0.8066,0.0081,0.62,-0.66,5.6395
2007-03-31,311473084,311473084,1,5146000000,3597000000,1114000000,1026000000,4032000000,0,0,944000000,0,613000000,-25000000,-25000000,-0.08,-0.08,0,214000000,-99000000,44000000,172000000,1371000000,58000000,51.2,54.43,47.96,0.0204,0.0161,12.94,4.09,196.92,0,0,0,0.7835,0.0246,0.65,0.5,3.5058
2006-12-31,310042832,310042832,1,5043000000,3531000000,1165000000,1096000000,3878000000,0,0,951000000,0,1281000000,160000000,160000000,0.52,0.5,0,227000000,-313000000,63000000,-13000000,1199000000,32000000,55.03,59.85,50.21,0.0238,0.0188,12.51,4.73,93.27,0,0,0,0.769,0.0273,0.69,0.63,3.2217
2006-09-30,308495018,308495018,1,4511000000,3009000000,907000000,833000000,3591000000,13000000,0,940000000,0,784000000,22000000,22000000,0.07,0.07,0,-6000000,-86000000,56000000,-36000000,1212000000,48000000,49.55,57.74,41.37,0.0535,0.0422,11.64,4.43,72.87,0,0,0,0.7961,0.0592,0.71,-0.18,3.6122
2006-06-30,306665024,306665024,1,4193000000,2814000000,751000000,675000000,3429000000,13000000,0,866000000,0,413000000,-81000000,-81000000,-0.26,-0.26,0,-38000000,11000000,27000000,6000000,1248000000,38000000,48.89,57.8,39.99,0.0647,0.0511,11.18,4.39,65.19,0,0,0,0.8178,0.071,0.72,-0.25,4.1689
2006-03-31,306156891,306156891,1,4386000000,3012000000,966000000,869000000,3408000000,12000000,0,879000000,0,641000000,-16000000,-16000000,-0.05,-0.05,0,337000000,-621000000,55000000,-220000000,1242000000,34000000,54.37,58.59,50.14,0.0732,0.0576,11.13,4.94,65.51,0,0,0,0.777,0.08,0.72,0.99,3.4661
2005-12-31,303794999,303794999,1,4331000000,3662000000,977000000,947000000,3341000000,13000000,0,182000000,0,1270000000,259000000,259000000,0.86,0.83,0,278000000,529000000,91000000,887000000,1462000000,31000000,56.5,61.97,51.04,0.0799,0.0634,11,5.69,47.88,0,0,0,0.7714,0.0906,0.7,0.81,3.8669
2005-09-30,300578539,300578539,1,3754000000,3107000000,758000000,729000000,2984000000,12000000,0,185000000,0,675000000,51000000,51000000,0.17,0.16,0,12000000,21000000,-331000000,-299000000,575000000,23000000,59.17,63.12,55.22,0.1157,0.0912,9.93,5.67,44.49,0,0,0,0.7949,0.1243,0.73,-0.04,4.262
2005-06-30,303519559,303519559,1,3918000000,3263000000,741000000,710000000,3167000000,10000000,0,188000000,0,365000000,-58000000,-58000000,-0.19,-0.19,0,-31000000,-37000000,-318000000,-396000000,874000000,33000000,53.64,59.83,47.45,0.1307,0.1027,10.43,4.7,33.53,0,0,0,0.8083,0.1377,0.75,-0.21,4.5958
2005-03-31,306511866,306511866,1,4370000000,3706000000,861000000,828000000,3498000000,11000000,0,189000000,0,553780000,7422000,7422000,0.02,0.03,0,473968000,-249711000,84022000,306646000,1270000000,43101000,62.84,71.16,54.52,0.1615,0.127,11.41,5.8,33.97,0,0,0,0.8005,0.1611,0.79,1.41,4.4758
2004-12-31,307935857,307935857,1,4436081000,3815383000,1101219000,1064223000,3334862000,0,0,159729000,0,1427851000,375100000,375100000,1.23,1.18,0,136893000,-603756000,30470000,-422787000,963239000,37097000,53.12,62.86,43.38,0.2011,0.1574,10.83,5.58,27.52,0,0,0,0.7518,0.1848,0.85,0.32,3.5851
2004-09-30,305332110,305332110,1,3702655000,3170266000,795907000,759292000,2906748000,0,0,109863000,0,715728000,97253000,97253000,0.32,0.31,0,88975000,123457000,41232000,252855000,1386026000,19126000,50.27,55.01,45.52,0.223,0.1749,9.52,5.56,28.81,0,0,0,0.785,0.1875,0.93,0.23,4.1753
2004-06-30,303676102,303676102,1,3370237000,2841798000,623642000,585988000,2746595000,0,0,109766000,0,431641000,24225000,24225000,0.08,0.08,0,-65836000,-995990000,44276000,-1016714000,1133171000,10676000,51.66,55.91,47.42,0.2334,0.1833,9.04,5.84,29.95,0,0,0,0.815,0.1921,0.95,-0.25,4.8496
2004-03-31,302893828,302893828,1,3400611000,2910807000,722253000,722253000,2678358000,0,0,110445000,0,598432000,90040000,90040000,0.29,0.28,0,562193000,956519000,61559000,1576875000,2149885000,32325000,47.8,52.18,43.43,0.2522,0.1973,8.84,5.72,32.3,0,0,0,0.7876,0.1952,1.01,1.75,4.0302
2003-12-31,298905714,298905714,1,3338428000,2908240000,841508000,841508000,2496920000,0,0,109008000,0,1475323000,392296000,392296000,1.32,1.26,0,78845000,74365000,28898000,196885000,573010000,27222000,46.75,52.89,40.6,0.2404,0.1862,8.35,6.73,43.9,0,0,0,0.7479,0.1759,1.06,0.17,3.456
2003-09-30,148934841,297869682,2,2617034000,2193043000,545599000,545599000,2071435000,0,0,108434000,0,530005000,76588000,76588000,0.26,0.25,0,62558000,-560710000,61678000,-434572000,376125000,16453000,42.52,48.5,36.55,0.1896,0.1449,6.95,6.56,38.31,0,0,0,0.7915,0.1374,1.05,0.15,4.0195
2003-06-30,147219624,294439248,2,2348203000,1916510000,439758000,439758000,1908445000,0,0,109195000,0,353381000,18368000,18368000,0.13,0.12,0,-34311000,-182212000,73000000,-139298000,810697000,12149000,33.9,39.7,28.1,0.1931,0.1455,6.48,5.54,31.53,0,0,0,0.8127,0.131,1.11,-0.16,4.3581
2003-03-31,145833846,291667692,2,2359533000,1911137000,574794000,570876000,1784739000,0,0,107332000,0,463130000,9240000,9240000,0.09,0.07,0,430941000,-271989000,22995000,183927000,949995000,24579000,27,30.23,23.76,0.2054,0.1521,6.12,4.52,22.59,0,0,0,0.7564,0.1277,1.19,1.39,3.3477
2002-12-31,143112344,286224688,2,2461025000,1929283000,749476000,746600000,1711549000,0,0,119406000,0,1233726000,250219000,250219000,1.79,1.69,0,194941000,-109317000,49346000,138597000,766068000,10816000,30.65,36.22,25.08,0.2522,0.1849,5.98,6.22,37.84,0,0,0,0.6955,0.1427,1.3,0.64,2.5841
2002-09-30,141292321,282584642,2,1847085000,1299185000,455298000,453878000,1391787000,0,0,121484000,0,453490000,50234000,50234000,0.38,0.34,0,81926000,-82063000,40637000,38933000,627471000,14945000,30.37,34.5,26.23,0.1864,0.1372,4.93,6.57,58.4,0,0,0,0.7535,0.1136,1.21,0.24,2.8624
2002-06-30,139235558,278471116,2,1673865000,1130272000,387752000,385290000,1286113000,0,0,108213000,0,331898000,7404000,7404000,0.07,0.05,0,6643000,-397000,19894000,35712000,588538000,8030000,30.12,33.49,26.75,0.1307,0.0969,4.62,7.04,91.27,0,0,0,0.7683,0.0822,1.18,-0,2.9336
2002-03-31,145131175,290262350,2,1699374000,1152543000,456080000,452982000,1243294000,0,0,110512000,0,469691000,47295000,47295000,0.38,0.31,0,295577000,-139619000,23021000,178288000,552826000,11421000,28.53,31.48,25.58,0.0909,0.0679,4.28,6.73,203.79,0,0,0,0.7316,0.0589,1.15,0.98,2.5443
2001-12-31,137939831,275879662,2,1695373000,1169089000,524828000,521236000,1170545000,0,0,116161000,0,832878000,132292000,132292000,1.01,0.92,0,70472000,6068000,20557000,95733000,374538000,10312000,27.1,33.01,21.2,0.0341,0.0257,4.24,7.3,None,0,0,0,0.6904,0.0233,1.1,0.22,2.2429
2001-09-30,137080809,274161618,2,1294152000,742810000,277599000,273681000,1016553000,0,0,124227000,0,240156000,-32824000,-32824000,-0.2,-0.24,0,-50893000,-79353000,9380000,-118418000,278805000,14621000,26.27,30.3,22.25,-0.0078,-0.006,3.71,6.91,None,0,None,0,0.7855,None,1.03,-0.24,2.7141
2001-06-30,136624162,273248324,2,1288978000,733606000,251315000,247005000,1037663000,0,0,130278000,0,181950000,-45254000,-45254000,-0.29,-0.33,0,-30185000,-27649000,33960000,-22589000,397223000,14865000,27.84,31.52,24.16,-0.0141,-0.011,3.8,7.67,None,0,None,0,0.805,None,1.05,-0.16,2.97
2001-03-31,142573266,285146532,2,1378918000,818727000,344571000,340026000,1034347000,0,0,136764000,0,307255000,-17880000,-17880000,-0.07,-0.07,0,192614000,-32418000,41766000,195522000,419812000,15311000,21.5,28.07,14.92,-0.0116,-0.0091,3.63,5.64,1720,0,None,0,0.7501,None,1.09,0.62,2.4078
2000-12-31,133003609,266007218,2,1337276000,809410000,324360000,320053000,1012916000,0,0,103889000,0,640319000,87978000,87978000,0.72,0.63,0,44279000,-15262000,13428000,44456000,224290000,17999000,22.64,27.69,17.59,0.011,0.0087,3.81,6.7,532.71,0,0,0,0.7574,0.0078,1.12,0.1,2.529
2000-09-30,132200897,264401794,2,1115100000,582104000,221102000,216908000,893998000,0,0,108586000,0,219900000,-38909000,-38909000,-0.27,-0.3,0,-45239000,-17890000,40857000,-24622000,179834000,32552000,22.88,27.23,18.53,0.017,0.0134,3.38,6.73,87.16,0,0,0,0.8017,0.0119,1.12,-0.29,2.6836
2000-06-30,64953888,259815552,4,1036994000,525673000,153635000,149497000,883359000,0,0,113141000,0,154799000,-42271000,-42271000,-0.6,-0.65,0,2285000,-47124000,6577000,-41809000,204456000,50351000,16.41,19.53,13.29,0.0846,0.0654,3.4,4.6,37.72,0,0,0,0.8518,0.052,1.26,-0.19,3.5163
2000-03-31,64638382,258553528,4,1192312000,705323000,268919000,265302000,923393000,0,0,117236000,0,294313000,3432000,3432000,0.05,0.04,0,129439000,-86306000,44878000,88853000,246265000,49473000,21.4,25.55,17.25,0.1454,0.1101,3.57,6.35,42.17,0,0,0,0.7745,0.0822,1.34,0.31,2.6586
1999-12-31,64246296,256985184,4,1180769000,764141000,315436000,312384000,865333000,0,0,83542000,0,600691000,92861000,92861000,1.47,1.38,0,19736000,-33346000,40398000,22152000,157412000,37684000,23.42,30.23,16.61,0.1833,0.137,3.37,7.99,52.04,0,0,0,0.7329,0.0964,1.42,-0.07,2.4462
1999-09-30,63205533,252822132,4,1003610000,635397000,263869000,260690000,739741000,0,0,86065000,0,338887000,18132000,18132000,0.29,0.28,0,-101140000,-3581000,34204000,-66678000,135260000,28536000,16.14,19.05,13.22,0.1685,0.1241,2.93,5.89,58.69,0,0,0,0.7371,0.0869,1.43,-0.51,2.4374
1999-06-30,62316057,249264228,4,863065000,515289000,179997000,177375000,683068000,0,0,88099000,0,186120000,2326000,2326000,0.04,0.04,0,-2699000,-56322000,18672000,-40270000,201938000,18747000,12.55,13.7,11.41,0.1121,0.0822,2.74,4.67,44.82,0,0,0,0.7914,0.0581,1.41,-0.09,2.9051
1999-03-31,61588965,246355860,4,901873000,569465000,238942000,236209000,662931000,0,0,90682000,0,277724000,21914000,21914000,0.36,0.33,0,128038000,-61187000,1753000,64747000,242208000,20076000,11.3,13.05,9.56,0.1193,0.0878,2.69,4.31,45.2,0,0,0,0.7351,0.0596,1.47,0.44,2.4109
1998-12-31,61180007,244720028,4,936490000,616097000,295237000,292288000,641253000,0,0,101407000,0,520155000,72531000,72531000,1.19,1.15,0,53316000,-5288000,6409000,53351000,177461000,19592000,11.23,14,8.47,0.1081,0.0801,2.62,4.86,55.46,0,0,0,0.6847,0.0549,1.46,0.14,2.1078
1998-09-30,60967520,243870080,4,779321000,468418000,215477000,212997000,563844000,0,0,101349000,0,245763000,-25273000,-25273000,-0.42,-0.42,0,-26370000,-65878000,10584000,-77598000,124110000,56473000,11.71,13.89,9.53,0.0888,0.0658,2.31,4.92,38.08,0,0,0,0.7235,0.0482,1.36,-0.34,2.1992
1998-06-30,60563038,242252152,4,703145000,540795000,127569000,125230000,575576000,0,0,0,0,178221000,3700000,3700000,0.06,0.06,0,-4216000,-19278000,10553000,-14255000,201708000,11398000,12.05,13.7,10.41,0.1411,0.1055,2.38,5.15,40.17,0,0,0,0.8186,0.0771,1.37,-0.06,4.3184
1998-03-31,60368296,241473184,4,745681000,589811000,181713000,181713000,563968000,0,0,0,0,210021000,12417000,12417000,0.21,None,0,80032000,-43117000,23671000,60447000,215963000,19880000,10.23,11.73,8.73,0.1496,0.1102,2.34,4.63,34.97,0,0,0,0.7563,0.0798,1.38,0.25,3.2458
1997-12-31,59242893,236971572,4,780777000,629848000,256196000,256196000,524581000,0,0,0,0,391245000,58620000,58620000,0.99,0.96,0,22838000,-22068000,12337000,13153000,155516000,8712000,8.69,9.89,7.49,0.1598,0.1173,2.21,4.5,39.95,0,0,0,0.6719,0.0837,1.4,0.06,2.4585
1997-09-30,59011589,236046356,4,605230000,446432000,149003000,149003000,456227000,0,0,0,0,189828000,41000,41000,0,None,0,-19545000,21698000,6950000,6479000,142363000,10093000,8.54,9.38,7.69,0.1199,0.0888,1.93,4.69,34.86,0,0,0,0.7538,0.0673,1.32,-0.13,2.9961
1997-06-30,54382794,217531176,4,503258000,356052000,107306000,107306000,395952000,0,0,0,0,117758000,1484000,1484000,0.03,None,0,-4332000,-6032000,2808000,-6112000,119497000,6528000,6.94,8.85,5.03,0.1451,0.1075,1.82,3.88,29.22,0,0,0,0.7868,0.0823,1.31,-0.05,3.3181
1997-03-31,54239439,216957756,4,516703000,369043000,127458000,127430000,389245000,0,0,0,0,143791000,10405000,10405000,0.18,None,0,62549000,-76183000,5916000,-9698000,125609000,8097000,7.79,9.03,6.56,0.1475,0.1097,1.79,4.43,35.01,0,0,0,0.7533,0.0848,1.29,0.25,2.896
1996-12-31,53910366,215641464,4,564845000,428096000,185236000,185236000,379609000,0,0,0,0,271081000,36678000,36678000,0.66,None,0,43636000,-4885000,6945000,47456000,135307000,10602000,8.19,9.41,6.97,0.1458,0.1085,1.76,5.22,42.55,0,0,0,0.6721,0.0833,1.3,0.15,2.3111
1996-09-30,53609191,214436764,4,441742000,307406000,105131000,105131000,336611000,0,0,0,0,129267000,5884000,5884000,0.11,None,0,-23110000,5456000,8158000,-9172000,87851000,10468000,7.98,9.78,6.19,0.1331,0.1,1.57,5.12,44.33,0,0,0,0.762,0.0749,1.34,-0.16,2.924
1996-06-30,53136162,212544648,4,409969000,285173000,78390000,77296000,331579000,0,0,0,0,80627000,35000,35000,0,None,0,-2434000,-12680000,6428000,-8605000,97023000,6874000,7.47,8.63,6.31,0.1321,0.0992,1.56,4.91,40.38,0,0,0,0.8088,0.0745,1.33,-0.04,3.6894
1996-03-31,53065600,212262400,4,424219000,300338000,101902000,100625000,322317000,0,0,0,0,118512000,7332000,7332000,0.12,None,0,58515000,-33995000,11304000,34909000,105628000,9042000,6.33,7.13,5.53,0.1456,None,1.52,4.62,None,0,0,0,0.7598,0.0761,1.4,0.23,2.9847
1995-12-31,52624309,210497236,4,425062000,305553000,137191000,135916000,287871000,0,0,0,0,239683000,29284000,29284000,0.54,None,0,10792000,-6862000,1265000,4740000,70719000,4616000,7.73,9.69,5.78,None,None,1.37,6.23,None,0,None,0,0.6772,None,None,0.03,2.2481
1995-09-30,52433202,209732808,4,341465000,220135000,81820000,81135000,259645000,0,0,0,0,93657000,3030000,3030000,0.06,None,0,-30898000,-3546000,13495000,-21368000,65979000,8577000,8.61,10.44,6.78,None,None,1.24,7.3,None,0,None,0,0.7604,None,None,-0.19,2.7132
1995-06-30,51328502,205314008,4,324557000,216662000,82320000,81157000,242237000,0,0,0,0,80035000,843000,843000,0.02,None,0,-31479000,-29802000,4784000,-56074000,87347000,30374000,6.27,7.5,5.03,None,None,1.18,5.41,None,0,None,0,0.7464,None,None,-0.3,2.6697
1995-03-31,51060338,204241352,4,341239000,272160000,104166000,103018000,237073000,0,0,0,0,None,None,None,None,None,0,85942000,-39503000,6661000,54409000,143421000,6273000,5.32,6.44,4.19,None,None,1.16,4.71,None,0,None,0,0.6947,None,None,0.39,2.6419
1994-12-31,48259245,193036980,4,349696000,295756000,131861000,130407000,217835000,0,0,0,0,216652000,23843000,23843000,0.48,None,0,None,None,None,None,89012000,0,5,5.63,4.38,None,None,1.13,None,None,0,None,0,0.6229,None,None,None,2.2679
