"Quarter end","Shares","Shares split adjusted","Split factor","Assets","Current Assets","Liabilities","Current Liabilities","Shareholders equity","Non-controlling interest","Preferred equity","Goodwill & intangibles","Long-term debt","Revenue","Earnings","Earnings available for common stockholders","EPS basic","EPS diluted","Dividend per share","Cash from operating activities","Cash from investing activities","Cash from financing activities","Cash change during period","Cash at end of period","Capital expenditures","Price","Price high","Price low","ROE","ROA","Book value of equity per share","P/B ratio","P/E ratio","Cumulative dividends per share","Dividend payout ratio","Long-term debt to equity ratio","Equity to assets ratio","Net margin","Asset turnover","Free cash flow per share","Current ratio"
2019-06-30,126200837,126200837,1,5038610000,2830095000,3322741000,1072696000,1715869000,0,0,1155979000,1695833000,984537000,13433000,13433000,0.11,0.11,0.68,71782000,-33475000,-86177000,-45592000,1151042000,32994000,96.73,108.86,84.61,0.1784,0.0603,13.6,7.36,34.3,22,1.0562,0.9883,0.3405,0.0669,0.9,0.31,2.6383
2019-03-31,125854116,125854116,1,4934773000,2631858000,3280242000,948725000,1654531000,0,0,1167591000,1695462000,732510000,26727000,26727000,0.21,0.21,0.68,264494000,-27001000,-220379000,14263000,1196634000,25201000,85.27,93.19,77.34,0.2037,0.0691,13.15,6.12,49.87,21.32,0.9023,1.0247,0.3353,0.0783,0.88,1.9,2.7741
2018-12-30,125842470,125842470,1,5262988000,3082504000,3508502000,1274324000,1754486000,0,0,1179723000,1695092000,1389161000,8766000,8766000,0.06,0.07,0.63,471251000,-35598000,-158551000,275264000,1182371000,36411000,92.2,107.57,76.84,0.1263,0.0428,13.94,6.18,57.99,20.64,1.4411,0.9661,0.3334,0.0481,0.89,3.46,2.4189
2018-09-30,126507478,126507478,1,5495329000,3192450000,3608048000,1321923000,1887281000,0,0,1304622000,1694721000,1569686000,263861000,263861000,2.08,2.06,0.63,-66055000,-27057000,-157325000,-251965000,907107000,32260000,100.65,109.6,91.7,0.117,0.04,14.92,7.23,62.13,20.01,1.4981,0.898,0.3434,0.0431,0.93,-0.78,2.415
2018-07-01,126938974,126938974,1,5113856000,2827633000,3347106000,1052444000,1766750000,0,0,1313564000,1694350000,904458000,60299000,60299000,0.48,0.48,0.63,-76938000,-197594000,-145501000,-439872000,1159072000,43520000,86,93,79,0.1168,0.0403,13.92,6.84,51.5,19.38,1.4439,0.959,0.3455,0.0415,0.97,-0.95,2.6867
2018-04-01,124937746,124937746,1,4729072000,3021837000,3157713000,852526000,1571359000,0,0,784478000,1693977000,716341000,-112492000,-112492000,-0.9,-0.9,0.63,317739000,-26228000,-275724000,17710000,1598944000,28235000,93.47,103.39,83.56,0.1199,0.0421,12.58,6.34,30.05,18.75,1.3539,1.078,0.3323,0.0425,0.99,2.32,3.5446
2017-12-31,124177681,124177681,1,5289983000,3633926000,3460026000,1251697000,1829957000,0,0,790445000,1693609000,1596111000,-5298000,-5298000,-0.05,-0.05,0.57,522582000,-34485000,-150920000,336456000,1581234000,50965000,93.55,99.17,87.92,0.2124,0.0778,14.74,5.95,20.21,18.12,0.7169,0.9255,0.3459,0.0761,1.02,3.8,2.9032
2017-10-01,124555586,124555586,1,5544648000,3762240000,3588396000,1484757000,1956252000,0,0,796457000,1693261000,1791502000,265583000,265583000,2.12,2.09,0.57,-164310000,-29210000,-797000,-188722000,1244778000,36191000,103.88,116.2,91.57,0.317,0.1178,15.71,7.09,22.73,17.55,0.4657,0.8656,0.3528,0.1134,1.04,-1.61,2.5339
2017-07-02,125081081,125081081,1,4912743000,3094805000,3080249000,1472247000,1832494000,0,0,802331000,1199114000,972506000,67723000,67723000,0.54,0.53,0.57,-45822000,-36762000,51244000,-29581000,1433500000,36078000,104.13,113.49,94.76,0.3221,0.1197,14.65,7.03,23.4,16.98,0.4594,0.6544,0.373,0.1144,1.05,-0.65,2.1021
2017-04-02,125003385,125003385,1,4645870000,2799733000,2794226000,1201814000,1851644000,0,0,809006000,1198896000,849663000,68599000,68599000,0.55,0.54,0.57,411928000,-31024000,-211700000,180796000,1463081000,30243000,89.14,101.08,77.2,0.3232,0.12,14.81,5.95,20.78,16.41,0.4591,0.6475,0.3986,0.1134,1.06,3.05,2.3296
2016-12-25,124297758,124297758,1,5091366000,3227607000,3205926000,1617859000,1862736000,22704000,0,816504000,1198679000,1629940000,192725000,192725000,1.53,1.47,0.51,621092000,-47892000,-115669000,451913000,1282285000,69861000,82.05,87.96,76.14,0.3232,0.1176,14.99,5.88,19.49,15.84,0.4617,0.6435,0.3659,0.1098,1.07,4.43,1.995
2016-09-25,124787571,124787571,1,4955147000,3146987000,3178558000,1615719000,1741760000,34829000,0,859337000,1198461000,1679757000,257798000,257798000,2.05,2.03,0.51,-115060000,-44540000,64822000,-93726000,830372000,37249000,81.9,87,76.8,0.3226,0.1163,13.96,6.37,21.44,15.33,0.4652,0.6881,0.3515,0.131,0.89,-1.22,1.9477
2016-06-26,125407912,125407912,1,4344385000,2523356000,2695387000,745020000,1612533000,36465000,0,856231000,1547753000,878945000,52106000,52106000,0.42,0.41,0.51,-24782000,-18367000,-130540000,-171782000,924098000,35172000,82.97,88.53,77.42,0.3014,0.1075,12.86,6.44,22.18,14.82,0.5004,0.9598,0.3712,0.1607,0.67,-0.48,3.387
2016-03-27,124702080,124702080,1,4364695000,2524083000,2718153000,768373000,1607390000,39152000,0,864909000,1547434000,831180000,48751000,48751000,0.39,0.38,0.51,293623000,-27592000,-151671000,119130000,1095880000,31218000,72.46,79.4,65.52,0.3037,0.1059,12.89,5.44,20.3,14.31,0.4975,0.9627,0.3683,0.1898,0.56,2.1,3.285
2015-12-27,124795430,124795430,1,4720717000,2865598000,3056815000,1064647000,1663902000,0,0,873502000,1547115000,690757000,175763000,175763000,1.39,1.39,0.46,482887000,-44853000,-10514000,425458000,976750000,44149000,72.42,79.93,64.91,0.2972,0.1016,13.33,5.85,20.63,13.8,0.5078,0.9298,0.3525,0.2291,0.44,3.52,2.6916
2015-09-27,124623554,124623554,1,4580246000,2778116000,3037409000,1050496000,1542837000,0,0,881981000,1559895000,612645000,207599000,207599000,1.67,1.64,0.46,-166546000,209000,-133628000,-307166000,551292000,48764000,72.4,84.42,60.38,0.3033,0.1013,12.38,6.33,22.14,13.34,0.5056,1.0111,0.3368,0.106,0.96,-1.73,2.6446
2015-06-28,124902730,124902730,1,4231107000,2405829000,2802602000,805903000,1428505000,0,0,891033000,1559895000,362760000,41809000,41809000,0.33,0.33,0.46,-79177000,-25892000,-119826000,-222939000,858458000,36558000,70.02,78.91,61.13,0.287,0.0956,11.44,6.03,21.88,12.88,0.5305,1.092,0.3376,0.0987,0.97,-0.93,2.9853
2015-03-29,124479312,124479312,1,4260842000,2405308000,2815335000,820727000,1445507000,0,0,904300000,1559895000,305713000,26667000,26667000,0.21,0.21,0.46,315281000,-33111000,-82489000,188230000,1081397000,31151000,57.45,63.47,51.42,0.2801,0.0942,11.61,4.87,17.79,12.42,0.5349,1.0791,0.3393,0.096,0.98,2.28,2.9307
2014-12-28,124311655,124311655,1,4532142000,2719100000,3066478000,1074934000,1465664000,0,0,917966000,1559895000,2925599000,169911000,169911000,1.35,1.33,0.43,427585000,9361000,11905000,440983000,893167000,35133000,56.08,59.42,52.74,0.2768,0.0967,11.79,4.7,19.4,11.96,0.5244,1.0643,0.3234,0.0972,0.99,3.16,2.5296
2014-09-28,125682285,125682285,1,4508802000,2646189000,3010238000,1014028000,1498564000,0,0,931613000,1559895000,649284000,180457000,180457000,1.42,1.4,0.43,-82444000,42818000,-88714000,-133967000,452184000,26619000,51.89,55.78,48.01,0.2414,0.088,11.92,4.56,21.18,11.53,0.5775,1.0409,0.3324,0.0977,0.9,-0.87,2.6096
2014-06-29,127482935,127482935,1,4138595000,2204205000,2686547000,724692000,1452048000,0,0,945025000,1559895000,396849000,33475000,33475000,0.26,0.26,0.43,-132771000,-25586000,-50760000,-206098000,586151000,29397000,53.99,56.91,51.08,0.206,0.075,11.39,4.4,21.86,11.1,0.6675,1.0743,0.3509,0.0852,0.88,-1.27,3.0416
2014-03-30,129811566,129811566,1,4029437000,2142105000,2435015000,1093721000,1594422000,0,0,956963000,959895000,305475000,32087000,32087000,0.24,0.24,0.43,242041000,-27078000,-103387000,109800000,792249000,22239000,51.58,55.67,47.48,0.2078,0.0756,12.28,4.01,23.66,10.67,0.6524,0.602,0.3957,0.0873,0.87,1.69,1.9585
2013-12-29,130944461,130944461,1,4402267000,2480457000,2719924000,1363280000,1682343000,0,0,970320000,959895000,2495611000,129815000,129815000,1,0.99,0.4,353815000,-32663000,-225810000,93781000,682449000,33785000,49.99,54.55,45.44,0.1869,0.0664,12.85,4.26,23.04,10.24,0.7265,0.5706,0.3822,0.0701,0.95,2.44,1.8195
2013-09-29,129754586,129754586,1,4590145000,2597285000,3066715000,1648879000,1523430000,0,0,1008241000,959895000,582676000,126574000,126574000,0.97,0.96,0.4,-250819000,-135984000,-48060000,-433677000,588668000,24691000,47.22,49.75,44.69,0.1927,0.0668,11.74,4.21,19.27,9.84,0.7042,0.6301,0.3319,0.0999,0.67,-2.12,1.5752
2013-06-30,129726055,129726055,1,4178299000,2366202000,2722273000,1296722000,1456026000,0,0,867979000,959895000,340176000,36480000,36480000,0.28,0.28,0.4,682000,-28493000,-7784000,-44694000,1022345000,29354000,45.77,48.97,42.57,0.2183,0.0764,11.22,4.05,18.31,9.44,0.6055,0.6593,0.3485,0.0895,0.85,-0.22,1.8248
2013-03-31,129373783,129373783,1,4060645000,2250396000,2597557000,741673000,1463088000,0,0,879967000,1394387000,663694000,-6671000,-6671000,-0.05,-0.05,0.4,297454000,-20603000,-59355000,217338000,1067039000,24201000,39.57,44.14,35,0.2251,0.0788,11.31,3.38,15.64,9.04,0.5777,0.953,0.3603,0.0809,0.97,2.11,3.0342
2012-12-30,128744301,128744301,1,4325387000,2508202000,2818008000,960435000,1507379000,0,0,891584000,1396421000,1283529000,130299000,130299000,1.01,0.98,0.36,391180000,-33834000,-204631000,152968000,849701000,37195000,37.44,39.96,34.91,0.2305,0.0806,11.71,3.19,14.24,8.64,0.5556,0.9264,0.3485,0.0822,0.98,2.75,2.6115
2012-09-30,129926567,129926567,1,4446287000,2618980000,2919398000,1126619000,1526889000,0,0,907143000,1398906000,1345137000,164852000,164852000,1.26,1.24,0.36,-57165000,-28195000,-663000,-83198000,696733000,24812000,36.13,39.98,32.29,0.2402,0.0837,11.75,3.36,13.58,8.28,0.5189,0.9162,0.3434,0.0834,1,-0.63,2.3246
2012-07-01,130229255,130229255,1,4014721000,2145826000,2615231000,838693000,1399490000,0,0,919681000,1399557000,811467000,43427000,43427000,0.33,0.33,0.36,-83957000,-27782000,16360000,-103893000,779931000,27050000,34.77,37.55,32,0.2509,0.087,10.75,3.23,12.64,7.92,0.4868,1,0.3486,0.0843,1.03,-0.85,2.5585
2012-04-01,129673478,129673478,1,3897137000,2018902000,2499744000,725877000,1397393000,0,0,931631000,1400942000,648850000,-2579000,-2579000,-0.02,-0.02,0.36,284738000,-16361000,-30445000,242136000,883824000,23034000,34.61,37.7,31.51,0.2582,0.0911,10.78,3.14,11.98,7.56,0.4494,1.0025,0.3586,0.0858,1.06,2.02,2.7813
2011-12-25,128642089,128642089,1,4130774000,2253692000,2713259000,942344000,1417515000,0,0,942085000,1400872000,1329338000,139130000,139130000,1.08,1.08,0.3,395023000,-29257000,89768000,454726000,641688000,50897000,35.28,39.2,31.36,0.2658,0.0958,11.02,3.29,12.69,7.2,0.4112,0.9883,0.3432,0.0899,1.06,2.68,2.3916
2011-09-25,128984649,128984649,1,4084726000,2210305000,2703484000,942443000,1381242000,0,0,954861000,1405071000,1375811000,170990000,170990000,1.29,1.27,0.3,-127809000,-20570000,-244449000,-397816000,186962000,18974000,39.61,46.01,33.21,0.2577,0.0962,10.71,3.62,15.23,6.9,0.3991,1.0173,0.3381,0.0912,1.05,-1.14,2.3453
2011-06-26,134367967,134367967,1,3940745000,2046105000,2472126000,706525000,1468619000,0,0,964858000,1403031000,908454000,58051000,58051000,0.43,0.42,0.3,-147639000,-33355000,-163609000,-342644000,584778000,18720000,45.53,48.43,42.63,0.2428,0.0915,10.93,4.05,18.43,6.6,0.4036,0.9553,0.3727,0.0888,1.03,-1.24,2.896
2011-03-27,136238227,136238227,1,3940341000,2060781000,2409353000,626532000,1530988000,0,0,965253000,1396695000,671986000,17196000,17196000,0.12,0.12,0.3,276494000,-24433000,-57395000,199626000,927422000,22396000,45.62,48.7,42.54,0.2288,0.0878,11.24,3.87,16.59,6.3,0.4049,0.9123,0.3885,0.089,0.99,1.87,3.2892
2010-12-26,137040353,137040353,1,4093226000,2221049000,2477806000,718801000,1615420000,0,0,975410000,1397681000,1278697000,140014000,140014000,1.02,0.97,0.25,362215000,-30141000,-102231000,229893000,727796000,36745000,47.2,50.17,44.22,0.2501,0.0972,11.79,4.32,16.39,6,0.351,0.8652,0.3947,0.0994,0.98,2.37,3.0899
2010-09-26,136195062,136195062,1,4215617000,2346710000,2728306000,978486000,1487311000,0,0,987698000,1404556000,1313302000,155164000,155164000,1.12,1.09,0.25,-167263000,-23422000,-188355000,-374372000,497903000,26163000,41.6,45.55,37.65,0.267,0.1048,10.92,3.66,14.96,5.75,0.3134,0.9444,0.3528,0.1033,1.01,-1.42,2.3983
2010-06-27,139824768,139824768,1,3973676000,2079834000,2384750000,656855000,1588926000,0,0,1005494000,1396980000,737791000,43631000,43631000,0.3,0.29,0.25,-92088000,-29510000,-262152000,-387524000,872275000,28906000,40.11,43.71,36.5,0.264,0.1059,11.36,3.49,14.59,5.5,0.3017,0.8792,0.3999,0.103,1.03,-0.87,3.1664
2010-03-28,145452167,145452167,1,4078023000,2212840000,2408169000,691843000,1669854000,0,0,1017343000,1390484000,672371000,58943000,58943000,0.43,0.4,0.25,265117000,-21115000,382143000,623754000,1259799000,20783000,34.51,38.82,30.2,0.2697,0.1082,11.48,2.95,13.86,5.25,0.2881,0.8327,0.4095,0.1005,1.08,1.68,3.1985
2009-12-27,136369761,136369761,1,3896892000,2045032000,2302120000,815888000,1594772000,0,0,1030498000,1131998000,1375184000,165563000,165563000,1.2,1.1,0.2,476154000,-33524000,-103605000,338687000,636045000,30418000,29.64,32.47,26.82,0.2562,0.1059,11.69,2.76,15.6,5,0.2958,0.7098,0.4092,0.0922,1.15,3.27,2.5065
2009-09-27,138412246,138412246,1,3861327000,1991905000,2373395000,887115000,1487932000,0,0,1056611000,1134723000,1279221000,150362000,150362000,1.08,0.99,0.2,-30663000,-36315000,-30161000,-94676000,297358000,22173000,26.07,29.36,22.79,0.2145,0.0902,10.75,2.63,14.48,4.8,0.368,0.7626,0.3853,0.0772,1.17,-0.38,2.2454
2009-06-28,139895055,139895055,1,3478176000,1602229000,2088506000,612723000,1389670000,0,0,1077522000,1134723000,792202000,39275000,39275000,0.28,0.26,0.2,-157211000,-404180000,359241000,-198354000,392034000,27003000,25.75,29.23,22.27,0.2108,0.0896,9.93,2.61,14.39,4.6,0.3839,0.8165,0.3995,0.0737,1.22,-1.32,2.6149
2009-03-29,139835080,139835080,1,2927822000,1449820000,1546967000,571252000,1380855000,0,0,1022335000,709723000,621340000,19730000,19730000,0.14,0.14,0.2,-22657000,-23490000,11304000,-40002000,590388000,24535000,25.52,29.91,21.14,0.2127,0.091,9.87,2.55,13.43,4.4,0.3871,0.514,0.4716,0.0734,1.24,-0.34,2.538
2008-12-28,139269056,139269056,1,3168797000,1714006000,1778011000,799892000,1390786000,0,0,1042909000,709723000,1231053000,93581000,93581000,0.66,0.51,0.2,568911000,-29748000,-258158000,273878000,630390000,32236000,28.88,35.81,21.94,0.2306,0.0951,9.99,2.97,12.24,4.2,0.3639,0.5103,0.4389,0.0763,1.25,3.85,2.1428
2008-09-28,139199794,139199794,1,3406752000,1942618000,2050597000,1105405000,1356155000,0,0,1068466000,709723000,1301961000,138229000,138229000,0.98,0.89,0.2,1494000,-26380000,-209002000,-238109000,356512000,29730000,37.45,41.68,33.23,0.261,0.1069,9.74,4.04,15.48,4,0.3073,0.5233,0.3981,0.0849,1.26,-0.2,1.7574
2008-06-29,141075782,141075782,1,3205311000,1719356000,1897094000,939062000,1308217000,0,0,1089664000,709723000,784286000,37486000,37486000,0.27,0.25,0.2,-131072000,-121580000,14129000,-237559000,594621000,30413000,33.68,39.63,27.73,0.2788,0.1152,9.27,3.68,15.31,3.8,0.2763,0.5425,0.4081,0.0924,1.25,-1.14,1.8309
2008-03-30,138636922,138636922,1,3126479000,1722811000,1859768000,895881000,1266711000,0,0,1017972000,709723000,704220000,37470000,37470000,0.26,0.25,0.2,153852000,-94212000,-4360000,57722000,832180000,24764000,25.32,29.07,21.57,0.2432,0.1075,9.14,2.61,11.83,3.6,0.2958,0.5603,0.4052,0.0862,1.25,0.93,1.923
2007-12-30,142599724,142599724,1,3237063000,1888240000,1851971000,887671000,1385092000,0,0,957409000,709723000,1297844000,133732000,133732000,0.92,0.97,0.16,554796000,-28146000,-164022000,363517000,774458000,28174000,27.96,30.68,25.25,0.229,0.1081,9.71,3.04,14.79,3.4,0.2932,0.5124,0.4279,0.0868,1.25,3.69,2.1272
2007-09-30,147071580,147071580,1,3286173000,1907418000,1933252000,970958000,1352921000,0,0,971864000,709723000,1223038000,161580000,161580000,1.04,0.95,0.16,18094000,-44465000,-89650000,-114632000,410941000,22072000,29.37,33.49,25.25,0.2061,0.101,9.2,3.06,19.32,3.24,0.306,0.5246,0.4117,0.0841,1.2,-0.03,1.9645
2007-07-01,161197423,161197423,1,2908944000,1533946000,1362000000,619360000,1546944000,0,0,968058000,494658000,691408000,4801000,4801000,0.03,0.03,0.16,-24733000,-7461000,-131937000,-163021000,525573000,21537000,30.77,33.43,28.1,0.1627,0.0828,9.6,3.2,19.72,3.08,0.3651,0.3198,0.5318,0.0707,1.17,-0.29,2.4767
2007-04-01,159374184,159374184,1,2892131000,1548028000,1359880000,622033000,1532251000,0,0,984444000,494864000,625267000,32890000,32890000,0.2,0.19,0.16,53637000,-32393000,-48308000,-26806000,688594000,19163000,28.64,30.24,27.04,0.1802,0.0917,9.61,3,21.37,2.92,0.3117,0.323,0.5298,0.081,1.13,0.22,2.4887
2006-12-31,160857841,160857841,1,3096905000,1718315000,1559015000,905893000,1537890000,0,0,1002195000,494917000,1116398000,108282000,108282000,0.68,0.72,0.12,421483000,-30106000,12978000,406300000,715400000,29303000,25.05,27.69,22.41,0.1524,0.0787,9.56,2.81,22.17,2.76,0.3419,0.3218,0.4966,0.073,1.08,2.44,1.8968
2006-10-01,158830230,158830230,1,2962777000,1560239000,1544352000,900811000,1418425000,0,0,1025740000,494989000,1039138000,99584000,99584000,0.62,0.58,0.12,-12396000,48389000,-144145000,-107987000,309100000,22618000,19.88,22.75,17,0.1389,0.0726,8.93,2.23,19.49,2.64,0.3488,0.349,0.4787,0.0695,1.04,-0.22,1.732
2006-07-02,163582737,163582737,1,2735365000,1268354000,1277844000,639753000,1457521000,0,0,1046013000,494359000,527764000,27088000,27088000,0.16,0.07,0.12,-13201000,57478000,-209505000,-164208000,417087000,17453000,19.59,21.27,17.9,0.1288,0.0683,8.91,2.08,18.14,2.52,0.347,0.3392,0.5328,0.0682,1,-0.19,1.9826
2006-04-02,172153082,172153082,1,2896779000,1379843000,1274129000,639464000,1622650000,0,0,1062451000,494871000,468181000,-4899000,-4899000,-0.03,-0.03,0.12,-75239000,-159365000,-126607000,-360973000,581295000,11532000,20.71,21.9,19.52,0.1274,0.0677,9.43,2.14,19,2.4,0.3264,0.305,0.5602,0.068,0.99,-0.5,2.1578
2005-12-25,177988289,177988289,1,3301143000,1830195000,1577667000,910726000,1723476000,0,0,1080494000,495619000,1072243000,94271000,94271000,0.53,0.51,0.09,501188000,-28999000,-100050000,371769000,942268000,24847000,19.25,20.75,17.75,0.1281,0.0673,9.68,2.05,17.82,2.28,0.3029,0.2876,0.5221,0.0687,0.98,2.68,2.0096
2005-09-25,178349670,178349670,1,3271640000,1778454000,1601015000,1197438000,1670625000,0,0,1102738000,246480000,988052000,92063000,92063000,0.51,0.47,0.09,-22556000,-27265000,-22536000,-72332000,570499000,12479000,21.09,22.35,19.83,0.1222,0.0637,9.37,2.35,19.9,2.19,0.2947,0.1475,0.5106,0.065,0.98,-0.2,1.4852
2005-06-26,179000546,179000546,1,2997714000,1462423000,1391220000,992856000,1606494000,0,0,1120247000,247554000,572388000,29454000,29454000,0.17,0.13,0.09,-141650000,-53387000,-37282000,-234060000,642831000,-11608000,19.7,21,18.4,0.1234,0.0634,8.97,2.17,19.9,2.1,0.2721,0.1541,0.5359,0.0647,0.98,-0.73,1.4729
2005-03-27,178307018,178307018,1,3027743000,1542280000,1408557000,991086000,1619186000,0,0,1082918000,266242000,454944000,-3713000,-3713000,-0.02,-0.02,0.09,159642000,-11020000,1227000,151889000,876891000,11783000,19.8,21.5,18.11,0.1203,0.0606,9.08,2.15,19.04,2.01,0.2581,0.1644,0.5348,0.0624,0.97,0.83,1.5562
2004-12-26,177565983,177565983,1,3240660000,1718222000,1600936000,1148611000,1639724000,0,0,1107655000,302698000,1059518000,81919000,81919000,0.46,0.5,0.06,452245000,-25016000,-13418000,419913000,725002000,23974000,18.26,19.62,16.9,0.1315,0.0645,9.23,2.15,18.82,1.92,0.2167,0.1846,0.506,0.0654,0.99,2.41,1.4959
2004-09-26,177016516,177016516,1,3122238000,1578061000,1620588000,842008000,1501650000,0,0,1137723000,632411000,947312000,88687000,88687000,0.5,0.45,0.06,-104589000,-14481000,-56129000,-175055000,305089000,17490000,18.31,19.64,16.98,0.1331,0.0632,8.48,2.29,20.34,1.86,0.1946,0.4211,0.481,0.0623,1.01,-0.69,1.8742
2004-06-27,176845162,176845162,1,2877151000,1288746000,1460026000,663375000,1417125000,0,0,1154704000,651281000,516433000,18839000,18839000,0.11,0.06,0.06,-123222000,-23142000,-5689000,-151576000,480144000,23920000,20.24,23.33,17.15,0.124,0.0559,8.01,2.54,22.49,1.8,0.186,0.4596,0.4925,0.0552,1.01,-0.83,1.9427
2004-03-28,176382147,176382147,1,2905903000,1268544000,1501655000,672538000,1404248000,0,0,1168673000,686191000,474247000,6532000,6532000,0.04,0.03,0.06,134072000,-22328000,-588000,110973000,631720000,13855000,21.18,22.98,19.38,0.121,0.0533,7.96,2.65,24.07,1.74,0.1614,0.4887,0.4832,0.0517,1.03,0.68,1.8862
2003-12-28,175930755,175930755,1,3163376000,1509263000,1758136000,930055000,1405240000,0,0,1174319000,686871000,1124349000,76594000,76594000,0.44,0.43,0.03,629582000,-18978000,-250591000,365390000,520747000,20198000,20.42,22.63,18.21,0.1202,0.052,7.99,2.8,None,1.68,0.1327,0.4888,0.4442,0.0502,1.04,3.46,1.6228
2003-09-28,174483336,174483336,1,3248494000,1547141000,1977103000,973706000,1271391000,0,0,1196320000,856934000,971071000,68464000,68464000,0.39,0.38,0.03,-87129000,-13983000,83531000,-17220000,155357000,16455000,18.32,19.37,17.26,-0.0814,-0.0339,7.29,2.43,None,1.65,None,0.674,0.3914,None,1,-0.59,1.5889
2003-06-29,173713556,173713556,1,2904227000,1166405000,1594365000,595791000,1309862000,0,0,1215468000,861280000,581469000,11417000,11417000,0.07,0.06,0.03,-124805000,-17301000,1894000,-137949000,172577000,17189000,15.86,18.05,13.66,-0.0939,-0.0385,7.54,2.18,None,1.62,None,0.6575,0.451,None,0.96,-0.82,1.9577
2003-03-30,173213009,173213009,1,2804006000,1047698000,1541643000,551542000,1262363000,0,0,1228469000,856936000,461768000,1189000,1189000,0.01,0.01,0.03,36507000,-14617000,-208141000,-184846000,310526000,9228000,12.8,14.6,11.01,-0.1301,-0.051,7.29,1.86,None,1.59,None,0.6788,0.4502,None,0.95,0.16,1.8996
2002-12-29,173088636,173088636,1,3142881000,1431624000,1951515000,966850000,1191366000,0,0,1176729000,857274000,997441000,-183576000,-183576000,-1.06,-1.06,0.03,571736000,-19484000,-103859000,451522000,495372000,20494000,11.68,13.48,9.87,-0.1438,-0.0556,6.88,1.78,29.95,1.56,None,0.7196,0.3791,None,0.92,3.18,1.4807
2002-09-29,173166593,173166593,1,3124198000,1415718000,1985116000,1034298000,1139082000,0,0,1206519000,856257000,820532000,55848000,55848000,0.32,0.32,0.03,-21694000,-10716000,19211000,-13207000,43850000,12617000,12.34,13.92,10.75,0.0533,0.0209,6.58,1.96,34.28,1.53,0.3177,0.7517,0.3646,0.0233,0.9,-0.2,1.3688
2002-06-30,173140341,173140341,1,2884777000,1107292000,1792748000,848202000,1092029000,0,0,1228576000,846361000,545990000,-25888000,-25888000,-0.15,-0.15,0.03,-214783000,-16829000,-70158000,-298055000,57057000,15280000,15.27,16.98,13.56,0.0476,0.0185,6.31,1.99,38.17,1.5,0.3452,0.775,0.3785,0.0209,0.89,-1.33,1.3055
2002-03-31,173109903,173109903,1,3134548000,1198409000,1809229000,874263000,1325319000,0,0,1541022000,840399000,452267000,-17058000,-17058000,-0.1,-0.1,0.03,137880000,-15285000,-4531000,122017000,355112000,10270000,15.07,17.3,12.84,0.0519,0.0202,7.66,1.93,43.06,1.47,0.3064,0.6341,0.4228,0.0238,0.85,0.74,1.3708
2001-12-30,173067819,173067819,1,3368979000,1368618000,2016115000,758591000,1352864000,0,0,1566602000,1165649000,988729000,52485000,52485000,0.32,0.32,0.03,493595000,-29702000,-267084000,196015000,233095000,16620000,15.8,18.44,13.16,0.0462,0.0175,7.82,2.12,None,1.44,0.347,0.8616,0.4016,0.0209,0.84,2.76,1.8042
2001-09-30,172751874,172751874,1,3590586000,1556669000,2305452000,1048799000,1285134000,0,0,1605368000,1166360000,893353000,50602000,50602000,0.29,0.29,0.03,-135050000,-8130000,122680000,-19739000,37080000,10891000,14.61,17.62,11.6,-0.1344,-0.049,7.44,2,None,1.41,None,0.9076,0.3579,None,0.86,-0.84,1.4842
2001-07-01,172541015,172541015,1,3333789000,1178281000,2075858000,791823000,1257931000,0,0,1633671000,1167035000,510971000,-18331000,-18331000,-0.11,-0.11,0.03,-179842000,-23468000,79132000,-123947000,56819000,12110000,13.04,15.59,10.5,-0.1567,-0.0563,7.29,1.77,None,1.38,None,0.9277,0.3773,None,0.86,-1.11,1.4881
2001-04-01,172461389,172461389,1,3362958000,1133436000,2089575000,805263000,1273383000,0,0,1664218000,1167528000,463286000,-25024000,-25024000,-0.15,-0.15,0.03,193772000,3521000,-137389000,53651000,180766000,10424000,12.47,14.63,10.31,-0.1321,-0.0474,7.38,1.62,None,1.35,None,0.9169,0.3786,None,0.89,1.06,1.4075
2000-12-31,172456278,172456278,1,3828459000,1580213000,2501053000,1239812000,1327406000,0,0,1706082000,1167838000,1162744000,-180090000,-180090000,-1.04,-1.04,0.03,233026000,45823000,-319254000,-37192000,127115000,37370000,10.66,12.94,8.38,-0.0992,-0.0357,7.7,1.23,22.68,1.32,None,0.8798,0.3467,None,0.93,1.13,1.2746
2000-10-01,172322501,172322501,1,4370586000,2036355000,2879261000,1619610000,1491325000,0,0,1783964000,1168764000,1072617000,13832000,13832000,0.08,0.08,0.06,-60659000,-131526000,171473000,-24238000,164307000,28291000,14,17.81,10.19,0.0583,0.0221,8.65,1.61,17.07,1.29,0.4554,0.7837,0.3412,0.0221,1,-0.52,1.2573
2000-07-02,172309426,172309426,1,4015216000,1726853000,2513395000,1244579000,1501821000,0,0,1726409000,1168959000,778373000,6500000,6500000,0.04,0.04,0.06,-385774000,-39707000,271642000,-155098000,188545000,34313000,16.78,18.56,15,0.0973,0.0395,8.72,1.91,17.85,1.23,0.2658,0.7784,0.374,0.0388,1.02,-2.44,1.3875
2000-04-02,172124696,172124696,1,4006686000,1692763000,2492612000,1218026000,1514074000,0,0,1743258000,1169406000,773481000,15127000,15127000,0.08,0.08,0.06,375963000,-55300000,-251702000,63484000,343643000,25081000,16.44,19.13,13.75,0.1078,0.046,8.8,1.67,17.68,1.17,0.2368,0.7724,0.3779,0.0439,1.05,2.04,1.3898
1999-12-26,190384899,190384899,1,4463348000,2131652000,2584373000,2071327000,1878975000,0,0,1755881000,420654000,1591112000,57699000,57699000,0.29,0.27,0.06,697176000,-328131000,-194678000,171532000,280159000,40571000,20.56,24.25,16.88,0.1014,0.0473,9.87,2.14,15.82,1.11,0.2459,0.2239,0.421,0.0446,1.06,3.45,1.0291
1999-09-26,193764320,193764320,1,4193269000,2267223000,2329144000,1839109000,1864125000,0,0,1488362000,407584000,1098179000,85170000,85170000,0.44,0.43,0.06,15334000,-49348000,44472000,10862000,108627000,25767000,25.29,28.63,21.94,0.1399,0.0688,9.62,2.73,21.62,1.05,0.1704,0.2186,0.4446,0.0667,1.03,-0.05,1.2328
1999-06-27,194693412,194693412,1,3901137000,1960920000,2097015000,1609378000,1804122000,0,0,1508037000,409937000,874574000,32289000,32289000,0.17,0.16,0.06,-479090000,-38829000,398430000,-119511000,97765000,22583000,32,37,27,0.129,0.0647,9.27,3.28,30.87,0.99,0.1826,0.2272,0.4625,0.0631,1.03,-2.58,1.2184
1999-03-28,195437108,195437108,1,3407243000,1436425000,1498463000,1012594000,1908780000,0,0,1518875000,410146000,668398000,13795000,13795000,0.07,0.07,0.06,158092000,-12784000,-102616000,39528000,217276000,18547000,25.97,30.13,21.81,0.1154,0.0611,9.77,2.62,25.8,0.93,0.2002,0.2149,0.5602,0.0608,1,0.71,1.4186
1998-12-27,195889550,195889550,1,3793845000,1789986000,1849050000,1366300000,1944795000,0,0,1542181000,407180000,1304079000,131789000,131789000,0.67,0.64,0.05,350410000,-321749000,-8980000,1262000,177748000,54407000,22.04,25.44,18.63,0.1138,0.0631,9.93,2.46,47.23,0.87,0.2007,0.2094,0.5126,0.0625,1.01,1.51,1.3101
1998-09-27,130816511,196224766,1.5,3676304000,1927307000,1917512000,1537502000,1758792000,0,0,1359259000,300000000,945498000,61330000,61330000,0.47,0.45,0.08,-130685000,-77001000,181291000,-4109000,176486000,39574000,23.44,27.25,19.63,0.0523,0.0307,8.96,2.65,41.36,0.82,0.4521,0.1706,0.4784,0.0298,1.03,-0.87,1.2535
1998-06-28,131534304,197301456,1.5,3027765000,1336227000,1282005000,1204119000,1745760000,0,0,1323072000,0,572057000,5453000,5453000,0.04,0.04,0.08,-234604000,-369518000,361519000,-250006000,180595000,30410000,25.09,27.06,23.13,0.0624,0.038,8.85,2.77,41.36,0.77,0.3881,0,0.5766,0.0353,1.08,-1.34,1.1097
1998-03-29,132852476,199278714,1.5,2591966000,1267235000,789251000,729480000,1802715000,0,0,965032000,0,482820000,7793000,7793000,0.06,0.06,0.08,141466000,-24432000,-42184000,68816000,430601000,17559000,22.81,25.75,19.88,0.0681,0.042,9.05,2.48,32.59,0.71,0.36,0,0.6955,0.0376,1.12,0.62,1.7372
1997-12-28,133122242,199683363,1.5,2899717000,1573874000,1061600000,1003546000,1838117000,0,0,965300000,0,1133356000,18911000,18911000,0.15,None,0.08,701460000,-48122000,-369232000,281755000,361785000,38285000,20.72,24.31,17.13,0.0805,0.049,9.21,2.55,18.84,0.66,0.3094,0,0.6339,0.0423,1.16,3.32,1.5683
1997-09-28,133920853,200881279,1.5,3023951000,1757253000,1388847000,1171172000,1635104000,0,0,917067000,148751000,915533000,77400000,77400000,0.6,None,0.08,-87884000,-23513000,107711000,-2480000,80030000,26416000,19.19,20.75,17.63,0.132,0.0795,8.14,2.28,18.1,0.61,0.1864,0.091,0.5407,0.068,1.17,-0.57,1.5004
1997-06-29,126977710,190466565,1.5,2646795000,1353856000,1047764000,831518000,1599031000,0,0,927878000,149040000,583886000,12981000,12981000,0.1,None,0.08,-234205000,-180810000,207985000,-207036000,82510000,22119000,17.44,19.63,15.25,0.129,0.0771,8.4,2.05,17.02,0.55,0.1826,0.0932,0.6041,0.0674,1.15,-1.35,1.6282
1997-03-30,128079854,192119781,1.5,2449888000,1255908000,815996000,597851000,1633892000,0,0,817625000,149208000,555784000,25694000,25694000,0.2,None,0.08,164470000,-16832000,-71976000,70575000,289546000,12536000,17.91,19.75,16.06,0.1259,0.0754,8.5,2.09,17.64,0.5,0.1814,0.0913,0.6669,0.0666,1.13,0.79,2.1007
1996-12-29,128553801,192830701,1.5,2701509000,1486589000,1049463000,830818000,1652046000,0,0,825454000,149382000,1106928000,99092000,99092000,0.75,None,0.07,653757000,-38929000,-455646000,161218000,218971000,39442000,18.01,19.59,16.42,0.1267,0.0752,8.57,2.22,19.11,0.45,0.1749,0.0904,0.6115,0.0666,1.13,3.19,1.7893
1996-09-29,86222330,194000242,2.25,2999475000,1801013000,1428546000,1208083000,1570929000,0,0,833862000,149907000,845148000,70469000,70469000,0.81,None,0.1,-221809000,-17804000,225292000,-12245000,57753000,21561000,15.59,17,14.17,0.1203,0.0706,8.1,1.97,17.28,0.4,0.177,0.0954,0.5237,0.0637,1.11,-1.25,1.4908
1996-06-30,86323230,194227267,2.25,2527514000,1312839000,991130000,769144000,1536384000,0,0,843723000,149920000,511609000,5986000,5986000,0.07,None,0.1,-213986000,-28218000,177292000,-66862000,69998000,27132000,16.42,17.17,15.67,0.1179,0.0685,7.91,2.07,20.64,0.36,0.1749,0.0976,0.6079,0.0618,1.11,-1.24,1.7069
1996-03-31,87046187,195853920,2.25,2403860000,1176520000,850276000,627880000,1553584000,0,0,851778000,149987000,538685000,24365000,24365000,0.28,None,0.1,62031000,-42335000,-42544000,-24170000,136860000,13811000,16.83,20.83,12.83,0.1065,0.0609,7.93,2.16,21.52,0.31,0.1878,0.0965,0.6463,0.0551,1.1,0.25,1.8738
1995-12-31,87182186,196159918,2.25,2616388000,1425498000,1090776000,869864000,1525612000,0,0,817012000,149991000,1023688000,85209000,85209000,0.96,None,0.08,603488000,-38899000,-455235000,107245000,161030000,37826000,13.59,14.5,12.67,0.1071,0.0603,7.78,1.83,18.64,0.27,0.1802,0.0983,0.5831,0.0544,1.11,2.88,1.6388
1995-10-01,87672905,197264036,2.25,2917509000,1730263000,1455575000,1240441000,1461934000,0,0,827132000,149991000,826165000,63572000,63572000,0.72,None,0.08,-204923000,-31482000,204880000,-32428000,53785000,24061000,14,14.83,13.17,0.1029,0.058,7.41,1.97,17.8,0.23,0.186,0.1026,0.5011,0.0527,1.1,-1.16,1.3949
1995-07-02,87782900,197511525,2.25,2459768000,1265564000,1057125000,840840000,1402643000,0,0,837886000,149993000,481854000,-14893000,-14893000,-0.17,None,0.08,-266702000,-20661000,184547000,-103564000,86213000,22708000,14.79,15.67,13.92,0.1134,0.0638,7.1,2.06,16.98,0.2,0.1667,0.1069,0.5702,0.0575,1.11,-1.47,1.5051
1995-04-02,87717715,197364858,2.25,2329763000,1112851000,909761000,693952000,1420002000,0,0,847291000,150000000,526503000,21683000,21683000,0.25,None,0.08,95537000,-118289000,68182000,52749000,189777000,16044000,13.79,15,12.59,0.1278,None,7.19,1.95,15.83,0.16,0.1459,0.1056,0.6095,0.0644,1.13,0.4,1.6036
1994-12-25,87600293,197100659,2.25,2378375000,1252463000,982958000,763732000,1395417000,0,0,775293000,150000000,940583000,75813000,75813000,0.84,None,0.07,607317000,-97641000,-414030000,93794000,137028000,37925000,13.64,14.89,12.39,0.1313,None,7.08,1.99,None,0.12,0.1404,0.1075,0.5867,0.0655,1.14,2.89,1.6399
1994-09-25,87619877,197144723,2.25,2716314000,1658922000,1368266000,1144772000,1348048000,0,0,724440000,150437000,796222000,75151000,75151000,0.85,None,0.07,-179930000,-101826000,279915000,-3193000,43234000,27194000,13.39,14.28,12.5,None,None,6.84,2.04,None,0.09,None,0.1116,0.4963,None,None,-1.05,1.4491
1994-06-26,87745672,197427762,2.25,2167142000,1173839000,873874000,602470000,1293268000,0,0,645177000,200458000,444324000,1634000,1634000,0.02,None,0.07,-240745000,-25319000,57885000,-203835000,46427000,26235000,14.28,16.06,12.5,None,None,6.55,2.18,None,0.06,None,0.155,0.5968,None,None,-1.35,1.9484
1994-03-27,88051294,198115411,2.25,2113350000,1122066000,818484000,544834000,1294866000,0,0,653206000,200479000,489133000,22435000,22435000,0.25,None,0.07,97143000,-19392000,-13525000,64008000,250262000,19590000,15.56,16.28,14.84,None,None,6.54,2.41,None,0.03,None,0.1548,0.6127,None,None,0.39,2.0595
1993-12-26,87977666,197949748,2.25,2293018000,1301135000,1016335000,748314000,1276683000,0,0,661560000,200510000,None,None,None,None,None,0,None,None,None,None,186254000,0,16.73,17.84,15.61,None,None,6.45,None,None,0,None,0.1571,0.5568,None,None,None,1.7388
