"Quarter end","Shares","Shares split adjusted","Split factor","Assets","Current Assets","Liabilities","Current Liabilities","Shareholders equity","Non-controlling interest","Preferred equity","Goodwill & intangibles","Long-term debt","Revenue","Earnings","Earnings available for common stockholders","EPS basic","EPS diluted","Dividend per share","Cash from operating activities","Cash from investing activities","Cash from financing activities","Cash change during period","Cash at end of period","Capital expenditures","Price","Price high","Price low","ROE","ROA","Book value of equity per share","P/B ratio","P/E ratio","Cumulative dividends per share","Dividend payout ratio","Long-term debt to equity ratio","Equity to assets ratio","Net margin","Asset turnover","Free cash flow per share","Current ratio"
2019-03-31,92999294,92999294,1,3981919000,536031000,3348775000,659132000,633144000,0,0,2263033000,2561188000,971591000,219134000,148175000,1.59,1.59,0.95,251253000,-22853000,-235220000,-6820000,1478000,22853000,27.96,31.75,24.18,0.1617,0.0399,6.81,5.07,30.39,63.28,3.6144,4.0452,0.159,0.0351,0.7,2.46,0.8132
2018-12-31,92987318,92987318,1,4005531000,550543000,3492616000,813870000,512915000,0,0,2273138000,2560696000,820213000,44486000,32710000,0.35,0.35,0.95,-3861000,-27449000,32730000,1420000,8298000,27449000,31.78,40.81,22.75,0.126,0.0326,5.52,5.18,20.64,62.33,4.2084,4.9924,0.1281,0.0294,0.71,-0.34,0.6765
2018-09-30,92977072,92977072,1,3925818000,451891000,3356150000,678028000,569668000,0,0,2283279000,2561007000,466947000,-31327000,1857000,0.04,0.04,0.95,65942000,-12172000,-51974000,1796000,6878000,11464000,41.4,43.79,39.01,0.1951,0.0471,6.13,5.48,30.44,61.38,2.4656,4.4956,0.1451,0.0508,0.7,0.59,0.6665
2018-06-30,92977072,92977072,1,3926341000,427221000,3223696000,529572000,702645000,0,0,2296162000,2565181000,528403000,-74396000,-84983000,-0.91,-0.91,0.95,113907000,-32316000,-81245000,346000,5082000,22934000,41.36,43.3,39.42,0.1634,0.0499,7.56,4.37,25.07,60.43,2.7441,3.6507,0.179,0.046,0.69,0.98,0.8067
2018-03-31,92976504,92976504,1,4140970000,551489000,3261574000,569066000,879396000,0,0,2372819000,2563942000,1040332000,191824000,134373000,1.44,1.44,0.95,228599000,-19774000,-211286000,-2461000,4736000,19774000,43.89,48.37,39.41,0.1863,0.0563,9.46,5.19,32.51,59.48,2.2629,2.9156,0.2124,0.057,0.67,2.25,0.9691
2017-12-31,92975954,92975954,1,4192104000,581241000,3405256000,719174000,786848000,0,0,2382443000,2563441000,787296000,104421000,92049000,0.97,0.97,0.95,1821000,-19925000,17985000,-119000,7197000,19925000,45.23,46.85,43.61,0.1447,0.0423,8.46,5.37,36.18,58.53,2.7644,3.2579,0.1877,0.0497,0.62,-0.19,0.8082
2017-09-30,92963052,92963052,1,4059261000,413774000,3276190000,581532000,783071000,0,0,2392050000,2563832000,445173000,-18231000,-12690000,-0.14,-0.14,0.95,68294000,-19999000,-45689000,2606000,7316000,19999000,44.25,46.5,42,0.1237,0.0392,8.42,4.56,39.86,57.58,3.029,3.2741,0.1929,0.0473,0.59,0.52,0.7115
2017-06-30,92958586,92958586,1,4037974000,361086000,3135217000,430477000,902757000,0,0,2401784000,2567994000,467496000,-46752000,-57614000,-0.62,-0.62,0.95,86300000,-42342000,-133783000,-89825000,4710000,12775000,45.22,47.92,42.52,0.104,0.0226,9.71,4,35.61,56.63,3.3632,2.8446,0.2236,0.0431,0.58,0.79,0.8388
2017-03-31,92958063,92958063,1,4228259000,555884000,3176924000,491727000,1051335000,0,0,2376852000,2562376000,863660000,135088000,105707000,1.14,1.14,0.94,169145000,-28323000,-55540000,85282000,94535000,21901000,47.13,50,44.25,0.1101,0.0254,11.31,4.32,25.2,55.68,2.9437,2.4373,0.2486,0.0496,0.56,1.58,1.1305
2016-12-31,92956163,92956163,1,4199780000,505575000,3185669000,542400000,1014111000,0,0,2381334000,2519950000,677166000,91954000,80602000,0.87,0.87,0.94,33043000,-24389000,-15228000,-6574000,9253000,23554000,45.87,48.24,43.5,0.1521,0.0518,10.91,4.18,25.92,54.74,1.9863,2.4849,0.2415,0.0742,0.56,0.1,0.9321
2016-09-30,92926819,92926819,1,4057770000,344448000,3038561000,588455000,1019209000,0,0,2390300000,2325334000,393548000,-86828000,-25056000,-0.28,-0.28,0.92,60541000,-24697000,-327674000,-291830000,15827000,23815000,47,50.11,43.88,0.1389,0.0491,10.97,3.62,17.74,53.8,2.0842,2.2815,0.2512,0.0714,0.55,0.4,0.5853
2016-06-30,92923410,92923410,1,4397239000,639691000,3191254000,716528000,1205985000,0,0,2399367000,2356908000,446684000,-33069000,-43170000,-0.46,-0.46,0.94,88315000,-27152000,230754000,291917000,307657000,16235000,43.92,47.02,40.81,0.1987,0.0576,12.98,3.05,16.03,52.88,1.4036,1.9543,0.2743,0.1048,0.55,0.78,0.8928
2016-03-31,92922445,92922445,1,4187721000,431728000,2848948000,458423000,1338773000,0,0,2396061000,2274788000,827487000,245908000,161668000,1.74,1.74,0.92,238106000,-24212000,-215405000,-1511000,15740000,24212000,38.26,44.16,32.36,0.2004,0.0601,14.41,3,12.07,51.94,1.3454,1.6992,0.3197,0.1073,0.57,2.3,0.9418
2015-12-31,92916740,92916740,1,4226980000,447908000,3040809000,639522000,1186171000,0,0,2405754000,2275035000,644098000,80973000,71518000,0.77,0.77,0.92,35981000,-48556000,15069000,2494000,17251000,22795000,37.88,44.96,30.8,0.2265,0.0782,12.77,2.93,19.83,51.02,1.1478,1.918,0.2806,0.1116,0.62,0.14,0.7004
2015-09-30,92892582,92892582,1,4141712000,366361000,2941339000,546294000,1200373000,0,0,2390401000,2273817000,418236000,-49695000,54904000,0.59,0.6,0.92,99807000,-22547000,-78725000,-1465000,14757000,18715000,43.49,47.85,39.13,0.1353,0.0491,12.92,3,24.85,50.1,1.8854,1.8943,0.2898,0.0615,0.67,0.87,0.6706
2015-06-30,92889980,92889980,1,4185748000,385919000,2839328000,442179000,1346420000,0,0,2396140000,2279237000,477977000,-25578000,-33967000,-0.37,-0.37,0.92,129083000,-24883000,-109363000,-5163000,16222000,16893000,47.56,49.87,45.25,0.0556,0.049,14.49,3.01,28.82,49.18,4.4022,1.6928,0.3217,0.0248,0.69,1.21,0.8728
2015-03-31,92889543,92889543,1,4406621000,582735000,2938188000,530645000,1468433000,0,0,2398925000,2279762000,1100317000,326055000,202137000,2.18,2.17,0.88,309390000,-20169000,-286343000,2878000,21385000,20054000,49.36,52.72,46.01,0.0469,0.0458,15.81,3.73,41.48,48.26,5.0169,1.5525,0.3332,0.0206,0.72,3.11,1.0982
2014-12-31,92888829,92888829,1,4479117000,629288000,3249884000,834859000,1229233000,0,0,2408362000,2280208000,888792000,-39571000,-45708000,-0.49,-0.49,0.88,-14422000,-31434000,50883000,5027000,18507000,22531000,45.28,48.5,42.06,0.0152,0.0259,13.23,3.09,16.06,47.38,14.8645,1.855,0.2744,0.0061,0.8,-0.4,0.7538
2014-09-30,92869863,92869863,1,4364058000,505908000,3003168000,617514000,1360890000,0,0,2410086000,2280145000,560249000,-47347000,-47347000,0.44,0.44,0.88,116879000,-40097000,-77957000,-1175000,13480000,26284000,45.05,46.54,43.56,0.1156,0.0643,14.65,2.79,18.31,46.5,1.8465,1.6755,0.3118,0.0466,0.82,0.98,0.8193
2014-06-30,92866796,92866796,1,4329932000,492725000,2831920000,461020000,1498012000,0,0,2403124000,2285128000,613237000,-37761000,-43916000,-0.47,-0.47,0.88,195891000,-23206000,-196491000,-23806000,14655000,23206000,45.27,48.36,42.17,0.1503,0.0627,16.13,2.58,18.11,45.62,1.3894,1.5254,0.346,0.0617,0.82,1.86,1.0688
2014-03-31,92866796,92866796,1,4669680000,816216000,3039387000,674351000,1630293000,0,0,2412724000,2286222000,1493623000,240103000,158714000,1.71,1.71,0.84,132020000,-24056000,-99806000,8158000,38461000,23565000,42.98,45,40.96,0.1523,0.0632,17.56,2.67,18.29,44.74,1.3475,1.4023,0.3491,0.0634,0.81,1.17,1.2104
2013-12-31,92859593,92859593,1,4665255000,784964000,3168707000,797724000,1496548000,0,0,2421880000,2286859000,1045826000,134898000,105560000,1.14,1.14,0.84,35280000,-22390000,4778000,17668000,30303000,20948000,43.72,45.74,41.7,0.1426,0.0572,16.12,2.85,20.43,43.9,1.4144,1.5281,0.3208,0.0653,0.74,0.15,0.984
2013-09-30,92827774,92827774,1,4409846000,500692000,2985709000,616974000,1424137000,0,0,2430257000,2288097000,531970000,-54056000,6873000,0.08,0.08,0.84,83224000,-33001000,-54121000,-3898000,12635000,14100000,45.69,50.15,41.23,0.1298,0.0488,15.34,2.77,34.35,43.06,1.5332,1.6067,0.3229,0.0627,0.7,0.74,0.8115
2013-06-30,92824539,92824539,1,4388210000,469200000,2857338000,476808000,1530872000,0,0,2422468000,2293199000,581719000,-34595000,-39640000,-0.43,-0.43,0.84,57229000,-24641000,-139167000,-106579000,16533000,23596000,46.3,50.45,42.15,0.0751,0.0437,16.49,2.59,60.92,42.22,2.5991,1.498,0.3489,0.0368,0.69,0.36,0.984
2013-03-31,92821066,92821066,1,4686754000,739113000,3025170000,645541000,1661584000,0,0,2431147000,2294048000,1176207000,213208000,145109000,1.56,1.56,0.8,174664000,-26553000,-142629000,5482000,123112000,26553000,41.43,45.19,37.67,0.0424,0.0314,17.9,2.56,90.07,41.38,4.5023,1.3806,0.3545,0.021,0.68,1.6,1.145
2012-12-31,92816905,92816905,1,4665775000,695306000,3164492000,783877000,1501283000,0,0,2440980000,2294704000,876647000,96665000,86241000,0.93,0.93,0.8,40486000,-24696000,41738000,57528000,117630000,24696000,41.56,45.49,37.63,0.0162,0.014,16.17,2.63,519.5,40.58,11.3413,1.5285,0.3218,0.0083,0.67,0.17,0.887
2012-09-30,92810415,92810415,1,4517331000,523368000,3048771000,670845000,1468560000,0,0,2450804000,2297363000,510285000,-76003000,-76003000,-0.73,-0.73,0.8,90931000,-36624000,-117048000,-62741000,60102000,29824000,42.13,45.04,39.22,-0.0137,0.0028,15.82,2.45,54.01,39.78,None,1.5644,0.3251,None,0.74,0.66,0.7802
2012-06-30,92792778,92792778,1,4559951000,549782000,2964587000,580153000,1595364000,0,0,2457142000,2301720000,571945000,-89382000,-89382000,-1,-1,0.8,100412000,-34500000,-83327000,-17415000,122843000,22573000,38.95,40.89,37,0.0127,0.0128,17.19,1.99,24.5,38.98,19.3325,1.4428,0.3499,0.0045,0.88,0.84,0.9477
2012-03-31,92762705,92762705,1,4817243000,768747000,3002610000,582502000,1814633000,0,0,2479217000,2337935000,1155574000,133885000,105020000,1.26,1.26,0.7625,164934000,-1427053000,1343621000,81502000,140258000,22051000,43.03,46.46,39.6,0.1263,0.0473,19.56,10.92,24.17,38.18,2.3471,1.2884,0.3767,0.0336,1.07,1.54,1.3197
2011-12-31,85760831,85760831,1,1944179000,544347000,1606468000,616874000,337711000,0,0,732173000,928108000,683812000,42525000,42525000,0.55,0.55,0.74,-11848000,-21883000,83855000,50124000,58756000,20610000,44.18,46.67,41.69,0.1733,0.0572,3.94,7.18,19.29,37.42,2.659,2.7482,0.1737,0.0281,1.36,-0.38,0.8824
2011-09-30,57127796,57127796,1,1795735000,393819000,1444256000,450993000,351479000,0,0,733452000,928858000,460133000,-45195000,-45195000,-0.03,-0.03,0.74,68899000,-18412000,-48074000,2413000,8632000,15574000,41.39,46.03,36.76,0.2073,0.0752,6.15,5.27,15.86,36.68,1.8524,2.6427,0.1957,0.0351,1.38,0.93,0.8732
2011-06-30,57124296,57124296,1,1769677000,367108000,1321382000,435516000,448295000,0,0,733679000,828912000,470830000,-9152000,-9152000,-0.19,-0.19,0.74,58873000,-23379000,-64671000,-29177000,6219000,17604000,45.25,48.49,42,0.2169,0.0794,7.85,5.2,17.61,35.94,1.7219,1.849,0.2533,0.0386,1.35,0.72,0.8429
2011-03-31,57124296,57124296,1,1912710000,512820000,1402292000,516617000,496903000,13515000,0,732350000,829386000,906776000,118002000,82631000,1.45,1.45,0.705,63122000,-25722000,-11538000,25862000,35396000,18386000,47.53,51.5,43.56,0.2108,0.0789,8.7,6.41,17.54,35.2,1.7603,1.6691,0.2598,0.0384,1.33,0.78,0.9927
2010-12-31,57106974,57106974,1,1886373000,497466000,1450984000,607642000,423064000,12325000,0,727449000,788063000,700220000,74868000,60831000,1.07,1.06,0.705,-2043000,-38616000,42467000,1808000,9534000,20533000,46.92,49.29,44.55,0.2274,0.0894,7.41,7.03,16.76,34.49,1.5937,1.8628,0.2243,0.0423,1.34,-0.4,0.8187
2010-09-30,57091659,57091659,1,1696219000,325858000,1303333000,460262000,380848000,12038000,0,716311000,771279000,381033000,-39450000,-39450000,0.29,0.29,0.71,84959000,-39781000,-47080000,-1902000,7726000,22732000,43.4,46.42,40.38,0.2348,0.0948,6.67,5.66,13.87,33.79,1.5045,2.0252,0.2245,0.045,1.33,1.09,0.708
2010-06-30,57088509,57088509,1,1659346000,308295000,1208995000,371399000,437876000,12475000,0,704686000,770703000,396613000,-12372000,-12372000,-0.23,-0.23,0.705,76096000,-25059000,-51261000,-224000,9628000,12468000,39.15,43.3,35,0.2502,0.0987,7.67,4.33,12.55,33.08,1.1612,1.7601,0.2639,0.0485,1.31,1.11,0.8301
2010-03-31,57088509,57088509,1,1805307000,456992000,1275555000,421473000,516362000,13390000,0,699423000,784369000,886101000,134483000,90942000,1.59,1.59,0.67,61181000,-20543000,-41272000,-634000,9852000,18658000,40.54,42.94,38.14,0.2493,0.0984,9.04,5.19,12.51,32.37,1.1549,1.519,0.286,0.0485,1.3,0.74,1.0843
2009-12-31,57054888,57054888,1,1812644000,463403000,1354691000,496321000,445419000,12534000,0,699298000,784146000,656595000,82552000,65408000,1.15,1.15,0.67,-3420000,-29546000,-15761000,-48727000,10486000,26726000,37.3,40,34.61,0.4036,0.1073,7.81,5.84,10.39,31.7,0.7488,1.7605,0.2457,0.0759,1.28,-0.53,0.9337
2009-09-30,57054888,57054888,1,1657564000,316507000,1281239000,420605000,364459000,11866000,0,698274000,783419000,336977000,-33630000,-33630000,0.62,0.62,0.2,95374000,-29101000,-53010000,13263000,59213000,21318000,35.48,38,32.95,0.6372,0.13,6.39,4.76,10.5,31.03,0.546,2.1495,0.2199,0.0994,1.31,1.3,0.7525
2009-06-30,57046388,57046388,1,1630352000,300206000,1192113000,254895000,425840000,12399000,0,692156000,861831000,372677000,-13525000,-13525000,-0.24,-0.24,0.67,96615000,-20661000,-40215000,35739000,45950000,19527000,31.43,34.75,28.1,0.7356,0.1363,7.46,4.37,9.08,30.83,0.6212,2.0238,0.2612,0.0971,1.4,1.35,1.1778
2009-03-31,57046388,57046388,1,1727802000,398180000,1305289000,344310000,410150000,12363000,0,692038000,861576000,823377000,147835000,147835000,1.71,1.71,0.64,243509000,-20871000,-254459000,-31821000,10211000,18755000,27.98,32.6,23.37,0.7693,0.1373,7.19,7.6,8.4,30.16,0.6019,2.1006,0.2374,0.0929,1.48,3.94,1.1565
2008-12-31,57046388,57046388,1,1897008000,567863000,1676951000,726148000,209832000,10225000,0,692030000,861756000,727064000,123963000,123963000,1.5,1.5,0.64,-68000000,-8892000,108015000,31123000,42032000,19139000,24.98,31.98,17.98,0.7203,0.1269,3.68,5.76,9.25,29.52,0.6336,4.1069,0.1106,0.0815,1.56,-1.53,0.782
2008-09-30,57013951,57013951,1,1725073000,425096000,1466975000,532561000,247375000,10723000,0,668422000,861924000,525236000,-20448000,-20448000,0.41,0.41,0.64,77233000,-13089000,-63737000,407000,10909000,14588000,30.61,32.81,28.4,0.4508,0.0886,4.34,4.43,9.6,28.88,0.902,3.4843,0.1434,0.0561,1.58,1.1,0.7982
2008-06-30,57009951,57009951,1,1719035000,413440000,1313033000,387333000,393926000,12076000,0,668181000,861455000,535129000,-8788000,-8788000,-0.16,-0.16,0.64,74776000,-16750000,-68405000,-10379000,10502000,16892000,33.05,36.09,30,0.5441,0.1122,6.91,4.56,10.17,28.24,0.7775,2.1868,0.2292,0.0737,1.52,1.02,1.0674
2008-03-31,57009951,57009951,1,1835863000,528271000,1410314000,487535000,413137000,12412000,0,668579000,861264000,1006656000,132950000,132950000,1.58,1.58,0.61,66461000,-13206000,-46532000,6723000,20881000,13093000,30.94,36.88,25,0.58,0.1163,7.25,5.07,9.85,27.6,0.7566,2.0847,0.225,0.0777,1.5,0.94,1.0836
2007-12-31,57009951,57009951,1,1855637000,540876000,1496224000,498138000,347771000,11642000,0,667996000,930889000,748168000,54305000,54305000,0.87,0.87,0.61,-38256000,-12591000,30971000,-19876000,14158000,18183000,36.19,37.99,34.39,0.4554,0.1113,6.1,6.63,11.49,26.99,0.9894,2.6767,0.1874,0.0635,1.41,-0.99,1.0858
2007-09-30,56993202,56993202,1,1696784000,375020000,1374170000,378593000,311228000,11386000,0,670473000,931117000,417059000,20970000,20970000,0.9,0.9,0.86,87465000,-14804000,-54080000,18581000,34034000,15512000,34.6,38,31.2,0.4794,0.1158,5.46,6.06,16.09,26.38,1.0072,2.9918,0.1834,0.0652,1.38,1.26,0.9906
2007-06-30,56822497,56822497,1,1576081000,308419000,1240282000,242217000,324422000,11377000,0,648835000,931011000,433917000,-5712000,-5712000,-0.1,-0.1,0.61,44891000,-45855000,-36091000,-37055000,15453000,19422000,35.75,38.89,32.62,0.3472,0.0873,5.71,5.63,17.96,25.52,1.3383,2.8698,0.2058,0.0443,1.38,0.45,1.2733
2007-03-31,56822497,56822497,1,1682562000,440864000,1310033000,310578000,360648000,11881000,0,643720000,931386000,809808000,119886000,83461000,1.47,1.47,0.58,76291000,-17409000,-33540000,25342000,52508000,17294000,32.64,34,31.28,0.3136,0.0817,6.35,7.64,20.4,24.91,1.4541,2.5825,0.2143,0.0413,1.35,1.04,1.4195
2006-12-31,56822497,56822497,1,1634496000,390288000,1381039000,379487000,242912000,10545000,0,644666000,931644000,616591000,55640000,49798000,0.88,0.88,0.58,-4148000,-19474000,-33987000,-57609000,27166000,21536000,31.73,33.1,30.35,0.2375,0.0566,4.27,8.14,19.96,24.33,1.903,3.8353,0.1486,0.0326,1.3,-0.45,1.0285
2006-09-30,56805605,56805605,1,1611767000,368209000,1379816000,380156000,221503000,10448000,0,645546000,931921000,391803000,-27777000,-27777000,-0.1,-0.1,0.58,74506000,-18425000,-34125000,21956000,84775000,19033000,30.34,31.27,29.4,0.2211,0.0556,3.9,5.2,20.78,23.75,1.8951,4.2073,0.1374,0.0322,1.29,0.98,0.9686
2006-06-30,56797105,56797105,1,1582378000,333845000,1239796000,246213000,331157000,11425000,0,645431000,932028000,379109000,-14837000,-14837000,-0.26,-0.26,0.58,55929000,-14180000,-36506000,5243000,62819000,16069000,29.81,31.35,28.27,0.2003,0.0548,5.83,4.69,37.73,23.17,1.8955,2.8145,0.2093,0.0325,1.26,0.7,1.3559
2006-03-31,56797105,56797105,1,1655552000,406318000,1283159000,290270000,360571000,11822000,0,646509000,932501000,718130000,78759000,61472000,1.08,1.08,0.56,64011000,-14085000,-25420000,24506000,57576000,17524000,30.02,31.83,28.22,0.0966,0.0332,6.35,5.28,25.02,22.59,4.0259,2.5862,0.2178,0.0152,1.26,0.82,1.3998
2005-12-31,56797105,56797105,1,1702799000,456786000,1371478000,547970000,322917000,8404000,0,647384000,759791000,630224000,55013000,49477000,0.87,0.87,0.56,-16473000,-16418000,-33201000,-66092000,33070000,18084000,29.82,32.54,27.1,0.1576,0.0442,5.69,5.02,27.11,22.03,2.4355,2.3529,0.1896,0.025,1.26,-0.61,0.8336
2005-09-30,56797105,56797105,1,1663075000,417740000,1317088000,457015000,337417000,8570000,0,648474000,795415000,359303000,-28392000,-28392000,-0.23,-0.23,0.56,76377000,-9702000,27460000,94135000,99162000,12478000,32.58,35,30.16,0.1468,0.0381,5.94,6.48,44.63,21.47,2.6713,2.3574,0.2029,0.0233,1.23,1.13,0.9141
2005-06-30,54492605,54492605,1,1496662000,243584000,1214952000,357581000,273850000,7860000,0,649757000,795664000,349469000,-51276000,-51276000,-0.93,-0.93,0.56,53622000,-13946000,-45641000,-5965000,5027000,15069000,31.02,32.88,29.15,0.1379,0.036,5.03,4.71,25.64,20.91,2.9124,2.9055,0.183,0.0216,1.22,0.71,0.6812
2005-03-31,54492605,54492605,1,1609171000,352066000,1241500000,339838000,359224000,8447000,0,648092006,840395000,698268000,96222000,81146000,1.49,1.49,0.55,66260000,-12607000,-49879000,3774000,10992000,13933000,29.8,31.23,28.36,0.2148,0.0533,6.59,5.87,17.43,20.35,1.7501,2.3395,0.2232,0.0364,1.2,0.96,1.036
2004-12-31,54492605,54492605,1,1621095000,358850000,1336481000,434091000,277040000,7574000,0,649443000,840812000,556216000,44291000,44291000,0.77,0.77,0.55,-12122000,-19178000,-2065000,-33365000,7218000,21136000,28.34,30.56,26.11,0.2943,0.0596,5.08,5.34,16.19,19.8,1.2764,3.035,0.1709,0.0497,1.2,-0.61,0.8267
2004-09-30,54477272,54477272,1,1550227000,298116000,1253440000,352470000,289038000,7749000,0,637670000,841283000,312885000,-32813000,-32813000,-0.6,-0.6,0.55,68671000,-20461000,-30933000,17277000,40583000,17044000,27.77,29.64,25.91,0.2894,0.0593,5.31,4.32,15.87,19.25,1.2796,2.9106,0.1864,0.0517,1.15,0.95,0.8458
2004-06-30,54473272,54473272,1,1491970000,235884000,1133428000,232583000,350302000,8240000,0,634065000,842115000,315107000,-24132000,-24132000,-0.45,-0.45,0.55,25968000,-11355000,-4380000,10233000,23306000,13548000,27.54,29.98,25.09,0.3023,0.0608,6.43,4.15,16.59,18.7,1.2478,2.404,0.2348,0.0538,1.13,0.23,1.0142
2004-03-31,52373272,52373272,1,1575385000,310609000,1219624000,292958000,347792000,7969000,0,635024000,866763000,687710000,105650000,105650000,2,1.99,0.55,68324000,-15891000,-62653000,-10220000,13073000,16787000,29.02,30.19,27.84,0.2999,0.0588,6.64,5.38,19.74,18.15,1.2803,2.4922,0.2208,0.0527,1.12,0.98,1.0603
2003-12-31,52373272,52373272,1,1581753000,315019000,1292240000,370596000,282252000,7261000,0,633954000,867097000,460198000,43149000,43149000,0.82,0.81,0.55,14696000,-42816000,5541000,-22579000,23293000,14277000,26.59,28.37,24.8,0.259,0.0486,5.39,5.48,17.97,17.6,1.5307,3.0721,0.1784,0.0451,1.08,0.01,0.85
2003-09-30,52347708,52347708,1,1482176000,236332000,1221488000,298048000,253683000,7005000,0,629507000,868581000,270711000,-31416000,-31416000,-0.6,-0.6,0.55,52148000,-8128000,-32107000,11913000,45872000,9508000,24.81,27.13,22.5,0.26,0.0468,4.85,4.11,17.98,17.05,1.5558,3.4239,0.1712,0.0442,1.06,0.81,0.7929
2003-06-30,52333208,52333208,1,1478781000,228095000,1155079000,233520000,316126000,7576000,0,626828000,868832000,287136000,-27414000,-27414000,-0.54,-0.54,0.55,15169000,-32356000,28377000,11190000,33959000,10540000,25.63,27.25,24,0.2526,0.0445,6.04,4.31,14.9,16.5,1.6156,2.7484,0.2138,0.0432,1.03,0.09,0.9768
2003-03-31,49433208,49433208,1,1559974000,321073000,1259253000,319393000,293668000,7053000,0,612591000,889344000,625546000,89876000,89876000,1.8,1.8,0.55,80594000,-16343000,-151986000,-87735000,22769000,17324000,24.2,25.09,23.3,0.3267,0.056,5.94,4.91,15.51,15.95,1.268,3.0284,0.1883,0.0554,1.01,1.28,1.0053
2002-12-31,49432358,49432358,1,1628930000,386941000,1379023000,440986000,243502000,6405000,0,613318000,890075000,445031000,40912000,40912000,0.82,0.82,0.55,-8608000,-15698000,87410000,63104000,110504000,15561000,22.49,24.73,20.25,0.2874,0.0509,4.93,4.87,20.08,15.4,1.3964,3.6553,0.1495,0.0564,0.9,-0.49,0.8774
2002-09-30,49432358,49432358,1,1472618000,231270000,1238020000,307824000,228366000,6232000,0,612509000,885386000,221904000,-35075000,-35075000,-0.7,-0.7,0.55,32113000,-11366000,-18436000,2311000,47400000,14886000,20.45,23.79,17.11,0.2059,0.0369,4.62,3.55,18.94,14.85,1.9642,3.877,0.1551,0.0423,0.87,0.35,0.7513
2002-06-30,49432358,49432358,1,1465093000,215033000,1173618000,243452000,284614000,6861000,0,614117000,888214000,254469000,-9945000,-9945000,-0.2,-0.2,0.55,35847000,-10343000,-46626000,-21122000,45089000,11799000,22.59,23.85,21.32,0.2167,0.0378,5.76,3.41,30.53,14.3,1.8876,3.1208,0.1943,0.0439,0.86,0.49,0.8833
2002-03-31,49430358,49430358,1,1548353000,291747000,1214030000,271144000,327456000,6867000,0,615009000,901265000,460122000,81989000,81989000,1.64,1.64,0.55,83117000,-10496000,-25568000,47053000,66211000,12218000,21.05,22.74,19.36,0.1739,0.0293,6.62,4.43,27.34,13.75,2.4606,2.7523,0.2115,0.0337,0.87,1.43,1.076
2001-12-31,49430358,49430358,1,1514203000,250033000,1273356000,328459000,234971000,5876000,0,615837000,902106000,371385000,18397000,18397000,0.38,0.38,0.55,8443000,-12154000,-9620000,-13331000,19158000,14569000,23.38,25.35,21.4,0.1524,0.0249,4.75,5.4,15.69,13.2,2.9065,3.8392,0.1552,0.0258,0.97,-0.12,0.7612
2001-09-30,47002311,47002311,1,1496422000,230260000,1287276000,325690000,203505000,5641000,0,616748000,918726000,209280000,-33536000,-33536000,-0.74,-0.74,0.55,63903000,-212003000,161867000,13767000,32489000,0,21.4,24.75,18.05,0.283,0.0473,4.33,4.49,14.46,12.65,1.5103,4.5145,0.136,0.0462,1.02,1.36,0.707
2001-06-30,44295358,44295358,1,1252897000,188748000,1037614000,213063000,211503000,3780000,0,603279000,787315000,219164000,-24346000,-24346000,-0.54,-0.54,0.55,45547000,-9130000,-31604000,4813000,18722000,9863000,22.27,24.5,20.05,0.3063,0.0508,4.77,3.66,14.65,12.1,1.4484,3.7225,0.1688,0.0471,1.08,0.81,0.8859
2001-03-31,44295358,44295358,1,1360884000,290929000,1087962000,261275000,269178000,3744000,0,609677000,788376000,557452000,74497000,74497000,1.67,1.67,0.55,48342000,-9443000,-45507000,-6608000,13909000,9824000,18.81,21,16.63,0.3206,0.0531,6.08,3.45,18.62,11.55,1.3664,2.9288,0.1978,0.0496,1.07,0.87,1.1135
2000-12-31,44295358,44295358,1,1425382000,346873000,1180020000,346892000,241872000,3490000,0,616043000,791322000,432468000,48894000,48894000,1.1,1.1,0.55,-4781000,-7538000,22041000,9722000,20517000,8937000,17.28,19.5,15.06,0.2077,0.0346,5.46,4.91,48,11,2.1138,3.2717,0.1697,0.0359,0.97,-0.31,0.9999
2000-09-30,44295358,44295358,1,1258220000,188845000,1099662000,267013000,155971000,2587000,0,621920000,792722000,220462000,-31764000,-31764000,-0.75,-0.75,0.55,15871000,-3101000,-19305000,-6535000,10795000,7978000,18.13,19.38,16.88,0.0713,0.0121,3.52,3.6,42.16,10.45,6.1603,5.0825,0.124,0.0136,0.89,0.18,0.7073
2000-06-30,41969365,41969365,1,1259275000,178069000,1045049000,214046000,211052000,3174000,0,626485000,793876000,209670000,-21246000,-21246000,-0.5,-0.5,0.55,7679000,-49672000,55038000,13045000,17330000,9591000,16.19,17.44,14.94,0.0775,0.0145,5.03,2.66,33.04,9.9,5.1222,3.7615,0.1676,0.0169,0.86,-0.05,0.8319
2000-03-31,41969365,41969365,1,1244371000,193799000,985155000,161415000,255614000,3602000,0,607936000,784021000,388876000,49007000,49007000,1.16,1.16,0.55,64591000,-20106000,-57839000,-13354000,4285000,7696000,16.44,18.5,14.38,0.0827,0.017,6.09,3,25.69,9.35,4.4401,3.0672,0.2054,0.0204,0.84,1.36,1.2006
1999-12-31,41969365,41969365,1,1264574000,219472000,1031285000,224031000,229924000,3365000,0,605088000,764549000,301048000,19199000,19199000,0.45,0.45,0.55,-26631000,-5784000,49664000,17249000,17639000,5162000,16.31,19.88,12.75,0.101,0.0223,5.48,2.92,26.74,8.8,3.3956,3.3252,0.1818,0.029,0.77,-0.76,0.9797
1999-09-30,41969365,41969365,1,1196461000,140569000,959040000,187907000,234041000,3380000,0,608878000,727331000,167882000,-28934000,-28934000,-0.68,-0.68,0.55,-2803000,-3195000,-1690000,-7688000,390000,5249000,25.31,27.25,23.38,0.0899,0.0212,5.58,3.71,45.2,8.25,3.5983,3.1077,0.1956,0.0294,0.72,-0.19,0.7481
1999-06-30,41969365,41969365,1,1178204000,113884000,887974000,135067000,286291000,3939000,0,613925000,706242000,161944000,-18477000,-18477000,-0.44,-0.44,0.55,7430000,-9536000,-6269000,-8375000,8078000,9966000,25.69,27,24.38,0.0788,0.0195,6.82,3.3,42.11,7.7,3.8757,2.4669,0.243,0.0279,0.7,-0.06,0.8432
1999-03-31,41888139,41888139,1,1234302000,164597000,903602000,142919000,326379000,4321000,0,619752000,714742000,304925000,55391000,55391000,1.31,1.31,0.55,70382000,-7855000,-60144000,2383000,16453000,8610000,24.59,26.44,22.75,0.0807,0.0209,7.79,3.5,81.97,7.15,3.5828,2.1899,0.2644,0.0303,0.69,1.47,1.1517
1998-12-31,41888139,41888139,1,1237828000,159209000,939551000,196932000,294258000,4019000,0,625180000,693634000,237784000,17655000,17655000,0.42,0.42,0.55,-4756000,-8660000,18613000,5197000,14070000,7228000,23.03,25.06,21,0.0368,0.0101,7.02,3.22,45.16,6.6,7.3103,2.3572,0.2377,0.0148,0.68,-0.29,0.8084
1998-09-30,41888139,41888139,1,1217216000,133346000,913292000,160297000,299875000,4049000,0,629355000,702926000,147067000,-30780000,-30780000,-0.73,-0.73,0.55,25475000,-8864000,-15200000,1411000,8873000,4398000,23.75,26,21.5,0.058,0.0167,7.16,2.81,43.98,6.05,4.3059,2.3441,0.2464,0.0234,0.72,0.5,0.8319
1998-06-30,41888139,41888139,1,1224154000,133316000,865602000,122075000,353914000,4638000,0,634991000,693896000,158206000,-16545000,-16545000,-0.39,-0.39,0.55,11471000,-6115000,-13913000,-8557000,7462000,6625000,21.06,25.13,17,0.0581,0.0175,8.45,2.1,36.95,5.5,4.031,1.9606,0.2891,0.0244,0.72,0.12,1.0921
1998-03-31,41888139,41888139,1,1308143000,181188000,881915000,136276000,420945000,5283000,0,667746000,695195000,306182000,42276000,42276000,1,1,0.55,102822000,-11813000,-99365000,-8356000,16019000,8414000,20.5,22.13,18.88,0.0581,0.0183,10.05,2.14,28.47,4.95,3.7984,1.6515,0.3218,0.0254,0.72,2.25,1.3296
1997-12-31,41888139,41888139,1,1363763000,233173000,956708000,208661000,401940000,5115000,0,672123000,696263000,302923000,26451000,26451000,0.63,0.63,0.55,-6850000,-7708000,34864000,20306000,24375000,6987000,19.43,20.56,18.31,0.0701,0.0226,9.6,2.05,18.68,4.4,3.021,1.7323,0.2947,0.0299,0.76,-0.33,1.1175
1997-09-30,41842553,41842553,1,1318661000,183091000,916081000,180869000,397537000,5043000,0,677116000,684308000,168894000,-29327000,-29327000,-0.7,None,0.55,-836000,-13450000,-2851000,-17137000,4069000,7762000,25.69,27.25,24.13,0.098,0.0321,9.5,2.39,None,3.85,2.0917,1.7214,0.3015,0.0408,0.79,-0.21,1.0123
1997-06-30,41842553,41842553,1,1320812000,173779000,865097000,116169000,450111000,5604000,0,676989000,684966000,177666000,-15152000,-15152000,-0.36,None,0.55,11791000,-5928000,-23624000,-17761000,21206000,4980000,23.56,24.88,22.25,None,None,10.76,2.02,None,3.3,None,1.5218,0.3408,None,None,0.16,1.4959
1997-03-31,41842553,41842553,1,1386413000,230556000,891934000,141426000,488509000,5970000,0,681741000,687708000,371149000,48508000,48508000,1.15,None,0.55,108778000,622000,-94122000,15278000,38967000,5175000,23.63,25,22.25,None,None,11.67,2.15,None,2.75,None,1.4078,0.3524,None,None,2.48,1.6302
1996-12-31,41731418,41731418,1,1457690000,294234000,992993000,242295000,459003000,5694000,0,685959000,691074000,360116000,39951000,39951000,0.95,None,0.55,-9567000,-6728000,37862000,21567000,23689000,6553000,22.94,25.13,20.75,None,None,11,2.16,None,2.2,None,1.5056,0.3149,None,None,-0.39,1.2144
1996-09-30,41731418,41731418,1,1372223000,200380000,924490000,178260000,442236000,5497000,0,691688000,687303000,None,None,None,None,None,0.55,-15227000,-21132000,14111000,-22248000,2122000,-9699000,23.81,24.88,22.75,None,None,10.6,1.98,None,1.65,None,1.5542,0.3223,None,None,-0.13,1.1241
1996-06-30,41731418,41731418,1,1353015000,173098000,845126000,99348000,501760000,6129000,0,687603000,664038000,175552000,-22146000,-22146000,-0.53,None,0.55,21143000,-2893000,-24316000,-6066000,24370000,2282000,23.5,24.63,22.38,None,None,12.02,1.79,None,1.1,None,1.3234,0.3708,None,None,0.45,1.7423
1996-03-31,41731418,41731418,1,1425275000,236038000,871619000,127437000,547091000,6565000,0,693623000,665644000,374768000,51298000,51298000,1.22,None,0.55,None,None,None,None,30436000,0,23.63,25.25,22,None,None,13.11,None,None,0.55,None,1.2167,0.3838,None,None,None,1.8522
