"Quarter end","Shares","Shares split adjusted","Split factor","Assets","Current Assets","Liabilities","Current Liabilities","Shareholders equity","Non-controlling interest","Preferred equity","Goodwill & intangibles","Long-term debt","Revenue","Earnings","Earnings available for common stockholders","EPS basic","EPS diluted","Dividend per share","Cash from operating activities","Cash from investing activities","Cash from financing activities","Cash change during period","Cash at end of period","Capital expenditures","Price","Price high","Price low","ROE","ROA","Book value of equity per share","P/B ratio","P/E ratio","Cumulative dividends per share","Dividend payout ratio","Long-term debt to equity ratio","Equity to assets ratio","Net margin","Asset turnover","Free cash flow per share","Current ratio"
2019-06-29,84192913,84192913,1,5389700000,2377200000,4327200000,2278500000,1062500000,0,0,136300000,1503300000,1795700000,143400000,143400000,1.7,1.69,0.58,203400000,-45600000,-134200000,21600000,247300000,37900000,108,117,99,0.2397,0.0461,12.62,9.19,52.68,32.36,0.7466,1.4149,0.1971,0.0344,1.34,1.97,1.0433
2019-03-30,84415853,84415853,1,5353700000,2323700000,4361800000,2040500000,991900000,0,0,140600000,1759900000,1740100000,-146900000,-146900000,-1.74,-1.74,0.52,35400000,-42000000,-700000,-6300000,225700000,34500000,100.34,113.78,86.9,0.1945,0.0374,11.75,8.82,19.33,31.78,0.912,1.7743,0.1853,0.0274,1.36,0.01,1.1388
2018-12-29,83980757,83980757,1,5177500000,2298000000,4222400000,1994000000,955100000,0,0,144000000,1771600000,1768700000,97100000,97100000,1.11,1.03,0.52,270200000,-105100000,-150200000,14400000,232000000,94000000,96.47,110.05,82.89,0.4545,0.0899,11.37,7.99,27.8,31.26,0.3719,1.8549,0.1845,0.0653,1.38,2.1,1.1525
2018-09-29,86710248,86710248,1,5181900000,2358800000,4134800000,2358200000,1047100000,0,0,1101700000,1295300000,1759700000,149500000,149500000,1.71,1.69,0.52,-21800000,-45300000,73900000,1800000,217600000,53100000,108.06,116.35,99.76,0.2956,0.0599,12.08,9.24,36.26,30.74,0.5463,1.237,0.2021,0.0436,1.37,-0.86,1.0003
2018-06-30,87418042,87418042,1,5163100000,2328100000,4141200000,2109200000,1021900000,0,0,1109700000,1289700000,1854200000,95600000,95600000,1.09,1.07,0.52,193500000,-46300000,-110000000,28300000,215800000,41500000,105.59,111.52,99.66,0.2511,0.0517,11.69,8.53,32.49,30.22,0.6095,1.2621,0.1979,0.0383,1.35,1.74,1.1038
2018-03-31,88030887,88030887,1,5280500000,2332300000,4190800000,2081400000,1089700000,0,0,1172300000,1342700000,1776400000,125200000,125200000,1.42,1.4,0.45,16000000,-35800000,-21800000,-36900000,187500000,28700000,113.11,123.67,102.55,0.2717,0.0567,12.38,9.51,36.49,29.7,0.5379,1.2322,0.2064,0.0432,1.31,-0.14,1.1205
2017-12-30,87927816,87927816,1,5136900000,2237900000,4090700000,1971800000,1046200000,0,0,1151400000,1316300000,1735300000,-59600000,-59600000,-0.69,-0.69,0.45,257500000,-101600000,-164700000,-7900000,224400000,76100000,108.03,117.92,98.15,0.2643,0.0556,11.9,8.38,24.06,29.25,0.551,1.2582,0.2037,0.0426,1.31,2.06,1.135
2017-09-30,88036368,88036368,1,5270000000,2283300000,4135100000,2023300000,1134900000,0,0,1147200000,1298400000,1679500000,108300000,108300000,1.23,1.2,0.45,214300000,-59900000,-135800000,22900000,232300000,42100000,94.28,100.1,88.46,0.3893,0.0826,12.89,7.79,22.08,28.8,0.3764,1.1441,0.2154,0.0627,1.32,1.96,1.1285
2017-07-01,88388128,88388128,1,5091800000,2209800000,4022000000,1972400000,1069800000,0,0,1118500000,1276300000,1626900000,120900000,120900000,1.37,1.34,0.45,163000000,-274200000,21900000,-85500000,209400000,36000000,84.32,89.51,79.13,0.3792,0.0815,12.1,7.36,22.13,28.35,0.387,1.193,0.2101,0.0614,1.33,1.44,1.1204
2017-04-01,88557576,88557576,1,4765900000,2184600000,3751300000,1759300000,1014600000,0,0,909800000,1250200000,1572100000,112200000,112200000,1.27,1.25,0.41,15300000,-112000000,194700000,99800000,294900000,30300000,75.82,82.11,69.53,0.3486,0.076,11.46,7.22,21.42,27.9,0.4234,1.2322,0.2129,0.0556,1.37,-0.17,1.2417
2016-12-31,88123603,88123603,1,4396400000,1904800000,3470900000,2004300000,925500000,0,0,860300000,713400000,1550800000,62000000,62000000,0.7,0.7,0.41,219600000,-89900000,-117600000,5700000,195100000,72000000,73.33,78.04,68.61,0.3295,0.0731,10.5,6.26,21.19,27.49,0.4429,0.7708,0.2105,0.0527,1.39,1.67,0.9504
2016-10-01,88991587,88991587,1,4600400000,2013600000,3558000000,2056100000,1042400000,0,0,892500000,713000000,1508700000,89100000,89100000,1,0.98,0.41,149700000,-281300000,104700000,-26700000,189400000,43600000,74.98,78.84,71.13,0.3218,0.0732,11.71,6.97,22.32,27.08,0.4393,0.684,0.2266,0.0528,1.39,1.19,0.9793
2016-07-02,88857084,88857084,1,4294800000,1942500000,3338300000,1592200000,956500000,0,0,727400000,962900000,1541500000,80000000,80000000,0.9,0.88,0.41,222300000,-33300000,-140400000,46500000,216100000,36100000,74.12,77.12,71.11,0.3132,0.073,10.76,6.83,23.46,26.67,0.4409,1.0067,0.2227,0.0519,1.41,2.1,1.22
2016-04-02,89175966,89175966,1,4249400000,1887400000,3281100000,1594200000,968300000,0,0,736400000,963300000,1485500000,89600000,89600000,1,0.98,0.37,-6300000,-30900000,47100000,10800000,169600000,25200000,65.51,72.86,58.16,0.2861,0.0688,10.86,6.07,22.21,26.26,0.4571,0.9948,0.2279,0.0493,1.4,-0.35,1.1839
2016-01-02,89430815,89430815,1,4133700000,1775400000,3168000000,1459100000,965700000,0,0,732000000,963600000,1454800000,57700000,57700000,0.64,0.62,0.37,183400000,-52700000,-120400000,6900000,158800000,46200000,62.4,66.18,58.61,0.2648,0.0644,10.8,5.39,20.26,25.89,0.483,0.9978,0.2336,0.046,1.4,1.53,1.2168
2015-10-03,91102268,91102268,1,4248900000,1916000000,3193600000,1469500000,1055300000,0,0,741400000,968500000,1468100000,81700000,81700000,0.89,0.88,0.37,119400000,-33800000,-155700000,-74300000,171700000,33200000,60.12,64.65,55.59,0.2709,0.0666,11.58,5.01,20.87,25.52,0.4559,0.9177,0.2484,0.047,1.42,0.95,1.3038
2015-07-04,91437757,91437757,1,4353600000,1998100000,3256900000,1550800000,1096700000,0,0,754100000,969500000,1516000000,63300000,63300000,0.69,0.68,0.37,162600000,-32100000,-97200000,33500000,246000000,31100000,57.13,63.18,51.07,0.2403,0.0617,11.99,5.07,21.64,25.15,0.4785,0.884,0.2519,0.0435,1.42,1.44,1.2884
2015-04-04,91022066,91022066,1,4312600000,1964100000,3286600000,1606800000,1026000000,0,0,757900000,945300000,1528000000,71600000,71600000,0.79,0.77,0.35,8300000,-24300000,6000000,-14500000,212500000,25300000,52.89,54.64,51.15,0.2065,0.0561,11.27,4.49,20.34,24.78,0.5143,0.9213,0.2379,0.0395,1.42,-0.19,1.2224
2015-01-03,90494421,90494421,1,4360200000,1921300000,3293700000,1597800000,1066500000,0,0,789000000,945300000,1604800000,70900000,70900000,0.77,0.75,0.35,174000000,-51700000,-88200000,31400000,227000000,47100000,46.98,52.67,41.28,0.1879,0.0551,11.79,3.28,20.52,24.43,0.4981,0.8864,0.2446,0.0393,1.4,1.4,1.2025
2014-09-27,91101052,91101052,1,4493500000,2069800000,3186700000,1632900000,1306800000,0,0,815900000,945100000,1559600000,64300000,64300000,0.69,0.68,0.35,190400000,-37500000,-180900000,-26300000,195600000,33300000,48.84,51.49,46.18,0.1543,0.0482,14.34,3.2,23.48,24.08,0.5444,0.7232,0.2908,0.035,1.38,1.72,1.2676
2014-06-28,93729991,93729991,1,4616600000,2129900000,3187500000,1622700000,1429100000,0,0,842000000,945200000,1615800000,42500000,42500000,0.45,0.44,0.35,117800000,-33800000,-66700000,16800000,221900000,28800000,49.21,51.76,46.66,0.1355,0.0437,15.25,3.13,21.21,23.73,0.5731,0.6614,0.3096,0.0324,1.35,0.95,1.3126
2014-03-29,95204864,95204864,1,4591300000,2073000000,3096300000,1540500000,1495000000,0,0,849700000,950400000,1550100000,71200000,71200000,0.74,0.73,0.29,-108000000,-47400000,12300000,-146500000,205100000,38700000,49.56,52.14,46.99,0.1509,0.0479,15.7,3.19,22.94,23.38,0.4883,0.6357,0.3256,0.037,1.29,-1.54,1.3457
2013-12-28,95999669,95999669,1,4610600000,2091800000,3118400000,1554100000,1492200000,0,0,847100000,950600000,1583900000,42700000,42700000,0.45,0.44,0.29,224400000,-63100000,-120100000,42000000,351600000,50100000,46.47,50.65,42.28,0.1403,0.0439,15.54,2.85,21.12,23.09,0.5152,0.637,0.3236,0.0351,1.25,1.82,1.346
2013-09-28,96615838,96615838,1,4732800000,2164900000,3158900000,1573400000,1573900000,0,0,857500000,950900000,1504900000,46500000,46500000,0.47,0.47,0.29,49000000,450300000,-417700000,81800000,309600000,29200000,44.45,46.15,42.76,0.1423,0.0441,16.29,2.88,19.33,22.8,0.497,0.6042,0.3326,0.0365,1.21,0.2,1.3759
2013-06-29,98081578,98081578,1,5191000000,2589000000,3676400000,1984900000,1514600000,0,0,856700000,951400000,1552300000,68800000,68800000,0.69,0.68,0.29,112400000,-19000000,-74500000,20100000,211600000,28800000,42.3,44.46,40.13,0.1496,0.0456,15.44,2.68,18.88,22.51,0.4671,0.6282,0.2918,0.0385,1.18,0.85,1.3043
2013-03-30,99584409,99584409,1,5137600000,2513800000,3563900000,2126200000,1573700000,0,0,873900000,702000000,1498900000,57800000,57800000,0.58,0.57,0.27,-65700000,-28800000,66100000,-27700000,207700000,21100000,39.25,43.58,34.92,0.1453,0.045,15.8,2.49,18.87,22.22,0.4719,0.4461,0.3063,0.0379,1.19,-0.87,1.1823
2012-12-29,100106378,100106378,1,5105300000,2411700000,3524400000,2074500000,1580900000,0,0,889400000,702200000,1532200000,49000000,49000000,0.48,0.48,0.27,299300000,-72600000,-183200000,44700000,235400000,38100000,32.26,34.97,29.55,0.1346,0.0424,15.79,2.03,17.92,21.95,0.5074,0.4442,0.3097,0.0357,1.19,2.61,1.1625
2012-09-29,99593063,99593063,1,5102400000,2449000000,3516900000,2154000000,1585500000,0,0,901100000,702700000,1487800000,58300000,58300000,0.58,0.57,0.27,173100000,-32600000,-112800000,29300000,190700000,17000000,29.63,32.04,27.22,0.1164,0.0373,15.92,1.91,17.43,21.68,0.5773,0.4432,0.3107,0.0346,1.08,1.57,1.137
2012-06-30,101463816,101463816,1,5057900000,2401800000,3487400000,2122300000,1570500000,0,0,897500000,703200000,1532300000,64200000,64200000,0.62,0.62,0.27,30300000,-21500000,-36200000,-29300000,161400000,15900000,29.4,32.42,26.38,0.1085,0.0357,15.48,1.83,16.61,21.41,0.6026,0.4478,0.3105,0.0318,1.12,0.14,1.1317
2012-03-31,103639195,103639195,1,5070900000,2335700000,3406700000,2022400000,1664200000,0,0,922900000,703700000,1483300000,43900000,43900000,0.42,0.41,0.27,10700000,-33300000,34600000,12700000,190700000,24000000,29.09,31.03,27.15,0.1101,0.037,16.06,1.87,16.34,21.14,0.5688,0.4228,0.3282,0.0323,1.14,-0.13,1.1549
2011-12-31,106411913,106411913,1,4972700000,2218800000,3314200000,1647100000,1658500000,0,0,920500000,954200000,941700000,22200000,22200000,0.21,0.2,0.25,302700000,-13000000,-232000000,58300000,178000000,28900000,26.37,28.77,23.97,0.1094,0.0367,15.59,1.6,9.91,20.87,0.5595,0.5753,0.3335,0.0315,1.16,2.57,1.3471
2011-10-01,106197128,106197128,1,5060500000,2036900000,3311400000,1742200000,1749100000,0,0,1137100000,954500000,1699600000,49800000,49800000,0.47,0.47,0.25,215200000,-21300000,-199900000,-5700000,119700000,23000000,32.33,39.59,25.06,0.1627,0.0542,16.47,1.9,11.59,20.62,0.3585,0.5457,0.3456,0.042,1.29,1.81,1.1692
2011-07-02,105954611,105954611,1,5360000000,2216700000,3555400000,1946600000,1804600000,0,0,1177500000,954800000,1725700000,73300000,73300000,0.69,0.69,0.25,22300000,-37400000,18900000,5000000,125400000,25100000,39.72,43.11,36.33,0.1765,0.0565,17.03,2.44,13.79,20.37,0.3253,0.5291,0.3367,0.0445,1.27,-0.03,1.1388
2011-04-02,106874924,106874924,1,5314700000,2160200000,3577500000,1947600000,1737200000,0,0,1180800000,955400000,1659300000,44800000,44800000,0.43,0.42,0.25,-117500000,-32500000,141500000,-7100000,120400000,28000000,40.59,42.4,38.78,0.1942,0.0594,16.25,2.64,13.67,20.12,0.2995,0.55,0.3269,0.0464,1.28,-1.36,1.1092
2011-01-01,106874924,106874924,1,5099400000,1951900000,3453700000,1831800000,1645700000,0,0,1169700000,956200000,1637100000,114200000,114200000,1.08,1.08,0.2,203100000,-40800000,-193200000,-30300000,127500000,33400000,39.14,42.49,35.8,0.2124,0.0623,15.4,2.8,16.51,19.87,0.2756,0.581,0.3227,0.0487,1.28,1.59,1.0656
2010-10-02,109417343,109417343,1,5213200000,2129900000,3681200000,1892800000,1532000000,0,0,1178800000,1065800000,1640800000,64200000,64200000,0.61,0.6,0.2,140500000,-29600000,-104300000,8900000,157800000,22700000,34.86,38.04,31.67,0.1777,0.0499,14,2.72,14.77,19.67,0.3498,0.6957,0.2939,0.0395,1.26,1.08,1.1253
2010-07-03,109911473,109911473,1,5037500000,1978400000,3628100000,1897500000,1409400000,0,0,1147100000,1060500000,1680100000,83800000,83800000,0.79,0.78,0.2,171000000,-18500000,-146500000,5300000,148900000,13700000,36.36,41.39,31.32,0.184,0.0499,12.82,2.91,18.55,19.47,0.3548,0.7524,0.2798,0.0398,1.25,1.43,1.0426
2010-04-03,110440662,110440662,1,4991900000,1826700000,3610500000,1861600000,1381400000,0,0,1180900000,1073700000,1554700000,54700000,54700000,0.52,0.51,0.2,-27900000,-18900000,52500000,5500000,143600000,13700000,35.43,40.07,30.79,0.1578,0.0411,12.51,2.91,None,19.27,0.5475,0.7773,0.2767,0.034,1.21,-0.38,0.9813
2010-01-02,112058162,112058162,1,5002800000,1733200000,3640200000,1867700000,1362600000,0,0,1213000000,1088700000,1521800000,49900000,49900000,0.48,0.48,0.2,252100000,-35000000,-171100000,46200000,138100000,25500000,37.42,40.02,34.81,-0.6033,-0.1493,12.16,3.25,None,19.07,None,0.799,0.2724,None,1.19,2.02,0.928
2009-10-03,112744662,112744662,1,5094600000,1824300000,3794600000,1988300000,1300000000,0,0,1233500000,1115700000,1549300000,62500000,62500000,0.59,0.59,0.2,184100000,-21300000,-164200000,0,91900000,16200000,30.4,36.56,24.23,-0.565,-0.1434,11.53,2.85,None,18.87,None,0.8582,0.2552,None,1.13,1.49,0.9175
2009-07-04,112744662,112744662,1,5043200000,1794100000,3841900000,2016100000,1201300000,0,0,1217100000,1134900000,1455400000,39800000,39800000,0.38,0.38,0.41,116800000,-26900000,-82700000,8900000,91900000,14800000,26.85,29.76,23.94,-0.4913,-0.135,10.66,2.79,None,18.67,None,0.9447,0.2382,None,1.1,0.9,0.8899
2009-04-04,112737162,112737162,1,4864900000,1689200000,3777700000,1946400000,1087200000,0,0,1182400000,1139200000,1426200000,-898900000,-898900000,-8.99,-8.99,0.41,16000000,-22600000,-14700000,-22500000,83000000,15700000,25.44,33.61,17.26,-0.3931,-0.1169,9.64,1.54,9.42,18.26,None,1.0478,0.2235,None,1.08,0,0.8679
2008-12-27,106285574,106285574,1,6035700000,1930400000,4285700000,2058000000,1750000000,0,0,2020300000,1544800000,1511500000,42600000,42600000,0.42,0.45,0.41,157400000,-39100000,-90900000,24200000,105500000,30700000,34.76,44.49,25.02,0.1305,0.0417,16.47,1.76,11.36,17.85,0.6557,0.8827,0.2899,0.0397,1.05,1.19,0.938
2008-09-27,106285574,106285574,1,6385000000,2136900000,4286400000,2125400000,2098600000,0,0,2073000000,1545200000,1724800000,62700000,62700000,0.64,0.63,0.41,193600000,-45400000,-152000000,-5800000,81300000,28700000,45.67,50,41.35,0.1446,0.0472,19.74,2.21,15.12,17.44,0.5749,0.7363,0.3287,0.0439,1.07,1.55,1.0054
2008-06-28,106488295,106488295,1,6697800000,2301000000,4498700000,2309300000,2199100000,0,0,2138500000,1545400000,1828900000,92400000,92400000,0.94,0.93,0.41,132700000,-154600000,35200000,13900000,87100000,30700000,48.34,53.07,43.61,0.146,0.047,20.65,2.44,16.33,17.03,0.5799,0.7027,0.3283,0.0436,1.08,0.96,0.9964
2008-03-29,106480795,106480795,1,6404800000,2134100000,4293200000,2115300000,2111600000,0,0,2058800000,1545100000,1645200000,68400000,68400000,0.7,0.69,0.41,56000000,-54400000,-800000,1700000,73200000,38400000,49.4,53.14,45.66,0.1497,0.047,19.83,2.64,16.09,16.62,0.5893,0.7317,0.3297,0.0446,1.05,0.17,1.0089
2007-12-29,106480795,106480795,1,6244800000,2058300000,4255400000,2477600000,1989400000,0,0,1997500000,1145000000,1714000000,80100000,80100000,0.81,0.81,0.41,193800000,-84400000,-115300000,-5800000,71500000,54200000,54.49,59.3,49.69,0.1634,0.0531,18.68,3.06,16.71,16.21,0.5649,0.5756,0.3186,0.0481,1.1,1.31,0.8308
2007-09-29,106480795,106480795,1,6121500000,2062200000,4223800000,2867600000,1897700000,0,0,1959400000,755500000,1680400000,58400000,58400000,0.59,0.59,0.4,174700000,-53400000,-121300000,700000,77300000,41600000,61.9,68.49,55.31,0.1825,0.0622,17.82,3.62,17.59,15.8,0.5245,0.3981,0.31,0.0541,1.15,1.25,0.7191
2007-06-30,106480795,106480795,1,6163600000,2138100000,4340300000,3218100000,1823300000,0,0,1919600000,506700000,1523500000,85800000,85800000,0.88,0.87,0.4,119000000,-1335700000,1234700000,18700000,76600000,38300000,64.45,66.7,62.2,0.2017,0.0738,17.12,3.99,17.1,15.4,0.4855,0.2779,0.2958,0.0612,1.21,0.76,0.6644
2007-03-31,106550039,106550039,1,4329800000,1676900000,2609500000,1671400000,1720300000,0,0,812200000,501600000,1389900000,79200000,79200000,0.81,0.8,0.4,11900000,-69700000,57300000,-600000,57900000,56400000,66.72,69.97,63.46,0.2218,0.0883,16.15,4.23,18.23,15,0.4524,0.2916,0.3973,0.0671,1.32,-0.42,1.0033
2006-12-30,106549314,106549314,1,4293600000,1655400000,2613100000,1698800000,1680500000,0,0,811400000,501600000,1411400000,101500000,101500000,1.02,1,0.4,150900000,-41400000,-102800000,7700000,58500000,51300000,64.61,69.11,60.1,0.2206,0.0868,15.77,4.06,24.95,14.6,0.4658,0.2985,0.3914,0.0659,1.32,0.93,0.9745
2006-09-30,109770520,109770520,1,4257000000,1587300000,2509800000,1524200000,1747200000,0,0,800400000,550700000,1417600000,85000000,85000000,0.85,0.85,0.39,226900000,-46700000,-178800000,1700000,50800000,30100000,59.46,61.97,56.95,0.1595,0.0615,15.92,3.92,22.87,14.2,0.6617,0.3152,0.4104,0.047,1.31,1.79,1.0414
2006-07-01,109770520,109770520,1,4237300000,1588900000,2572500000,1439600000,1664800000,0,0,780700000,721100000,1409700000,112000000,112000000,1.12,1.12,0.39,111300000,-10700000,-90600000,10000000,49100000,29000000,59.28,63.46,55.09,0.1639,0.0618,15.17,4.16,25.01,13.81,0.6554,0.4331,0.3929,0.0477,1.3,0.75,1.1037
2006-04-01,109768270,109768270,1,4142500000,1506100000,2578000000,1436700000,1564500000,0,0,773400000,720800000,1337200000,68700000,68700000,0.69,0.69,0.39,21700000,-56100000,-25600000,-59400000,39100000,51500000,58.94,61.54,56.33,0.1524,0.0563,14.25,4.28,26.2,13.42,0.7143,0.4607,0.3777,0.0434,1.3,-0.27,1.0483
2005-12-31,109763770,109763770,1,4203900000,1558300000,2692000000,1525600000,1511900000,0,0,771800000,723000000,1346100000,-6900000,-6900000,-0.07,-0.07,0.39,153100000,-55800000,-74400000,23000000,98500000,45400000,54.87,59.44,50.3,0.1459,0.0533,13.77,3.78,17.42,13.03,0.7453,0.4782,0.3596,0.0414,1.29,0.98,1.0214
2005-10-01,110462275,110462275,1,4235000000,1514800000,2630700000,1203400000,1604300000,0,0,855400000,973800000,1362500000,86200000,86200000,0.86,0.86,0.38,200400000,-45000000,-110900000,44500000,75500000,40300000,54.45,56.92,51.98,0.2031,0.0737,14.52,3.88,17.91,12.64,0.5298,0.607,0.3788,0.057,1.29,1.45,1.2588
2005-07-02,110462275,110462275,1,4271000000,1536100000,2719800000,1304700000,1551200000,0,0,860600000,976600000,1418600000,89400000,89400000,0.89,0.89,0.38,90800000,-29000000,-83700000,-22000000,31000000,32900000,56.41,61.48,51.35,0.2019,0.0715,14.04,4.05,19.93,12.26,0.5456,0.6296,0.3632,0.0552,1.29,0.52,1.1774
2005-04-02,110462275,110462275,1,4296200000,1502400000,2758700000,1303000000,1537500000,0,0,879900000,995000000,1346300000,57700000,57700000,0.58,0.57,0.38,-2700000,-37800000,8500000,-31800000,53000000,43900000,59.31,62.53,56.1,0.1937,0.0671,13.92,4.23,21.33,11.88,0.5818,0.6472,0.3579,0.0523,1.28,-0.42,1.153
2005-01-01,110456775,110456775,1,4399300000,1542400000,2850600000,1387300000,1548700000,0,0,902800000,1007200000,1434000000,83600000,83600000,0.83,0.83,0.38,184200000,-70900000,-100500000,14900000,84800000,63300000,60.34,65.78,54.9,0.1964,0.0668,14.02,4.7,23.76,11.5,0.5884,0.6504,0.352,0.0524,1.28,1.09,1.1118
2004-09-25,110458962,110458962,1,4144400000,1490900000,2725800000,1279500000,1418600000,0,0,863100000,1054300000,1336200000,75000000,75000000,0.75,0.75,0.37,152400000,-58700000,-52000000,41900000,69900000,38400000,61.48,64.4,58.56,0.1869,0.0621,12.84,4.93,24.99,11.12,0.6401,0.7432,0.3423,0.0499,1.25,1.03,1.1652
2004-06-26,110462059,110462059,1,4126500000,1487500000,2748900000,1522100000,1377600000,0,0,852800000,813500000,1324000000,68500000,68500000,0.69,0.68,0.37,114800000,-39200000,-78500000,-3300000,28000000,39300000,61.78,64.94,58.63,0.186,0.0607,12.47,5.05,24.81,10.75,0.6577,0.5905,0.3338,0.0495,1.23,0.68,0.9773
2004-03-27,110463842,110463842,1,4077200000,1416500000,2726000000,1433000000,1351200000,0,0,864000000,887100000,1246700000,52600000,52600000,0.53,0.52,0.37,65500000,-48100000,-16100000,1800000,31300000,37900000,60,64.5,55.49,0.193,0.0618,12.23,5.03,22.39,10.38,0.6459,0.6565,0.3314,0.0514,1.2,0.25,0.9885
2003-12-27,110462042,110462042,1,4105300000,1440900000,2786600000,1496000000,1318700000,0,0,867900000,887700000,1215700000,59300000,59300000,0.6,0.59,0.37,68400000,4900000,-77800000,-2100000,29500000,53100000,53.27,56.25,50.28,0.2166,0.0677,11.94,4.66,20.18,10.01,0.5979,0.6732,0.3212,0.0563,1.2,0.14,0.9632
2003-09-27,110469810,110469810,1,3959400000,1351000000,2697600000,1410500000,1261800000,0,0,834600000,891300000,1204100000,66500000,66500000,0.67,0.67,0.36,113200000,-53800000,-69000000,-11300000,31600000,44600000,52.33,55.81,48.85,0.2255,0.0687,11.42,4.65,20.05,9.64,0.6023,0.7064,0.3187,0.0568,1.21,0.62,0.9578
2003-06-28,110469810,110469810,1,4016100000,1400300000,2771800000,1444100000,1244300000,0,0,854200000,932000000,1192200000,71300000,71300000,0.72,0.71,0.36,115000000,-66400000,-41500000,9700000,42900000,62800000,54.41,61.07,47.75,0.2347,0.0708,11.26,5.36,20.61,9.28,0.5966,0.749,0.3098,0.0571,1.24,0.47,0.9697
2003-03-29,110469810,110469810,1,3754200000,1279500000,2631800000,1316500000,1122400000,0,0,786000000,936400000,1150600000,70800000,70800000,0.71,0.71,0.36,38300000,-50300000,21600000,10400000,33200000,40900000,57.73,63.51,51.95,0.2484,0.0748,10.16,6.04,22.29,8.92,0.5776,0.8343,0.299,0.0595,1.26,-0.02,0.9719
2002-12-28,110465810,110465810,1,3652400000,1215500000,2596000000,1296100000,1056400000,0,0,776600000,837200000,1105300000,55500000,55500000,0.56,0.55,0.36,202100000,-268400000,60200000,-6100000,22800000,80500000,60.45,65.69,55.21,0.2529,0.0783,9.56,6.51,23.07,8.56,0.5774,0.7925,0.2892,0.0611,1.28,1.1,0.9378
2002-09-28,109808214,109808214,1,3302100000,1241500000,2281900000,1216900000,1020200000,0,0,575300000,768700000,1114500000,63100000,63100000,0.64,0.64,0.33,152900000,-38900000,-110000000,3000000,28900000,32900000,59.05,65.23,52.86,0.2637,0.0844,9.29,6.24,22.62,8.2,0.5581,0.7535,0.309,0.0647,1.3,1.09,1.0202
2002-06-29,109844002,109844002,1,3363300000,1260100000,2323400000,1341900000,1039900000,0,0,595600000,668300000,1056300000,73800000,73800000,0.75,0.74,0.33,138200000,-235100000,106000000,9900000,25900000,20900000,64.56,69.49,59.64,0.2684,0.0871,9.47,7.45,26.03,7.87,0.5485,0.6427,0.3092,0.0668,1.3,1.07,0.939
2002-03-30,109848118,109848118,1,2825600000,1011200000,1874700000,915800000,950900000,0,0,412300000,657800000,930800000,64800000,64800000,0.66,0.66,0.33,29600000,-33000000,800000,-3100000,16000000,17500000,58.81,64,53.63,0.2644,0.0862,8.66,6.95,23.81,7.54,0.5667,0.6918,0.3365,0.0648,1.33,0.11,1.1042
2001-12-29,109864032,109864032,1,2819200000,982500000,1889800000,951300000,929400000,0,0,413200000,626700000,912600000,58100000,58100000,0.6,0.58,0.33,131100000,-62600000,-66500000,1600000,19100000,38800000,51.55,56.81,46.3,0.27,0.0859,8.46,6.09,20.06,7.21,0.5564,0.6743,0.3297,0.0639,1.34,0.84,1.0328
2001-09-29,109891031,109891031,1,2855100000,1055600000,1924800000,932400000,930300000,0,0,426100000,701700000,966700000,61700000,61700000,0.63,0.63,0.3,141600000,-52500000,-82200000,7200000,17500000,31900000,48.31,52.24,44.39,0.2886,0.0901,8.47,6,18.09,6.88,0.5231,0.7543,0.3258,0.0661,1.36,1,1.1321
2001-06-30,110104689,110104689,1,2842400000,1070100000,1955800000,964500000,886600000,0,0,416900000,702500000,960800000,59800000,59800000,0.61,0.61,0.3,54500000,-35600000,-29200000,-10200000,10300000,28900000,54.56,60.24,48.88,0.3137,0.0954,8.05,7.02,19.56,6.58,0.4887,0.7924,0.3119,0.0684,1.39,0.23,1.1095
2001-03-31,110243432,110243432,1,2813800000,1027800000,1957200000,933400000,856600000,0,0,424600000,725600000,963200000,63600000,63600000,0.65,0.65,0.3,48300000,-117600000,78800000,9100000,20500000,35800000,53.38,56.25,50.5,0.334,0.1011,7.77,7.11,18.8,6.28,0.4553,0.8471,0.3044,0.0712,1.42,0.11,1.1011
2000-12-30,110245091,110245091,1,2699100000,982400000,1871000000,800700000,828100000,0,0,394300000,772900000,933100000,67500000,67500000,0.69,0.68,0.3,117300000,-84100000,-29300000,3700000,11400000,78100000,50.25,57.19,43.31,0.345,0.1046,7.51,6.99,17.76,5.98,0.4348,0.9333,0.3068,0.0728,1.44,0.36,1.2269
2000-09-30,110358212,110358212,1,2714500000,1038500000,1920900000,853400000,793600000,0,0,401000000,754500000,1001700000,73000000,73000000,0.74,0.73,0.27,122200000,-63600000,-56900000,1300000,7700000,42900000,56.25,69.13,43.38,0.3467,0.1055,7.19,7.48,20.45,5.68,0.4255,0.9507,0.2924,0.0725,1.45,0.72,1.2169
2000-07-01,111538800,111538800,1,2732100000,1054200000,1893800000,836300000,838300000,0,0,415400000,739100000,993400000,72800000,72800000,0.74,0.73,0.27,113000000,-58000000,-58200000,-3400000,6400000,44500000,63.72,69.69,57.75,0.3383,0.1048,7.52,8.65,24.05,5.41,0.4263,0.8817,0.3068,0.0715,1.47,0.61,1.2606
2000-04-01,112146354,112146354,1,2698100000,1012100000,1871200000,824600000,826900000,0,0,434800000,726600000,965300000,70200000,70200000,0.71,0.7,0.27,57400000,-109800000,55400000,2900000,9800000,32800000,66.66,78,55.31,0.3326,0.1055,7.37,9.26,31.3,5.14,0.4302,0.8787,0.3065,0.0703,1.5,0.22,1.2274
2000-01-01,112421211,112421211,1,2592500000,956000000,1782600000,850400000,809900000,0,0,397000000,617500000,944800000,67300000,67300000,0.68,0.67,0.27,155600000,-121300000,-33000000,1100000,6900000,78300000,62.34,72.88,51.81,0.2739,0.0884,7.2,8.88,31.17,4.87,0.5197,0.7624,0.3124,0.0572,1.55,0.69,1.1242
1999-10-02,112675576,112675576,1,2518800000,962600000,1727300000,786300000,791500000,0,0,368100000,652500000,961000000,66000000,66000000,0.66,0.65,0.24,94800000,-170700000,75300000,-500000,5800000,40800000,58.06,63.94,52.19,0.2575,0.0877,7.02,8.4,30.72,4.6,0.5339,0.8244,0.3142,0.055,1.59,0.48,1.2242
1999-07-03,113602183,113602183,1,2326100000,912700000,1540600000,754000000,785500000,0,0,252400000,516500000,928500000,63700000,63700000,0.64,0.63,0.24,116900000,-26100000,-95200000,-4200000,6300000,34700000,62.88,69.13,56.63,0.2394,0.0869,6.91,9.43,34.74,4.36,0.5484,0.6575,0.3377,0.0537,1.62,0.72,1.2105
1999-04-03,113718746,113718746,1,2314300000,888800000,1555800000,742900000,758500000,0,0,258500000,548600000,933900000,18400000,18400000,0.19,0.18,0.24,67900000,-65800000,-9500000,-8000000,10500000,23900000,49.38,59,39.75,0.2279,0.0863,6.67,6.75,22.97,4.12,0.5525,0.7233,0.3277,0.0528,1.63,0.39,1.1964
1999-01-02,113813785,113813785,1,2142600000,802000000,1309300000,664300000,833300000,0,0,145100000,465900000,884600000,55900000,55900000,0.56,0.54,0.24,191500000,-100800000,-77500000,13600000,18500000,57600000,45.26,49.63,40.88,0.2675,0.1058,7.32,6.11,21.35,3.88,0.452,0.5591,0.3889,0.0645,1.64,1.18,1.2073
1998-09-26,116257543,116257543,1,2134700000,855700000,1273700000,618900000,861000000,0,0,134200000,471100000,860200000,55800000,55800000,0.55,0.54,0.21,83200000,-33200000,-48900000,1200000,4900000,27700000,53.91,60.75,47.06,0.2654,0.1063,7.41,7.53,25.92,3.64,0.4437,0.5472,0.4033,0.065,1.64,0.48,1.3826
1998-06-27,117011192,117011192,1,2100300000,831700000,1262700000,640900000,837600000,0,0,134400000,449800000,871500000,57400000,57400000,0.56,0.55,0.21,99800000,-45300000,-54400000,100000,3700000,37600000,52.5,55.31,49.69,0.2643,0.1057,7.16,7.63,26.25,3.43,0.4316,0.537,0.3988,0.0645,1.64,0.53,1.2977
1998-03-28,117292455,117292455,1,2063300000,817300000,1256400000,620400000,806900000,0,0,131900000,463300000,843600000,54200000,54200000,0.53,0.52,0.21,48300000,-38200000,-9800000,300000,3600000,36800000,47.88,54.19,41.56,0.2558,0.1021,6.88,6.75,24.81,3.22,0.4281,0.5742,0.3911,0.0627,1.63,0.1,1.3174
1997-12-27,118069484,118069484,1,2046500000,793500000,1209300000,629900000,837200000,0,0,133700000,404100000,836400000,54400000,54400000,0.53,0.51,0.21,158000000,-64100000,-97100000,-3000000,3300000,73200000,41,43.75,38.25,0.2479,0.0997,7.09,5.94,21.81,3.01,0.4207,0.4827,0.4091,0.0612,1.63,0.72,1.2597
1997-09-27,119710031,119710031,1,2060700000,843500000,1234600000,631100000,826100000,0,0,134500000,430500000,835600000,52600000,52600000,0.51,0.5,0.17,122100000,-49300000,-76000000,-3200000,6300000,36500000,41.22,44.13,38.31,0.2402,0.0965,6.9,6.01,22.59,2.8,0.7928,0.5211,0.4009,0.0597,1.62,0.72,1.3366
1997-06-28,120402745,120402745,1,2092100000,872000000,1266500000,644800000,825600000,0,0,130800000,444100000,844800000,49600000,49600000,0.48,0.47,0.17,52000000,-50400000,2700000,4000000,9500000,35900000,37.38,39.63,35.13,0.2328,0.0941,6.86,5.54,21.36,2.63,0.793,0.5379,0.3946,0.0582,1.62,0.13,1.3524
1997-03-29,120850132,120850132,1,2019400000,812400000,1204000000,631800000,815400000,0,0,131700000,394600000,828900000,48200000,48200000,0.47,0.45,0.17,36300000,-25200000,-9200000,1700000,5500000,31700000,38.44,43.5,33.38,0.2238,0.0917,6.75,5.6,22.88,2.46,0.8018,0.4839,0.4038,0.0566,1.62,0.04,1.2858
1996-12-28,121126532,121126532,1,2036700000,804500000,1204700000,693900000,832000000,0,0,135900000,370700000,808900000,47700000,47700000,0.46,None,0.79,136000000,-75400000,-62100000,-1500000,3800000,77000000,31.79,35.88,27.69,0.2137,0.0882,6.87,4,20.18,2.29,0.8124,0.4456,0.4085,0.0546,1.62,0.49,1.1594
1996-09-28,52114331,104228662,2,2016300000,826800000,1189000000,652600000,827300000,0,0,135600000,394500000,819300000,46600000,46600000,0.89,None,0.3,108600000,-31100000,-77300000,200000,5300000,36700000,26.38,27.75,25,0.2025,0.084,7.94,3.4,18.01,1.5,0.38,0.4769,0.4103,0.052,1.61,0.69,1.2669
1996-06-29,52448787,104897574,2,1960200000,784400000,1144800000,588600000,815400000,0,0,121300000,404600000,797700000,41600000,41600000,0.79,None,0.3,60100000,-39000000,-21300000,-200000,5100000,35600000,28.03,29.06,27,0.1919,0.0797,7.77,3.62,19.95,1.35,0.3983,0.4962,0.416,0.0492,1.62,0.23,1.3327
1996-03-30,52786792,105573584,2,1963200000,796900000,1144800000,623800000,818400000,0,0,122600000,374900000,796600000,40000000,40000000,0.76,None,0.3,-700000,-32100000,11100000,-21700000,5300000,38300000,26.19,28.5,23.88,0.1865,0.077,7.75,3.39,19.4,1.2,0.4047,0.4581,0.4169,0.0476,1.62,-0.37,1.2775
1995-12-30,52798966,105597932,2,1963600000,800100000,1147800000,672500000,815800000,0,0,124300000,334000000,776700000,37700000,37700000,0.71,None,0.3,78600000,17700000,-73200000,23100000,27000000,69500000,22.75,25.06,20.44,0.1828,0.0749,7.73,3.09,18.13,1.05,0.4102,0.4094,0.4155,0.0461,1.62,0.09,1.1897
1995-09-30,53186912,106373824,2,1900700000,763400000,1117600000,549200000,783100000,0,0,124900000,437700000,783500000,35800000,35800000,0.67,None,0.27,57100000,-45900000,-10000000,1200000,3900000,45700000,20.31,21,19.63,0.176,0.072,7.36,2.76,17.36,0.9,0.4275,0.5589,0.412,0.0438,1.65,0.11,1.39
1995-07-01,53147599,106295198,2,1921000000,781100000,1138400000,549500000,782600000,0,0,128400000,451200000,780500000,35700000,35700000,0.67,None,0.27,36500000,-41500000,4400000,-700000,2700000,38400000,20.69,21.88,19.5,0.1669,0.0688,7.36,2.89,19.07,0.77,0.4454,0.5765,0.4074,0.0418,1.65,-0.02,1.4215
1995-04-01,53292103,106584206,2,1884100000,759600000,1121800000,586800000,762300000,0,0,128800000,395200000,773200000,34500000,34500000,0.65,None,0.27,15700000,-43000000,27400000,300000,3400000,36700000,18.41,20.19,16.63,0.1584,None,7.15,2.7,18.69,0.63,0.4657,0.5184,0.4046,0.0401,1.65,-0.2,1.2945
1994-12-31,53345232,106690464,2,1763100000,676900000,1034100000,554100000,729000000,0,0,127600000,347300000,736700000,28500000,28500000,0.52,None,0.27,123400000,-70900000,-52800000,-300000,3100000,62700000,16.75,17.88,15.63,0.1475,None,6.83,2.43,None,0.49,0.4971,0.4764,0.4135,0.0383,1.64,0.57,1.2216
1994-10-01,55006213,110012426,2,1781600000,711500000,1023900000,512000000,757700000,0,0,129400000,364500000,733700000,27800000,27800000,0.5,None,0.24,84100000,-45300000,-36600000,2500000,3400000,48000000,16.07,17.69,14.44,None,None,6.89,2.38,None,0.36,None,0.4811,0.4253,None,None,0.33,1.3896
1994-07-02,55353399,110706798,2,1746600000,707700000,999000000,497800000,747600000,0,0,129400000,347700000,718600000,27900000,27900000,0.5,None,0.24,57200000,-28300000,-29000000,-200000,900000,33400000,14.44,15.56,13.31,None,None,6.75,2.22,None,0.24,None,0.4651,0.428,None,None,0.21,1.4217
1994-04-02,56236346,112472692,2,1674000000,655100000,942500000,476900000,731500000,0,0,128400000,320800000,667700000,25200000,25200000,0.45,None,0.24,300000,-12800000,7800000,-4700000,1100000,19200000,14.63,15.63,13.63,None,None,6.5,2.29,None,0.12,None,0.4386,0.437,None,None,-0.17,1.3737
1994-01-01,56230429,112460858,2,1639000000,614600000,919900000,473000000,719100000,0,0,129200000,311000000,None,None,None,None,None,0,None,None,None,None,5800000,0,13.91,14.94,12.88,None,None,6.39,None,None,0,None,0.4325,0.4387,None,None,None,1.2994
