"Quarter end","Shares","Shares split adjusted","Split factor","Assets","Current Assets","Liabilities","Current Liabilities","Shareholders equity","Non-controlling interest","Preferred equity","Goodwill & intangibles","Long-term debt","Revenue","Earnings","Earnings available for common stockholders","EPS basic","EPS diluted","Dividend per share","Cash from operating activities","Cash from investing activities","Cash from financing activities","Cash change during period","Cash at end of period","Capital expenditures","Price","Price high","Price low","ROE","ROA","Book value of equity per share","P/B ratio","P/E ratio","Cumulative dividends per share","Dividend payout ratio","Long-term debt to equity ratio","Equity to assets ratio","Net margin","Asset turnover","Free cash flow per share","Current ratio"
2019-05-31,191574161,191574161,1,28951100000,3580900000,16462900000,2939300000,12174600000,313600000,0,10603500000,12811200000,2097200000,-245400000,-245400000,-1.3,-1.3,0.75,593100000,-213500000,-374400000,5100000,98700000,155700000,189,214.48,163.52,0.2071,0.0888,63.55,2.86,10.86,8.63,0.2169,1.0523,0.4205,0.2796,0.32,2.28,1.2183
2019-02-28,190200097,190200097,1,29231500000,3684000000,16394300000,3163800000,12551000000,286200000,0,11286900000,11759800000,2565500000,1239500000,1239500000,6.83,5.52,0.74,272400000,-244500000,-68000000,-37000000,93600000,240000000,176.04,201.71,150.37,0.3012,0.1317,65.99,2.6,10.67,7.88,0.1538,0.937,0.4294,0.3867,0.34,0.17,1.1644
2018-11-30,166548089,166548089,1,27890400000,3638500000,16370400000,3363400000,11256700000,263300000,0,11369600000,11772500000,1563100000,303100000,303100000,0.69,1.55,0.74,635400000,-4198500000,3494200000,-75500000,130600000,248100000,208.39,228.91,187.87,0.3036,0.1306,67.59,3.07,11.98,7.14,0.1561,1.0458,0.4036,0.3782,0.35,2.33,1.0818
2018-08-31,166138226,166138226,1,24097500000,3585500000,12562300000,2162500000,11268300000,266900000,0,11391500000,9187600000,2525700000,1149500000,1149500000,6.82,6.56,0.74,834500000,-335300000,-503700000,-3900000,206100000,157700000,216.56,234.26,198.85,0.3497,0.1507,67.82,3.92,16.26,6.4,0.1405,0.8153,0.4676,0.3818,0.39,4.07,1.658
2018-05-31,191188457,191188457,1,23096700000,3604800000,12530900000,1990500000,10556400000,9400000,0,11352100000,9416400000,2230000000,743800000,743800000,3.93,3.77,0.74,504000000,-53500000,-329200000,119700000,210000000,168200000,225.09,236.62,213.57,0.3082,0.1279,55.21,5.35,19.49,5.66,0.1669,0.892,0.4571,0.3151,0.41,1.76,1.811
2018-02-28,191384390,191384390,1,20538700000,3474000000,12476000000,1944700000,8046100000,16600000,0,11387900000,9417600000,1935400000,925500000,925500000,4.82,4.62,0.52,463000000,-384800000,-143100000,-64200000,90300000,352000000,217.05,229.5,204.6,0.2958,0.1174,42.04,5.29,23.62,4.92,0.1742,1.1705,0.3918,0.2785,0.42,0.58,1.7864
2017-11-30,194710212,194710212,1,20107100000,3545600000,12098000000,2535900000,7993900000,15200000,0,11389500000,8114200000,1978900000,491100000,491100000,2.55,2.45,0.52,365500000,-397700000,62200000,28900000,154500000,200500000,212.26,227.2,197.32,0.2444,0.0958,41.06,5.24,24.4,4.4,0.2072,1.015,0.3976,0.2255,0.42,0.85,1.3982
2017-08-31,195605034,195605034,1,19418400000,3373400000,11473100000,2090000000,7928100000,17200000,0,11423300000,8036900000,2297200000,499500000,499500000,2.58,2.48,0.52,721300000,-419300000,-378700000,-73500000,125600000,288000000,188.43,200.64,176.21,0.2409,0.0935,40.53,4.98,23.64,3.88,0.2043,1.0137,0.4083,0.2147,0.44,2.22,1.6141
2017-05-31,195302223,195302223,1,18959400000,3360500000,11561600000,2182400000,7389700000,8100000,0,11262000000,8077200000,2115300000,402800000,402800000,2.09,2,0.52,381600000,-221300000,-141600000,21700000,199100000,217100000,170.59,186.06,155.11,0.2275,0.088,37.84,4.82,22.68,3.36,0.2089,1.093,0.3898,0.1994,0.44,0.84,1.5398
2017-02-28,194792925,194792925,1,18602400000,3230000000,11717600000,2697600000,6891200000,-6400000,0,11298200000,7720700000,1793100000,452000000,452000000,2.34,2.26,0.4,280300000,-312700000,11600000,-19900000,177400000,315800000,153.24,162.48,144,0.2198,0.085,35.38,4.28,23.91,2.84,0.2065,1.1204,0.3704,0.1904,0.45,-0.18,1.1974
2016-11-30,196057595,196057595,1,18320100000,3444800000,11322400000,2636600000,7018000000,-20300000,0,11012100000,7362500000,1992700000,405900000,405900000,2.03,1.96,0.4,370800000,-495500000,150600000,20000000,197300000,223000000,160.23,173.55,146.9,0.1922,0.0751,35.8,4.49,27.72,2.44,0.2269,1.0491,0.3831,0.1665,0.45,0.75,1.3065
2016-08-31,201075594,201075594,1,17717400000,3169800000,10543300000,2199600000,7182400000,-8300000,0,10798300000,7021600000,2222800000,358900000,358900000,1.81,1.75,0.4,699000000,-199700000,-488900000,10000000,177300000,199200000,158.97,168.68,149.26,0.1716,0.0696,35.72,4.66,28.8,2.04,0.2447,0.9776,0.4054,0.1492,0.46,2.49,1.4411
2016-05-31,200507136,200507136,1,17630000000,3218500000,10641400000,2698700000,6848000000,140600000,0,10790600000,6690600000,2053000000,318300000,318300000,1.61,1.55,0.4,345900000,-453900000,191900000,84200000,167300000,169400000,151.83,165.81,137.85,0.1703,0.0683,34.15,4.62,29.48,1.64,0.2396,0.977,0.3884,0.1478,0.45,0.88,1.1926
2016-02-29,199766177,199766177,1,16965000000,2977600000,10273200000,2272300000,6559600000,132200000,0,10542400000,6816200000,1700500000,243400000,243400000,1.4,1.15,0.31,322100000,-1379700000,653800000,-408200000,83100000,377500000,142.95,155.68,130.23,0.1637,0.0659,32.84,4.39,28.25,1.24,0.2391,1.0391,0.3867,0.142,0.45,-0.28,1.3104
2015-11-30,199239583,199239583,1,16156600000,3460900000,9559900000,1920800000,6492400000,104300000,0,9569600000,6515000000,1812400000,270500000,241100000,1.39,1.33,0.31,288500000,-218700000,92900000,161600000,491300000,219000000,133.47,144.6,122.35,0.1643,0.066,32.59,4.33,27.63,0.93,0.1838,1.0035,0.4018,0.1418,0.45,0.35,1.8018
2015-08-31,196509076,196509076,1,15673400000,3131500000,9508400000,1212200000,6062800000,102200000,0,9605500000,7238200000,1912900000,302400000,302400000,1.56,1.49,0.31,597400000,-477700000,82700000,199000000,329700000,165100000,122.45,130.42,114.49,0.1671,0.0641,30.85,4.03,28.34,0.62,0.1242,1.1939,0.3868,0.1412,0.45,2.2,2.5833
2015-05-31,195350222,195350222,1,15247300000,2979300000,9195400000,1120300000,5942500000,109400000,0,9367000000,7038200000,1798000000,238600000,238600000,1.24,1.18,0.31,205700000,-131300000,-53400000,20600000,130700000,129700000,116.19,121.92,110.45,0.1526,0.0581,30.42,3.92,27.86,0.31,0.0695,1.1844,0.3897,0.1284,0.45,0.39,2.6594
2015-02-28,194743958,194743958,1,15144500000,2910800000,9263200000,1130700000,5770700000,110600000,0,9389200000,7137500000,1506400000,214600000,214600000,1.12,1.06,0,330900000,-456200000,173100000,42800000,110100000,178100000,102.81,116.29,89.34,0.1514,0.0563,29.63,3.53,26.63,0,0,1.2369,0.381,0.1258,0.45,0.78,2.5743
2014-11-30,193472968,193472968,1,14980500000,3030800000,9345500000,1248500000,5635000000,0,0,9358800000,7081500000,1708600000,222200000,222200000,1.16,1.1,0,82000000,-253500000,135500000,-37000000,67300000,233100000,88.65,96.6,80.7,0.1462,0.0532,29.13,3.12,23.15,0,0,1.2567,0.3762,0.1184,0.45,-0.78,2.4276
2014-08-31,192872508,192872508,1,14657400000,2838100000,9170000000,1876300000,5487400000,0,0,9362800000,6323200000,1770000000,195800000,195800000,1.03,0.98,0,435800000,-169900000,-538100000,-273700000,104300000,176800000,88.4,94.77,82.03,0.15,0.053,28.45,3.22,8.35,0,0,1.1523,0.3744,0.1188,0.45,1.34,1.5126
2014-05-31,192606168,192606168,1,14842400000,3137200000,9555400000,2254700000,5287000000,0,0,9382500000,6345600000,1687100000,206700000,206700000,1.09,1.03,0,232300000,-136300000,213100000,314100000,378000000,131400000,81.09,85.91,76.26,0.4286,0.1456,27.45,3.12,8.25,0,0,1.2002,0.3562,0.3312,0.44,0.52,1.3914
2014-02-28,191793326,191793326,1,14302100000,2747200000,9320800000,2025700000,4981300000,0,0,9377900000,6373300000,1438000000,157200000,157200000,0.85,0.75,0,197100000,-106300000,-88100000,-1300000,63900000,137600000,75.5,82.84,68.17,0.4498,0.1489,25.97,3,7.95,0,0,1.2794,0.3483,0.3591,0.41,0.31,1.3562
2013-11-30,190061878,190061878,1,14336300000,2835400000,9546500000,1755000000,4789800000,0,0,9387200000,6897000000,1593500000,211000000,211000000,1.13,1.07,0,140100000,-38100000,-155700000,-51600000,65200000,30500000,62.7,71.18,54.22,0.4928,0.164,25.2,2.63,6.96,0,0,1.4399,0.3341,0.3923,0.42,0.58,1.6156
2013-08-31,189335705,189335705,1,14122800000,2670100000,9612400000,1810600000,4510400000,0,0,9383100000,6912700000,1613300000,1522000000,1522000000,8.18,7.74,0,485700000,-4699400000,3725300000,-492500000,116800000,26800000,52.55,56,49.09,0.5375,0.1787,23.82,3.31,27.09,0,0,1.5326,0.3194,0.4385,0.41,2.42,1.4747
2013-05-31,188460330,188460330,1,9452400000,2723300000,6455000000,797200000,2997400000,0,0,3580700000,4817700000,766200000,52900000,52900000,0.29,0.27,0,3300000,-20000000,295500000,277800000,609300000,20800000,48.53,54.64,42.42,0.1311,0.0441,15.9,3.15,23.67,0,0,1.6073,0.3171,0.1148,0.38,-0.09,3.4161
2013-02-28,185672449,185672449,1,7638100000,2471200000,4777800000,677900000,2860300000,0,0,3593700000,3277800000,788000000,81700000,81700000,0.45,0.42,0,167300000,-6600000,-26700000,131000000,331500000,7900000,36.68,44.99,28.37,0.147,0.05,15.41,2.43,17.3,0,0,1.146,0.3745,0.1223,0.41,0.86,3.6454
2012-11-30,183646938,183646938,1,8322700000,2480600000,5547400000,787800000,2775300000,0,0,3615000000,3928900000,860400000,109500000,109500000,0.61,0.58,0,20500000,-16200000,17900000,22000000,200500000,16500000,34.48,36.98,31.99,0.1578,0.0537,15.11,2.4,16.74,0,0,1.4157,0.3335,0.1323,0.41,0.02,3.1488
2012-08-31,182463048,182463048,1,8040500000,2177900000,5422400000,656000000,2618100000,0,0,3617500000,3928700000,797700000,124600000,124600000,0.71,0.67,0,272100000,-172900000,8000000,109400000,178500000,15800000,25.86,33.23,18.5,0.1581,0.0551,14.35,1.99,12.03,0,0,1.5006,0.3256,0.1339,0.41,1.4,3.32
2012-05-31,177343827,177343827,1,7008200000,1971400000,4708400000,587900000,2299800000,0,0,3453900000,3285400000,725300000,72000000,72000000,0.39,0.38,0,96400000,-11100000,-97900000,-16700000,69100000,11900000,21.73,24.87,18.6,0.1716,0.0624,12.97,1.53,10.25,0,0,1.4286,0.3282,0.1478,0.42,0.48,3.3533
2012-02-29,188878055,188878055,1,7109900000,2034300000,4433900000,1199600000,2676000000,0,0,3499300000,2421400000,709000000,103000000,103000000,0.53,0.49,0,143300000,-16400000,-100100000,30000000,85800000,11300000,20.64,22.34,18.95,0.1659,0.0626,14.17,1.56,9.88,0,0,0.9049,0.3764,0.1494,0.42,0.7,1.6958
2011-11-30,199677589,199677589,1,7225200000,2178500000,4587200000,1178200000,2638000000,0,0,3499800000,2577900000,789000000,104800000,104800000,0.53,0.52,0,123400000,-45500000,-30700000,45800000,55800000,14600000,19.04,21.03,17.05,0.1631,0.0607,13.21,1.43,6.63,0,0,0.9772,0.3651,0.1298,0.47,0.54,1.849
2011-08-31,202439366,202439366,1,7034700000,1919600000,4335600000,786800000,2699100000,0,0,3528100000,2734700000,770400000,162700000,162700000,0.78,0.76,0,276100000,-39400000,-239700000,-3400000,10000000,18000000,19.21,22,16.42,0.2273,0.0822,13.33,1.52,6.96,0,0,1.0132,0.3837,0.1626,0.51,1.27,2.4398
2011-05-31,214438702,214438702,1,7075400000,1956100000,4360300000,783400000,2715100000,0,0,3529000000,2728900000,710700000,74500000,74500000,0.36,0.35,0,241300000,-33800000,-204600000,4200000,13400000,20900000,20.66,23.19,18.12,0.2246,0.077,12.66,1.72,7.86,0,0,1.0051,0.3837,0.1455,0.53,1.03,2.4969
2011-02-28,213022885,213022885,1,7167600000,2083000000,4615700000,662900000,2551900000,0,0,3506100000,3136700000,1060900000,90300000,90300000,0.46,0.46,0,250300000,213200000,-472700000,-6800000,9200000,15000000,20.68,22.52,18.84,0.2238,0.0717,11.98,1.59,10.72,0,0,1.2292,0.356,0.1366,0.53,1.1,3.1423
2010-11-30,209457987,209457987,1,8257800000,2844800000,5538800000,1515300000,2719000000,0,0,3512200000,3133000000,1191400000,279700000,279700000,1.33,1.3,0,63300000,-14200000,-49000000,2100000,16000000,14500000,18.83,21.01,16.64,0.1669,0.0521,12.98,1.64,22.69,0,0,1.1523,0.3293,0.1117,0.47,0.23,1.8774
2010-08-31,211347950,211347950,1,7877100000,2560000000,5447200000,1449700000,2429900000,0,0,3486200000,3127700000,1056900000,140400000,140400000,0.67,0.65,0,246000000,-15500000,-238400000,-7000000,13900000,14500000,16.27,17.56,14.97,0.073,0.0224,11.5,1.49,25.83,0,0,1.2872,0.3085,0.0516,0.43,1.1,1.7659
2010-05-31,210937311,210937311,1,7896100000,2562000000,5598700000,1534200000,2297400000,0,0,3493600000,3201000000,787500000,49100000,49100000,0.23,0.22,0,59700000,4600000,-85600000,-22600000,20900000,25600000,16.96,18.87,15.06,0.0563,0.0171,10.89,1.4,38.55,0,0,1.3933,0.291,0.0422,0.41,0.16,1.6699
2010-02-28,213118311,213118311,1,8094300000,2589100000,5518000000,1372600000,2576300000,0,0,3495600000,3277100000,708700000,-51000000,-51000000,-0.24,-0.24,0,213800000,52700000,-266100000,-6800000,43500000,18500000,16.03,17.46,14.6,0.0393,0.0118,12.09,1.32,None,0,0,1.272,0.3183,0.0295,0.4,0.92,1.8863
2009-11-30,221926321,221926321,1,8728600000,3093600000,6031400000,1576400000,2697200000,0,0,3614200000,3616000000,987700000,44100000,44100000,0.2,0.2,0,91300000,-22600000,-38800000,30600000,50300000,24100000,15.96,17.56,14.36,-0.1086,-0.0305,12.15,1.41,None,0,None,1.3406,0.309,None,0.4,0.3,1.9624
2009-08-31,221580211,221580211,1,8433900000,2818600000,5918600000,1428800000,2515300000,0,0,3576600000,3690800000,876800000,99700000,99700000,0.46,0.45,0,152200000,2200000,-151800000,2900000,19700000,18000000,13.41,15.2,11.62,-0.0955,-0.0256,11.35,1.27,None,0,None,1.4673,0.2982,None,0.4,0.61,1.9727
2009-05-31,220785368,220785368,1,8401500000,2766700000,6076300000,1555700000,2325200000,0,0,3560000000,3712100000,791600000,6500000,6500000,0.03,0.03,0,-54800000,224300000,-166300000,3700000,16800000,47100000,12.11,13.5,10.72,-0.1468,-0.0388,10.53,1.4,None,0,None,1.5965,0.2768,None,0.4,-0.46,1.7784
2009-02-28,220996724,220996724,1,8036500000,2534500000,6128200000,1326400000,1908300000,0,0,3615600000,3971100000,735100000,-406800000,-406800000,-1.88,-1.88,0,176000000,-28700000,-320200000,-168200000,13100000,33000000,14.35,17.16,11.54,-0.1229,-0.0328,8.63,1.34,None,0,None,2.081,0.2375,None,0.4,0.65,1.9108
2008-11-30,218789171,218789171,1,9108500000,3145400000,6766800000,1728400000,2341700000,0,0,3956200000,4124400000,1031200000,83500000,83500000,0.39,0.38,0,154100000,-22200000,24800000,156400000,181300000,43600000,17.07,23.48,10.66,-0.2736,-0.0753,10.7,1.4,None,0,None,1.7613,0.2571,None,0.39,0.51,1.8198
2008-08-31,218719198,218719198,1,9421800000,3038100000,6746000000,1341100000,2675800000,0,0,4157600000,4486500000,956500000,-22700000,-22700000,-0.11,-0.11,0,209500000,195200000,-405100000,-300000,24900000,29800000,20.95,23.09,18.82,-0.2343,-0.0696,12.23,1.58,None,0,None,1.6767,0.284,None,0.39,0.82,2.2654
2008-05-31,217776487,217776487,1,10156300000,3325400000,7276200000,1786300000,2880100000,0,0,4299300000,4575100000,931800000,44600000,44600000,0.21,0.2,0,-32700000,-15700000,53100000,4700000,25200000,22200000,19.55,21.9,17.21,-0.1939,-0.0597,13.23,1.53,None,0,None,1.5885,0.2836,None,0.38,-0.25,1.8616
2008-02-29,217099937,217099937,1,10052800000,3199000000,7286900000,1718300000,2765900000,0,0,4313900000,4648700000,884400000,-834800000,-834800000,-3.91,-3.91,0,267500000,-835500000,569000000,-4400000,20500000,64300000,21.99,24.97,19.01,-0.1948,-0.0616,12.74,1.35,16.92,0,None,1.6807,0.2751,None,0.38,0.94,1.8617
2007-11-30,215629319,215629319,1,10193600000,3147500000,6680900000,1594600000,3512700000,0,0,4680600000,4235200000,1094800000,119600000,119600000,0.57,0.55,0,74600000,-31600000,-51800000,-8300000,24900000,32500000,24.43,26.46,22.39,0.0881,0.0298,16.29,1.65,20.36,0,0,1.2057,0.3446,0.0724,0.41,0.2,1.9738
2007-08-31,215424394,215424394,1,9731100000,2887400000,6542300000,1452000000,3188800000,0,0,4570800000,4291800000,892600000,72100000,72100000,0.34,0.33,0,263800000,-30100000,-236000000,-300000,33200000,29300000,23.51,25.79,21.23,0.0857,0.0288,14.8,1.62,20.44,0,0,1.3459,0.3277,0.0631,0.46,1.09,1.9886
2007-05-31,215578398,215578398,1,9826200000,2909300000,6697900000,1507500000,3128300000,0,0,4567800000,4381800000,901200000,29800000,29800000,0.13,0.13,0,-86100000,-215700000,303700000,0,33500000,17700000,21.72,24.61,18.83,0.084,0.0287,14.51,1.49,15.74,0,0,1.4007,0.3184,0.0552,0.51,-0.48,1.9299
2007-02-28,235056959,235056959,1,9438200000,3023300000,6020700000,1591100000,3417500000,0,0,4219300000,3714900000,1142200000,70200000,70200000,0.3,0.29,0,195100000,-56000000,-139100000,-1200000,33500000,56400000,26.09,29.17,23.01,0.1004,0.0365,14.54,1.84,19.62,0,0,1.087,0.3621,0.0627,0.57,0.59,1.9001
2006-11-30,234386804,234386804,1,9845300000,3636400000,6517400000,1843200000,3327900000,0,0,4250400000,3949400000,1500800000,107800000,107800000,0.47,0.45,0,33200000,-29700000,-10900000,-7500000,34700000,32500000,27.99,29.09,26.9,0.0993,0.0372,14.2,2.06,20.89,0,0,1.1868,0.338,0.061,0.6,0,1.9729
2006-08-31,233422946,233422946,1,9448700000,3272600000,6281700000,1567800000,3167000000,0,0,4236700000,3987700000,1417500000,68400000,66000000,0.29,0.28,0,78200000,-1091800000,1036100000,4700000,42200000,58000000,25.71,27.29,24.13,0.1023,0.0399,13.57,1.85,18.36,0,0,1.2591,0.3352,0.0637,0.61,0.09,2.0874
2006-05-31,224334078,224334078,1,7671500000,2921500000,4551500000,1437100000,3120000000,0,0,3091000000,2481800000,1155900000,85500000,83000000,0.38,0.36,0,6700000,-19600000,39100000,26600000,37500000,45100000,25.67,28.02,23.32,0.1099,0.0443,13.91,1.93,18.88,0,0,0.7954,0.4067,0.0697,0.62,-0.17,2.0329
2006-02-28,223472234,223472234,1,7400554000,2700855000,4425383000,1298060000,2975171000,0,0,3077463000,2515780000,1047867000,58182000,55731000,0.25,0.24,0,153691000,-40355000,-128726000,-15496000,10878000,40870000,25.27,27.39,23.16,0.1101,0.0433,13.31,1.93,19,0,0,0.8456,0.402,0.0685,0.61,0.5,2.0807
2005-11-30,221517203,221517203,1,7702505000,2996714000,4795784000,1600837000,2906721000,0,0,3069233000,2591739000,1267087000,108961000,106510000,0.49,0.46,0,108158000,-69076000,-31360000,7707000,26374000,28666000,25.08,29.01,21.15,0.1083,0.0413,13.12,1.96,19.52,0,0,0.8916,0.3774,0.0664,0.6,0.36,1.872
2005-08-31,221047570,221047570,1,7463373000,2734506000,4629354000,1306938000,2834019000,0,0,3061208000,2704467000,1191959000,82420000,79969000,0.36,0.34,0,114096000,-16161000,-99185000,-517000,18667000,31122000,28.93,31.6,26.26,0.1062,0.042,12.82,2.32,22.69,0,0,0.9543,0.3797,0.0664,0.61,0.38,2.0923
2005-05-31,220201422,220201422,1,7501444000,2719138000,4759234000,1133830000,2742210000,0,0,3047726000,2968792000,1096535000,75699000,73248000,0.34,0.32,0,60026000,110034000,-166966000,1549000,19184000,31840000,27.29,30.08,24.5,0.1101,0.0445,12.45,2.16,23.13,0,0,1.0826,0.3656,0.0684,0.63,0.13,2.3982
2005-02-28,219867600,219867600,1,7804172000,2734035000,5024259000,1138087000,2779913000,0,0,3128319000,3204707000,1037681000,47628000,45177000,0.21,0.21,0,239278000,-1134213000,899389000,4881000,17635000,41308000,25.5,28.67,22.33,0.1052,0.0441,12.64,2.07,20,0,0,1.1528,0.3562,0.0652,0.65,0.9,2.4023
2004-11-30,108355683,216711366,2,6079884000,2548127000,3410641000,1327573000,2669243000,0,0,2310868000,1716685000,1085711000,96893000,94442000,0.88,0.83,0,27272000,-37422000,13015000,2986000,12754000,27446000,20.3,22.59,18.01,0.1158,0.0511,12.32,1.84,16.99,0,0,0.6431,0.439,0.0717,0.69,-0,1.9194
2004-08-31,107920510,215841020,2,5655650000,2294596000,3274481000,1203268000,2381169000,0,0,2211962000,1720588000,1036941000,80614000,78163000,0.74,0.66,0,100608000,-28219000,-80275000,-1675000,9768000,28797000,18.84,19.97,17.7,0.1155,0.0496,11.03,1.75,18.2,0,0,0.7226,0.421,0.0698,0.69,0.33,1.907
2004-05-31,107267875,214535750,2,5549074000,2180235000,3238391000,1167341000,2310683000,0,0,2225799000,1736159000,927305000,51329000,48878000,0.46,0.45,0,-46458000,-23006000,52051000,-25693000,11443000,22113000,16.79,18.13,15.45,0.1025,0.0424,10.77,1.51,16.54,0,0,0.7514,0.4164,0.0607,0.68,-0.32,1.8677
2004-02-29,106832544,213665088,2,5558673000,2071471000,3181054000,1029802000,2377619000,0,0,2285615000,1778853000,881315000,62821000,60369000,0.55,0.61,0,160785000,-32100000,-197160000,-1239000,37136000,34510000,16.3,17.96,14.65,0.1089,0.0406,11.13,1.57,16.06,0,0,0.7482,0.4277,0.0607,0.65,0.59,2.0115
2003-11-30,105873534,211747068,2,5624280000,2216396000,3419343000,1113324000,2204937000,0,0,2247647000,1970819000,990725000,82840000,80390000,0.78,0.67,0,91107000,-20726000,-78335000,-9090000,38375000,24140000,15.84,17.33,14.35,0.1234,0.0433,10.41,1.76,15.84,0,0,0.8938,0.392,0.0623,0.69,0.32,1.9908
2003-08-31,105146240,210292480,2,5198690000,1970168000,3303962000,854082000,1894728000,0,0,2139549000,2146928000,908760000,35564000,35564000,0.35,0.34,0,94778000,-23794000,-77409000,1457000,47465000,28353000,14.61,15.9,13.31,0.1351,0.0447,9.01,1.93,13.28,0,0,1.1331,0.3645,0.0622,0.72,0.32,2.3068
2003-05-31,94937677,189875354,2,5358956000,2050237000,3919294000,1220191000,1439662000,0,0,2221808000,2293548000,771629000,39189000,39189000,0.42,0.41,0,-6363000,-1081867000,1098058000,32198000,46008000,18091000,12.39,13.83,10.95,0.1695,0.0544,7.58,1.99,11.32,0,0,1.5931,0.2686,0.0719,0.76,-0.13,1.6803
2003-02-28,94355211,188710422,2,3196330000,1330101000,2021346000,585208000,1174984000,0,0,1104651000,1191631000,653034000,52021000,52021000,0.57,0.61,0,88789000,-19431000,-86384000,-16126000,13810000,19742000,12.14,13.13,11.15,0.1844,0.0635,6.23,1.91,12.78,0,0,1.0142,0.3676,0.0744,0.85,0.37,2.2729
2002-11-30,90491293,180982586,2,3340403000,1465912000,2192487000,711449000,1147916000,0,0,1103772000,1265574000,738379000,64344000,64344000,0.72,0.64,0,33698000,-18215000,-10862000,4921000,29936000,17614000,12.95,14.9,10.99,0.1702,0.0562,6.34,2.17,14.43,0,0,1.1025,0.3436,0.0648,0.87,0.09,2.0605
2002-08-31,90276283,180552566,2,3182692000,1313987000,2104418000,605779000,1078274000,0,0,1102783000,1285575000,691258000,49572000,49572000,0.55,0.54,0,71215000,-21802000,-31533000,18451000,25015000,21877000,14.03,16,12.05,0.1657,0.0524,5.97,2.48,16.8,0,0,1.1923,0.3388,0.0589,0.89,0.27,2.1691
2002-05-31,89345542,178691084,2,3096434000,1260044000,2087343000,598897000,1009091000,0,0,1087046000,1279183000,648941000,37369000,37369000,0.42,0.4,0,42351000,-12513000,-32705000,-2397000,6564000,12342000,14.22,15.81,12.63,0.1617,0.0492,5.65,2.65,18.35,0,0,1.2677,0.3259,0.053,0.93,0.17,2.1039
2002-02-28,89010796,178021592,2,3069385000,1231248000,2113649000,595210000,955736000,0,0,0,1293183000,673544000,27001000,27001000,0.3,0.32,0,89625000,-24169000,-65379000,-493000,8961000,23990000,11.55,13.59,9.51,0.1567,0.0461,5.37,2.23,15.5,0,0,1.3531,0.3114,0.0484,0.95,0.37,2.0686
2001-11-30,43760485,175041940,4,3127491000,1387353000,2222210000,797541000,905281000,0,0,0,1259088000,763319000,49643000,49643000,1.17,1.07,0,17692000,-90403000,76218000,2686000,9454000,18363000,9.97,11.25,8.69,0.1627,0.0453,5.17,2.06,14.17,0,0,1.3908,0.2895,0.0475,0.95,-0,1.7395
2001-08-31,43365466,173461864,4,2906711000,1253801000,2066654000,616775000,840057000,0,0,0,1284120000,741530000,35934000,35934000,0.85,0.83,0,71385000,-131622000,63227000,3029000,6768000,17957000,10.41,11.63,9.2,0.1604,0.0426,4.84,2.24,15.51,0,0,1.5286,0.289,0.0442,0.96,0.31,2.0328
2001-05-31,42103039,168412156,4,2739693000,1199332000,1958746000,504623000,780947000,0,0,0,1294116000,642110000,23843000,23843000,0.58,0.56,0,34597000,-339253000,162849000,-141933000,3739000,10838000,8.91,10,7.83,0.1633,0.0411,4.64,2.43,13.68,0,0,1.6571,0.285,0.0421,0.98,0.14,2.3767
2001-02-28,41969424,167877696,4,2512169000,1190989000,1895901000,427160000,616268000,0,0,0,1307437000,544038000,18377000,18377000,0.49,0.52,0,87684000,-24240000,84048000,143801000,145672000,20411000,7.22,8.57,5.88,0.1709,0.0404,3.67,1.83,11.35,0,0,2.1215,0.2453,0.0406,0.99,0.4,2.7882
2000-11-30,18451135,147609080,8,2465790000,1158804000,1882919000,612130000,582871000,0,0,0,1123929000,629577000,34953000,34953000,1.9,1.81,0,-61882000,-22090000,79893000,-2279000,1871000,22557000,6.52,7.3,5.74,0.1731,0.0399,3.95,1.74,10.87,0,0,1.9283,0.2364,0.0397,1,-0.57,1.8931
2000-08-31,18365381,146923048,8,2340059000,1031516000,1790024000,496286000,550035000,0,0,0,1144984000,637490000,26110000,26110000,1.43,1.4,0,58002000,-14389000,-50448000,-9874000,4150000,14984000,6.21,6.95,5.48,0.1705,0.0375,3.74,1.72,10.94,0,0,2.0817,0.2351,0.0371,1.01,0.29,2.0785
2000-05-31,18293533,146348264,8,2327100000,1002594000,1797556000,444148000,529544000,0,0,0,1205705000,585580000,17902000,17902000,0.98,0.96,0,19971000,-9948000,-30057000,-20284000,14024000,10265000,6.01,6.97,5.05,0.1675,0.0352,3.62,1.68,11.53,0,0,2.2769,0.2276,0.0352,1,0.07,2.2573
2000-02-29,18256523,146052184,8,2348791000,995997000,1827951000,438217000,520840000,0,0,0,1237135000,527200000,15528000,15528000,0.86,0.92,0,91793000,2227000,-85765000,9641000,34308000,11090000,6.33,6.83,5.84,0.1599,0.0334,3.57,1.85,14.89,0,0,2.3753,0.2217,0.0331,1.01,0.55,2.2728
1999-11-30,18122613,144980904,8,2532995000,1171242000,2035700000,640368000,497295000,0,0,0,1253863000,661520000,29900000,29900000,1.65,1.52,0,-2836000,-15728000,41403000,20327000,24667000,15898000,7.14,7.65,6.63,0.1369,0.029,3.43,2.2,19.83,0,0,2.5214,0.1963,0.0278,1.04,-0.13,1.829
1999-08-31,18055148,144441184,8,2380288000,1025455000,1911339000,499031000,468949000,0,0,0,1274295000,621580000,21101000,21101000,1.18,1.14,0,64709000,-286073000,225409000,2410000,4340000,19438000,6.46,7.55,5.36,0.1195,0.0289,3.25,2.08,20.11,0,0,2.7173,0.197,0.0267,1.08,0.31,2.0549
1999-05-31,17991371,143930968,8,2006610000,933662000,1558672000,379253000,447938000,0,0,0,1073140000,530169000,10846000,10846000,0.6,0.59,0,-5611000,-196106000,174510000,-25715000,1930000,11321000,6.29,6.91,5.67,0.1112,0.0317,3.11,2.08,18.78,0,0,2.3957,0.2232,0.0278,1.14,-0.12,2.4618
1999-02-28,17970501,143764008,8,1793776000,855739000,1358504000,415272000,435272000,0,0,0,831689000,459443000,1435000,1435000,0.1,0.15,0,47914000,-360027000,337109000,24996000,27645000,28242000,6.7,7.69,5.7,0.1189,0.0398,3.03,2.26,16.91,0,0,1.9107,0.2427,0.0337,1.18,0.14,2.0607
1998-11-30,17903642,143229136,8,1167233000,659322000,743603000,387862000,423630000,0,0,0,291386000,375586000,19650000,19650000,1.09,1,0,-29173000,-7544000,37385000,668000,2141000,7544000,5.46,6.52,4.41,0.1408,0.0543,2.96,1.9,14.71,0,0,0.6878,0.3629,0.0447,1.21,-0.26,1.6999
1998-08-31,17874697,142997576,8,1047706000,539545000,637961000,275872000,409745000,0,0,0,297407000,349386000,15772000,15772000,0.84,0.83,0,65735000,-8453000,-56574000,708000,1473000,8443000,5.79,6.55,5.03,0.138,0.0529,2.87,2.02,16.72,0,0,0.7258,0.3911,0.045,1.17,0.4,1.9558
1998-05-31,18778457,150227656,8,1063447000,555327000,633650000,265275000,429797000,0,0,0,303311000,312928000,13615000,13615000,0.73,0.7,0,22769000,-6334000,-16902000,-467000,765000,5628000,6.58,7.47,5.7,0.1322,0.0499,2.86,2.38,20.32,0,0,0.7057,0.4042,0.044,1.13,0.11,2.0934
1998-02-28,18767042,150136336,8,1073159000,564338000,657995000,283334000,415164000,0,0,0,309218000,282550000,10049000,10049000,0.69,0.64,0,58271000,-7992000,-51345000,-1066000,1232000,7992000,6.39,7.31,5.47,0.1284,0.0475,2.77,2.4,22.52,0,0,0.7448,0.3869,0.0413,1.15,0.33,1.9918
1997-11-30,18707825,149662600,8,1131513000,625977000,732835000,384978000,398678000,0,0,0,275300000,322703000,17611000,17611000,0.82,0.8,0,-110370000,-958000,109348000,-1980000,2298000,958000,5.82,6.69,4.94,0.1218,0.0441,2.66,2.29,24.9,0,0,0.6905,0.3523,0.0385,1.14,-0.74,1.626
1997-08-31,18655482,149243856,8,1032950000,520481000,653537000,283270000,379413000,0,0,0,298995000,301524000,12365000,12365000,0.65,0.63,0,33685000,-8893000,-22135000,2657000,4278000,8893000,4.5,5.34,3.67,0.0998,0.0353,2.54,1.82,24.16,0,0,0.788,0.3673,0.0309,1.14,0.17,1.8374
1997-05-31,18548528,148388224,8,981658000,471760000,615340000,216034000,366318000,0,0,0,328969000,306011000,10046000,10046000,0.52,0.52,0,47169000,-808000,-54750000,-8389000,1621000,808000,3.38,4.03,2.73,0.0803,0.0281,2.47,1.37,19.31,0,0,0.898,0.3732,0.0251,1.12,0.31,2.1837
1997-02-28,18542171,148337368,8,1020901000,501015000,656168000,246573000,364733000,0,0,0,338884000,261569000,5922000,5922000,0.33,0.32,0,92404000,-2328000,-85063000,5013000,10010000,2328000,3.58,3.97,3.19,0.0762,0.0263,2.46,1.51,39.23,0,0,0.9291,0.3573,0.0244,1.08,0.61,2.0319
1996-11-30,18878083,151024664,8,1119513000,591332000,760948000,336919000,358565000,0,0,0,349901000,317733000,8311000,8311000,0.4,0.4,0,-74442000,-17400000,94809000,2967000,4997000,3552000,2.71,3.44,1.97,0.0406,0.0138,2.37,1.17,25.51,0,0,0.9758,0.3203,0.0131,1.06,-0.52,1.7551
1996-08-31,19645844,157166752,8,1038191000,501543000,673020000,302695000,365171000,0,0,0,307204000,279218000,4941000,4941000,0.25,0.25,0,50423000,-7695000,-43321000,-593000,2030000,7695000,3.45,4.03,2.86,0.0463,0.0159,2.32,1.49,26.04,0,0,0.8413,0.3517,0.0154,1.04,0.27,1.6569
1996-05-31,19643594,157148752,8,1023027000,486121000,659057000,271037000,363970000,0,0,0,317455000,276493000,8501000,8501000,0.43,0.43,0,39383000,-8900000,-31199000,-716000,2623000,8900000,4.16,4.94,3.38,0.061,0.0221,2.32,1.83,27.97,0,0,0.8722,0.3558,0.021,1.05,0.19,1.7936
1996-02-29,19643594,157148752,8,1054580000,518020000,698074000,299966000,356506000,0,0,0,327616000,249439000,-7090000,-7090000,-0.35,-0.35,0,39905000,-9913000,-27947000,2045000,3339000,8606000,5.53,6,5.06,0.0681,0.0256,2.27,2.39,21.58,0,0,0.919,0.3381,0.0243,1.05,0.2,1.7269
1995-11-30,19612004,156896032,8,1098990000,586448000,736008000,337905000,362982000,0,0,0,337808000,285585000,10412000,10412000,0.52,0.52,0,-124738000,-16916000,138768000,-2886000,1294000,6916000,5.17,6.63,3.72,0.1189,0.0466,2.31,2.31,19.33,0,0,0.9306,0.3303,0.0433,1.08,-0.84,1.7355
1995-08-31,19612004,156896032,8,785921000,401509000,434039000,174753000,351882000,0,0,0,198859000,229289000,10063000,10063000,0.45,0.46,0,81461000,-43775000,-42332000,-4646000,4180000,15475000,5.53,6,5.06,0.1227,0.049,2.24,2.55,31.15,0,0,0.5651,0.4477,0.0452,1.08,0.42,2.2976
1995-05-31,19561760,156494080,8,809237000,441908000,469734000,164981000,339503000,0,0,0,232787000,222770000,10637000,10637000,0.58,0.56,0,28100000,-8968000,-13396000,5736000,8826000,8968000,4.89,5.59,4.19,0.0828,0.0291,2.17,2.31,35.89,0,0,0.6857,0.4195,0.0287,1.01,0.12,2.6785
1995-02-28,19318494,154547952,8,832917000,469762000,504750000,191051000,328167000,0,0,0,239791000,210943000,9988000,9988000,0.51,0.51,0,26532000,-5588000,-26731000,-5787000,3090000,5588000,4.61,5.06,4.16,0.0782,None,2.12,2.26,39.66,0,0,0.7307,0.394,0.0262,1,0.14,2.4588
1994-11-30,19490144,155921152,8,917803000,545771000,599965000,258673000,317838000,0,0,0,246797000,243542000,10332000,10332000,0.61,0.61,0,-62775000,-5754000,75911000,7382000,8877000,5754000,4,4.28,3.72,0.0706,None,2.04,3.05,46.38,0,0,0.7765,0.3463,0.0228,1,-0.44,2.1099
1994-08-31,19439419,155515352,8,826562000,454049000,622369000,238225000,204193000,0,0,0,289122000,180845267,-6316875,-6316875,-0.26,-0.26,0,33857123,-7691121,-26211153,-45151,1495000,2590921,3.31,3.84,2.78,None,None,1.31,2.04,None,0,0,1.4159,0.247,None,None,0.2,1.906
1994-05-31,15983282,127866256,8,579768084,334764888,372611410,154847264,207156674,0,0,0,178432437,154222990,6655430,6655430,0.29,0.23,0,13452319,-2461661,-15034440,-4043782,1539933,2759573,3.17,3.81,2.53,None,None,1.62,1.59,None,0,None,0.8613,0.3573,None,None,0.08,2.1619
1994-02-28,12591831,100734648,8,550391904,342161010,349890660,151111623,200501244,0,0,0,175205995,140031128,5741233,5741233,0.35,0.35,0,24345814,-1274828,-20982686,2088300,5583715,976916,3.59,4,3.19,None,None,1.99,1.85,None,0,None,0.8738,0.3643,None,None,0.23,2.2643
1993-11-30,12548946,100391568,8,584229334,391194860,389503283,186362900,194726051,0,0,0,179207008,154484615,5653212,5653212,0.4,0.37,0,-48476256,-1522390,49776279,-222367,3495415,1525590,2.92,3.22,2.63,None,None,1.94,None,None,0,None,0.9203,0.3333,None,None,-0.5,2.0991
