"Quarter end","Shares","Shares split adjusted","Split factor","Assets","Current Assets","Liabilities","Current Liabilities","Shareholders equity","Non-controlling interest","Preferred equity","Goodwill & intangibles","Long-term debt","Revenue","Earnings","Earnings available for common stockholders","EPS basic","EPS diluted","Dividend per share","Cash from operating activities","Cash from investing activities","Cash from financing activities","Cash change during period","Cash at end of period","Capital expenditures","Price","Price high","Price low","ROE","ROA","Book value of equity per share","P/B ratio","P/E ratio","Cumulative dividends per share","Dividend payout ratio","Long-term debt to equity ratio","Equity to assets ratio","Net margin","Asset turnover","Free cash flow per share","Current ratio"
2019-06-30,76041513,76041513,1,4674200000,1866700000,2890600000,696300000,1711300000,72300000,0,616400000,1651600000,1000000000,92500000,92500000,1.22,1.2,0.28,157600000,-100200000,-130300000,-72700000,167400000,25100000,47.78,52.31,43.25,0.1942,0.0691,22.5,2.22,11.95,18.7,0.2701,0.9651,0.3661,0.0838,0.82,1.74,2.6809
2019-03-31,76119662,76119662,1,4680700000,1919600000,2974800000,683600000,1638500000,67400000,0,612000000,1755500000,979700000,91900000,91900000,1.21,1.19,0.28,52300000,-19600000,73400000,107000000,240100000,14100000,40.45,44.63,36.26,0.1991,0.0733,21.53,1.94,10.56,18.42,0.2723,1.0714,0.3501,0.0855,0.86,0.5,2.8081
2018-12-31,75767695,75767695,1,4445200000,1737200000,2802500000,685600000,1579600000,63100000,0,724500000,1648000000,910100000,60000000,60000000,0.78,0.74,0.28,137500000,-54900000,-104200000,-21900000,133100000,162000000,42.2,50.42,33.98,0.1956,0.0756,20.85,2.05,12.23,18.14,0.2816,1.0433,0.3553,0.0846,0.89,-0.32,2.5338
2018-09-30,76860854,76860854,1,4499500000,1786300000,2859100000,656600000,1579900000,60500000,0,636300000,1693100000,881300000,71600000,71600000,0.93,0.91,0.28,137200000,-774300000,649400000,8400000,155000000,22300000,47.55,52.45,42.65,0.1797,0.0726,20.56,2.41,14.77,17.86,0.3128,1.0717,0.3511,0.0789,0.92,1.49,2.7205
2018-06-30,77107246,77107246,1,3528000000,1699800000,1975700000,711200000,1521800000,30500000,0,329300000,884100000,906300000,91000000,91000000,1.18,1.16,0.28,102100000,-22000000,-44400000,26300000,146600000,21700000,46.25,50.55,41.95,0.1722,0.0734,19.74,2.38,14.92,17.58,0.3329,0.581,0.4313,0.076,0.96,1.04,2.39
2018-03-31,77596991,77596991,1,3549500000,1645800000,2006700000,702300000,1510900000,31900000,0,353100000,899200000,883100000,80200000,80200000,1.03,1.02,0.27,-44300000,-14000000,52300000,-5100000,120300000,17700000,48.75,55.65,41.85,0.1703,0.0724,19.47,2.63,19.04,17.3,0.3421,0.5951,0.4257,0.0771,0.94,-0.8,2.3434
2017-12-31,77882884,77882884,1,3402400000,1500100000,1927500000,671700000,1442700000,32200000,0,359900000,856900000,778000000,29200000,29200000,0.38,0.36,0.27,93900000,-41300000,-69300000,-15600000,121600000,146600000,48.59,52.45,44.73,0.146,0.0635,18.52,2.65,19.51,17.03,0.4094,0.594,0.424,0.0677,0.94,-0.68,2.2333
2017-09-30,77617122,77617122,1,3363600000,1474300000,1907700000,568700000,1423000000,32900000,0,366400000,964800000,771400000,53500000,53500000,0.69,0.68,0.27,28400000,-298500000,-43600000,-307900000,137200000,18300000,46.25,49.95,42.55,0.1469,0.0652,18.33,2.6,22.34,16.76,0.415,0.678,0.4231,0.0689,0.95,0.13,2.5924
2017-06-30,77842980,77842980,1,3238500000,1659500000,1818900000,537900000,1387000000,32600000,0,260100000,952100000,750600000,82500000,82500000,1.06,1.04,0.27,67800000,-82000000,322900000,315600000,445100000,18200000,47.13,51.75,42.5,0.1245,0.057,17.82,2.78,29.46,16.49,0.6151,0.6864,0.4283,0.0599,0.95,0.64,3.0851
2017-03-31,77993462,77993462,1,2815600000,1270700000,1460800000,498400000,1321100000,33700000,0,236100000,605100000,703800000,38200000,38200000,0.49,0.48,0.26,46700000,-26900000,-43000000,-19300000,129500000,19200000,43.25,46.45,40.05,0.0972,0.0458,16.94,2.63,22.76,16.22,0.6316,0.458,0.4692,0.0476,0.96,0.35,2.5496
2016-12-31,77565732,77565732,1,2758300000,1204000000,1452300000,452700000,1274900000,31100000,0,628500000,635000000,654800000,24400000,24400000,0.31,0.29,0.26,124900000,-67700000,-31300000,19800000,148800000,53100000,36.38,41.15,31.6,0.1155,0.0545,16.44,2.11,31.09,15.96,0.5313,0.4981,0.4622,0.0573,0.95,0.93,2.6596
2016-09-30,77814737,77814737,1,2819200000,1226800000,1453000000,450500000,1339500000,26700000,0,633500000,641400000,657400000,20600000,20600000,0.26,0.26,0.52,74500000,-92300000,-9600000,-27000000,129000000,32600000,32.3,35.28,29.31,0.0694,0.033,17.21,1.9,19.34,15.7,0.8822,0.4788,0.4751,0.034,0.97,0.54,2.7232
2016-06-30,78284317,78284317,1,2794400000,1237100000,1435200000,475000000,1333400000,25800000,0,586700000,604200000,673600000,44900000,44900000,0.57,0.57,0,155500000,-26400000,-109100000,18700000,156000000,26100000,32.89,37.07,28.72,0.1015,0.0477,17.03,1.93,21.5,15.18,0.4645,0.4531,0.4772,0.0488,0.98,1.65,2.6044
2016-03-31,79222802,79222802,1,2850100000,1274900000,1474500000,442600000,1349700000,25900000,0,593800000,673400000,684000000,63000000,63000000,0.79,0.78,0.26,47100000,-24600000,-19400000,7700000,137300000,24200000,27.93,33.64,22.22,0.095,0.0444,17.04,1.69,None,15.18,0.6669,0.4989,0.4736,0.045,0.99,0.29,2.8805
2015-12-31,80030053,80030053,1,2785300000,1206400000,1440700000,505300000,1324500000,20100000,0,598600000,580600000,714400000,-35700000,-35700000,-0.44,-0.44,0.26,128500000,3600000,-151400000,-25400000,129600000,147300000,29.87,32.89,26.84,-0.0523,-0.0248,16.55,1.86,175.71,14.92,None,0.4384,0.4755,None,1,-0.23,2.3875
2015-09-30,82993555,82993555,1,2946600000,1378900000,1595000000,605600000,1334300000,17300000,0,604900000,625900000,707400000,63400000,63400000,0.76,0.76,0.26,140800000,-235500000,18100000,-81800000,155000000,19000000,31.63,36.95,26.31,0.008,0.0039,16.08,1.98,None,14.66,7.65,0.4691,0.4528,0.0039,1,1.47,2.2769
2015-06-30,84538588,84538588,1,2887600000,1436000000,1516500000,594000000,1353700000,17400000,0,482800000,555600000,728000000,36700000,36700000,0.43,0.43,0.26,88500000,-19300000,12500000,82400000,236800000,18200000,39.65,43.06,36.24,-0.0496,-0.025,16.01,2.44,None,14.4,None,0.4104,0.4688,None,1.02,0.83,2.4175
2015-03-31,86393845,86393845,1,2820400000,1363800000,1404200000,519400000,1403000000,13200000,0,486700000,519700000,722500000,-135200000,-135200000,-1.54,-1.54,0.25,17000000,-14000000,-120800000,-124400000,154400000,16900000,40.61,43.56,37.65,-0.0299,-0.0157,16.24,2.27,21.95,14.14,None,0.3704,0.4974,None,0.88,0,2.6257
2014-12-31,88214403,88214403,1,3001400000,1481900000,1412300000,533800000,1576200000,12900000,0,499300000,522100000,762200000,46500000,46500000,0.52,0.52,0.25,111600000,-37600000,-27100000,40600000,278800000,155700000,40.96,44.3,37.62,0.0899,0.0495,17.87,2.23,21.56,13.89,0.5254,0.3312,0.5252,0.0555,0.89,-0.5,2.7761
2014-09-30,88686674,88686674,1,3106700000,1499700000,1462800000,562100000,1629900000,14000000,0,449000000,522000000,788000000,-21900000,-21900000,-0.25,-0.25,0.25,79300000,-37400000,-88500000,-56600000,238200000,34700000,46.15,49.96,42.34,0.0817,0.0463,18.38,2.34,17.16,13.64,0.5032,0.3203,0.5246,0.0524,0.88,0.5,2.668
2014-06-30,90775088,90775088,1,3265200000,1562100000,1461100000,849900000,1790300000,13800000,0,552800000,176200000,421500000,62700000,62700000,0.7,0.68,0.25,75900000,-74700000,44300000,46500000,294800000,-10700000,63.6,69.51,57.69,0.107,0.0614,19.72,2.23,22.16,13.39,0.3558,0.0984,0.5483,0.0688,0.89,0.95,1.838
2014-03-31,91249362,91249362,1,4418000000,1869600000,1803600000,982200000,2601600000,12800000,0,572400000,206400000,1104500000,83500000,83500000,0.9,0.9,0.25,40200000,-45000000,-130900000,-136300000,248300000,48000000,56.94,61.37,52.51,0.1095,0.0631,28.51,2,20.78,13.14,0.3263,0.0793,0.5889,0.0622,1.01,-0.09,1.9035
2013-12-31,92781376,92781376,1,4477900000,1937500000,1829300000,980100000,2636600000,12000000,0,577800000,206600000,1063300000,52600000,52600000,0.57,0.57,0.23,178200000,-109400000,-103500000,-33500000,384600000,435100000,55.89,61.57,50.22,0.1093,0.062,28.42,2.32,18.95,12.89,0.3341,0.0784,0.5888,0.0605,1.02,-2.77,1.9768
2013-09-30,97636674,97636674,1,4192900000,2050000000,1825800000,978400000,2353300000,13800000,0,581700000,205400000,1061500000,52200000,52200000,0.55,0.54,0.23,112300000,-63000000,-30700000,21300000,418100000,65100000,59.67,64.35,55,0.124,0.0683,24.1,2.45,18.42,12.66,0.3101,0.0873,0.5613,0.0655,1.04,0.48,2.0953
2013-06-30,95006238,95006238,1,4106300000,2003100000,1778500000,662900000,2311600000,16200000,0,589200000,455300000,1126500000,82800000,82800000,0.86,0.86,0.23,175400000,-134500000,-95100000,-61100000,396800000,81300000,54.83,59.44,50.22,0.1368,0.0751,24.33,2.28,12.93,12.43,0.2804,0.197,0.5629,0.0708,1.06,0.99,3.0217
2013-03-31,96153921,96153921,1,4165100000,2073200000,1842200000,676600000,2308600000,14300000,0,571000000,455300000,1089900000,75100000,75100000,0.78,0.77,0.23,-35900000,-69100000,-20000000,-128500000,457900000,62800000,53.09,58.5,47.67,0.1809,0.0974,24.01,2.28,10.51,12.2,0.2136,0.1972,0.5543,0.0891,1.09,-1.03,3.0641
2012-12-31,95937115,95937115,1,4244700000,2174100000,1998100000,667900000,2232200000,14400000,0,563600000,455100000,1080300000,75300000,75300000,0.78,0.78,0.23,259400000,-132700000,-28600000,100900000,586400000,109700000,42.13,48.12,36.15,0.219,0.115,23.27,1.73,7.83,11.97,0.1795,0.2039,0.5259,0.0994,1.16,1.56,3.2551
2012-09-30,95847056,95847056,1,4218500000,2233700000,1872700000,797900000,2331400000,14400000,0,553800000,461400000,1142500000,80900000,80900000,0.84,0.83,0.23,130100000,-71700000,-88000000,-24400000,485500000,71600000,39.54,46.49,32.59,0.2394,0.122,24.32,1.67,6.97,11.74,0.1633,0.1979,0.5527,0.1024,1.19,0.61,2.7995
2012-06-30,97329738,97329738,1,4404800000,2365500000,2089600000,827700000,2301000000,14200000,0,558400000,473900000,1343200000,183600000,183600000,1.88,1.86,0.23,275100000,-64100000,-46300000,154600000,509900000,68800000,49.88,57.94,41.81,0.2567,0.1297,23.64,2.23,9.86,11.51,0.15,0.206,0.5224,0.1045,1.24,2.12,2.8579
2012-03-31,97614892,97614892,1,4373500000,2316500000,2175300000,816500000,2183800000,14400000,0,564500000,478800000,1421000000,155700000,155700000,1.59,1.58,0.23,-38700000,-29200000,-47500000,-109500000,355300000,45100000,46.89,54.87,38.92,0.2312,0.1168,22.37,2.26,10.17,11.28,0.1632,0.2193,0.4993,0.0932,1.25,-0.86,2.8371
2011-12-31,97739712,97739712,1,4352100000,2292300000,2309600000,844600000,2028300000,14200000,0,568800000,478800000,1264700000,109100000,109100000,1.12,1.11,0.2,279100000,-190500000,-20500000,61900000,464800000,99300000,37.81,45.45,30.17,0.2146,0.108,20.75,1.67,8.57,11.05,0.168,0.2361,0.4661,0.0879,1.23,1.84,2.7141
2011-09-30,97650484,97650484,1,4123000000,2266500000,1898300000,845700000,2204700000,20000000,0,514400000,490900000,1321800000,111000000,111000000,1.14,1.12,0.2,95500000,-256500000,-44200000,-229900000,402900000,45900000,42.01,52.86,31.16,0.208,0.1045,22.58,1.88,10.48,10.85,0.171,0.2227,0.5347,0.0874,1.19,0.51,2.68
2011-06-30,98144509,98144509,1,4175100000,2470800000,1968800000,755900000,2188700000,17600000,0,350700000,490600000,1329600000,121500000,121500000,1.23,1.25,0.2,34700000,-28800000,-18000000,-4800000,632800000,34700000,51.8,57.83,45.77,0.1987,0.094,22.3,2.48,14.23,10.65,0.1711,0.2242,0.5242,0.0837,1.12,0,3.2687
2011-03-31,97906557,97906557,1,4180600000,2417400000,2114300000,743200000,2048100000,18200000,0,353000000,483300000,1254100000,112700000,112700000,1.15,1.13,0.18,-197600000,-32200000,-23900000,-239500000,637600000,19700000,48.5,52.69,44.32,0.1941,0.0863,20.92,2.47,17.26,10.45,0.1686,0.236,0.4899,0.0816,1.06,-2.22,3.2527
2010-12-31,97888273,97888273,1,4180400000,2399200000,2238600000,719900000,1925000000,16800000,0,353600000,481700000,1070710000,89909000,89909000,0.92,0.91,0.18,-700000,-45700000,23500000,-22700000,877100000,53700000,43.37,49.35,37.38,0.1581,0.0669,19.67,2.37,25.66,10.27,0.1875,0.2502,0.4605,0.0678,0.99,-0.56,3.3327
2010-09-30,97096315,97096315,1,4249000000,2368800000,2455000000,715500000,1777100000,16900000,0,353400000,479400000,1059700000,70300000,70300000,0.73,0.72,0.13,149400000,-69800000,-6500000,103600000,899800000,21700000,32.22,39.59,24.84,0.0997,0.0405,18.3,1.9,71.6,10.09,0.2589,0.2698,0.4182,0.0461,0.88,1.32,3.3107
2010-06-30,96740681,96740681,1,4005100000,2114300000,2346800000,590800000,1639700000,18600000,0,345800000,476100000,1011400000,85600000,85600000,0.88,0.88,0.13,177880000,-22325000,-39173000,86944000,796200000,24686000,30.89,35.9,25.88,0.0277,0.0108,16.95,1.86,None,9.96,0.8747,0.2904,0.4094,0.0135,0.8,1.58,3.5787
2010-03-31,96822937,96822937,1,3988114000,2058991000,2358625000,600989000,1611119000,18370000,0,350800000,471229000,913690000,28991000,28991000,0.3,0.3,0.09,-13880000,-15075000,-10727000,-46244000,709301000,13814000,26.36,30.69,22.03,-0.0667,-0.0254,16.64,1.62,None,9.83,None,0.2925,0.404,None,0.74,-0.29,3.426
2009-12-31,96902886,96902886,1,4006893000,2022560000,2411325000,540433000,1577584000,17984000,0,353822000,469287000,588678000,-20186000,-20186000,-0.21,-0.21,0.09,163343000,269938000,-59554000,372667000,755545000,33532000,23.48,26.12,20.84,-0.0847,-0.0315,16.28,1.45,None,9.74,None,0.2975,0.3937,None,0.74,1.34,3.7425
2009-09-30,96846164,96846164,1,4458021000,2316697000,2867048000,881507000,1572834000,18139000,0,356662000,469057000,763644000,-50128000,-50128000,-0.52,-0.52,0.09,170871000,-26472000,-49981000,105792000,382878000,27275000,20.48,24.85,16.1,-0.0938,-0.0342,16.24,1.25,66.06,9.65,None,0.2982,0.3528,None,0.86,1.48,2.6281
2009-06-30,96817639,96817639,1,4222155000,1818777000,2621008000,805775000,1583404000,17743000,0,395963000,254845000,828927000,-64517000,-64517000,-0.67,-0.67,0.09,215996000,-19625000,-58755000,147997000,277086000,19878000,16,19.46,12.53,0.0174,0.0069,16.35,0.97,8.42,9.56,1.9892,0.1609,0.375,0.0068,1.01,2.03,2.2572
2009-03-31,96796639,96796639,1,4317873000,1871133000,2707007000,884321000,1593603000,17263000,0,397952000,261413000,960378000,870000,870000,0.01,0.01,0.18,37448000,-29570000,-9742000,-4294000,112012000,30860000,15.43,20.98,9.88,0.0966,0.0401,16.46,0.91,5.57,9.47,0.3726,0.164,0.3691,0.0355,1.13,0.07,2.1159
2008-12-31,96565923,96565923,1,4536050000,2033465000,2895753000,798313000,1640297000,0,0,403753000,515250000,1210757000,-36151000,-36151000,-0.38,-0.38,0.18,271316000,-111282000,-133179000,21597000,116306000,78969000,19.84,28.73,10.96,0.1323,0.0573,16.99,0.87,5.44,9.29,0.2522,0.3141,0.3616,0.0473,1.21,1.99,2.5472
2008-09-30,96551635,96551635,1,4707119000,2377332000,2500417000,1054895000,2206702000,0,0,441210000,521896000,1482684000,130413000,130413000,1.36,1.35,0.18,214709000,-53195000,-122881000,19974000,94709000,58513000,30.84,37.46,24.22,0.1674,0.076,22.86,1.37,11.3,9.11,0.1886,0.2365,0.4688,0.0608,1.25,1.62,2.2536
2008-06-30,96503552,96503552,1,4794879000,2396947000,2616706000,1133089000,2178173000,0,0,449744000,559315000,1535549000,88943000,88943000,0.93,0.92,0.17,96266000,-77647000,-14684000,6529000,74735000,74917000,34.13,38.74,29.52,0.1321,0.0584,22.57,1.58,14.28,8.93,0.2484,0.2568,0.4543,0.0472,1.24,0.22,2.1154
2008-03-31,96040390,96040390,1,4651244000,2264938000,2581751000,927316000,2069493000,0,0,450256000,725239000,1434670000,84465000,84465000,0.89,0.88,0.17,-12911000,-78571000,124823000,38062000,68206000,22789000,29.49,33.16,25.82,0.1229,0.0527,21.55,1.44,12.82,8.76,0.2799,0.3504,0.4449,0.0426,1.24,-0.37,2.4425
2007-12-31,95807259,95807259,1,4379237000,2045251000,2418568000,904422000,1960669000,0,0,432236000,580587000,1341037000,48291000,48291000,0.51,0.5,0.17,150489000,-312268000,103633000,-57623000,30144000,108163000,33.87,38.78,28.95,0.1265,0.0522,20.46,1.85,15.61,8.59,0.2865,0.2961,0.4477,0.042,1.24,0.44,2.2614
2007-09-30,95787433,95787433,1,4197052000,2018368000,2442779000,808030000,1754273000,0,0,312743000,526521000,1261239000,41243000,41243000,0.43,0.43,0.17,95556000,-69757000,-16945000,14428000,87767000,70252000,34.44,38.25,30.63,0.128,0.0502,18.31,1.96,15.44,8.42,0.2985,0.3001,0.418,0.0426,1.18,0.26,2.4979
2007-06-30,95584461,95584461,1,4165646000,2006823000,2487253000,818183000,1678393000,0,0,310337000,533856000,1349231000,55326000,55326000,0.59,0.58,0.16,96325000,-55204000,-71158000,-27479000,73339000,57001000,33.54,36.73,30.35,0.1325,0.0516,17.56,2.04,13.75,8.25,0.2853,0.3181,0.4029,0.0436,1.18,0.41,2.4528
2007-03-31,94892637,94892637,1,4124063000,1997598000,2561806000,845542000,1562257000,0,0,305321000,530590000,1284513000,75194000,75194000,0.8,0.79,0.16,-5702000,-59341000,63549000,-254000,100818000,57312000,29.11,30.79,27.43,0.1449,0.0565,16.46,1.86,12.39,8.09,0.2563,0.3396,0.3788,0.0472,1.2,-0.66,2.3625
2006-12-31,94174971,94174971,1,4031533000,1900280000,2555353000,835569000,1476180000,0,0,305969000,547390000,965338000,35350000,35350000,0.38,0.37,0.16,164578000,49415000,-170728000,47003000,101072000,113710000,29.75,31.89,27.6,0.1389,0.0544,15.67,1.65,9.92,7.93,0.2618,0.3708,0.3662,0.0447,1.22,0.54,2.2742
2006-09-30,94135297,94135297,1,4144054000,2063507000,2446751000,1084740000,1697303000,0,0,397075000,548611000,1272922000,46546000,46546000,0.5,0.49,0.16,73538000,-73893000,15766000,15317000,54069000,69360000,32.02,34.99,29.05,0.1755,0.0691,18.03,1.81,10.97,7.77,0.2027,0.3232,0.4096,0.0533,1.3,0.04,1.9023
2006-06-30,94001219,94001219,1,4095938000,2071296000,2434636000,1090029000,1661302000,0,0,388429000,529016000,1388025000,74691000,74691000,0.8,0.79,0.15,135488000,-66505000,-63029000,7467000,38752000,64261000,31.96,36.25,27.68,0.1795,0.0676,17.67,1.9,11.14,7.61,0.2033,0.3184,0.4056,0.0522,1.3,0.76,1.9002
2006-03-31,93551584,93551584,1,4083811000,2083751000,2511589000,1097901000,1572222000,0,0,387155000,560286000,1347080000,65940000,65940000,0.71,0.7,0.15,-36676000,-39885000,41281000,-34132000,31285000,39555000,31.57,36.58,26.57,0.1843,0.0659,16.81,1.97,11.28,7.46,0.2075,0.3564,0.385,0.0514,1.28,-0.81,1.8979
2005-12-31,93217253,93217253,1,3993734000,1983309000,2496667000,1074475000,1497067000,0,0,388753000,561747000,1281083000,94881000,94881000,1.03,1.02,0.15,213007000,-126144000,-84195000,2312000,65417000,90700000,29.05,32.84,25.25,0.1876,0.0641,16.06,1.91,11.71,7.31,0.2124,0.3752,0.3749,0.0504,1.27,1.31,1.8458
2005-09-30,92450889,92450889,1,4107822000,1954594000,2703892000,1286943000,1403930000,0,0,363991000,533169000,1258133000,39831000,39831000,0.44,0.41,0.15,69520000,-41667000,-33197000,-3875000,63105000,44370000,26.48,30.06,22.9,0.1726,0.0568,15.19,1.81,11.77,7.16,0.2314,0.3798,0.3418,0.0453,1.25,0.27,1.5188
2005-06-30,91527721,91527721,1,4085943000,1930140000,2743780000,1188534000,1342163000,0,0,362793000,609627000,1324678000,67334000,67334000,0.74,0.74,0.15,55893000,-36360000,-753000,15212000,66980000,49100000,25.24,27.68,22.8,0.1638,0.0519,14.66,1.76,14.1,7.01,0.2461,0.4542,0.3285,0.0422,1.23,0.07,1.624
2005-03-31,91401003,91401003,1,4053240000,1866918000,2745249000,1149269000,1307991000,0,0,367076000,610957000,1304540000,58235000,58235000,0.64,0.63,0.15,-19719000,-38631000,61851000,801000,51768000,31474000,26.12,29.5,22.73,0.1367,0.042,14.31,1.88,17.65,6.86,0.2964,0.4671,0.3227,0.0351,1.2,-0.56,1.6244
2004-12-31,91337823,91337823,1,3938500000,1733291000,2668652000,1041327000,1269848000,0,0,368285000,620600000,1187875000,64382000,64382000,0.72,0.7,0.13,150797000,-2822000,-158027000,-1904000,50967000,57293000,25.16,27.5,22.82,0.1169,0.0349,13.9,1.98,24.43,6.71,0.346,0.4887,0.3224,0.0301,1.16,1.02,1.6645
2004-09-30,90271676,90271676,1,3919693000,1609826000,2774167000,1180093000,1145526000,0,0,400960000,652800000,1096724000,17463000,17463000,0.19,0.18,0.13,-22662000,-42328000,48728000,-14598000,52871000,38939000,24.49,26.49,22.5,0.0841,0.0245,12.69,1.97,29.51,6.58,0.4978,0.5699,0.2922,0.0216,1.14,-0.68,1.3642
2004-06-30,90051157,90051157,1,3845926000,1523030000,2727127000,1171640000,1118799000,0,0,398376000,613628000,1130287000,25341000,25341000,0.28,0.28,0.13,34610000,-35334000,32764000,32454000,67469000,29931000,23.65,26.49,20.81,0.0702,0.0197,12.42,1.91,39.42,6.45,0.6201,0.5485,0.2909,0.0179,1.1,0.05,1.2999
2004-03-31,89402739,89402739,1,3825634000,1494398000,2718598000,1209461000,1107036000,0,0,398296000,624141000,1098785000,28470000,28470000,0.32,0.32,0.13,-23678000,-28097000,56135000,6389000,35015000,23749000,21.72,24.7,18.74,0.0519,0.0139,12.38,1.78,50.51,6.32,0.8569,0.5638,0.2894,0.0132,1.05,-0.53,1.2356
2003-12-31,89358292,89358292,1,3689789000,1377105000,2600162000,1054556000,1089627000,0,0,371092000,613400000,1021825000,22496000,22496000,0.25,0.25,0.13,203154000,-17068000,-197662000,-9417000,28626000,16731000,17.82,20.32,15.31,0.0368,0.0095,12.19,1.65,23.76,6.19,1.2453,0.5629,0.2953,0.0096,0.98,2.09,1.3059
2003-09-30,89062697,89062697,1,3862057000,1433061000,2900594000,1115705000,961463000,0,0,433652000,698464000,938012000,-1275000,-1275000,-0.02,-0.02,0.13,-38565000,113963000,-90402000,-14402000,38043000,27595000,16.9,19.25,14.55,0.0579,0.0139,10.8,1.49,28.64,6.06,0.8259,0.7265,0.249,0.0148,0.94,-0.74,1.2844
2003-06-30,85566821,85566821,1,4001503000,1441997000,3030577000,1066268000,970926000,0,0,428723000,744523000,990253000,3921000,3921000,0.05,0.05,0.13,27724000,-25516000,5451000,9158000,52445000,26526000,17.05,18.5,15.59,0.0489,0.0124,11.35,1.55,27.95,5.93,0.9378,0.7668,0.2426,0.0132,0.94,0.01,1.3524
2003-03-31,85472026,85472026,1,3877887000,1420117000,2936545000,886951000,941342000,0,0,469825000,778066000,838007000,11339000,11339000,0.15,0.15,0.13,10321000,-734119000,684458000,-38763000,43287000,13103000,17.67,20.46,14.88,0.0518,0.0139,11.01,1.75,28.97,5.8,0.857,0.8265,0.2427,0.0148,0.94,-0.03,1.6011
2002-12-31,60421178,60421178,1,2748356000,968292000,2139270000,634070000,609086000,0,0,264202000,350100000,644898000,36466000,36466000,0.58,0.57,0.13,117047000,-38812000,-34616000,45238000,82050000,38812000,17.59,20.27,14.92,0.0517,0.0148,10.08,1.36,293.17,5.67,0.819,0.5748,0.2216,0.0152,0.98,1.29,1.5271
2002-09-30,63315670,63315670,1,2542043000,920412000,1722970000,666977000,819073000,0,0,265908000,350515000,628591000,-10865000,-10865000,-0.18,-0.18,0.13,60798000,-13222000,-41934000,5718000,36812000,13222000,20.27,24,16.54,0.0044,0.0014,12.94,1.55,None,5.54,9.0463,0.4279,0.3222,0.0014,0.97,0.75,1.38
2002-06-30,60421178,60421178,1,2603064000,931002000,1813840000,720026000,789224000,0,0,291170000,367996000,660829000,3960000,3960000,0.07,0.07,0.13,45004000,-10188000,-21939000,14044000,31094000,10188000,23.95,27.41,20.5,-0.0198,-0.0063,13.06,1.83,None,5.41,None,0.4663,0.3032,None,0.95,0.58,1.293
2002-03-31,59968725,59968725,1,2555272000,878374000,1771969000,672367000,783303000,0,0,289624000,367279000,615757000,9188000,9188000,0.15,0.15,0.13,-16746000,-17190000,17982000,-16342000,17050000,10439000,19.93,24.5,15.35,-0.0404,-0.0136,13.06,1.53,None,5.28,None,0.4689,0.3065,None,0.94,-0.45,1.3064
2001-12-31,59917751,59917751,1,2533084000,828380000,1751349000,641156000,781735000,0,0,286159000,368151000,573575000,1218000,1218000,0.02,0.02,0.13,145785000,-36332000,-101192000,7477000,33392000,24545000,14.76,16.49,13.04,-0.0458,-0.0163,13.05,0.97,None,5.15,None,0.4709,0.3086,None,0.96,2.02,1.292
2001-09-30,59843353,59843353,1,2534068000,903122000,1619368000,732931000,914700000,0,0,236501000,365142000,577698000,-30532000,-30532000,-0.5,-0.5,0.18,3900000,-21859000,28916000,10263000,25915000,21859000,14.46,17.16,11.75,-0.0434,-0.0164,15.28,0.9,None,5.02,None,0.3992,0.361,None,0.98,-0.3,1.2322
2001-06-30,60032127,60032127,1,2556169000,913559000,1596345000,620323000,959824000,0,0,237892000,325455000,634389000,-14574000,-14574000,-0.25,-0.25,0.18,49491000,-25125000,-27753000,-3220000,15652000,25125000,16.77,18.65,14.89,-0.0038,-0.0015,15.99,1.02,31.06,4.84,None,0.3391,0.3755,None,1,0.41,1.4727
2001-03-31,59990686,59990686,1,2601091000,956514000,1616816000,651559000,984275000,0,0,239522000,303592000,661516000,2222000,2222000,0.04,0.04,0.18,-19305000,-16018000,44542000,7945000,18872000,14848000,16,17.38,14.63,0.0318,0.0126,16.41,0.96,21.05,4.66,1.3503,0.3084,0.3784,0.0122,1.03,-0.57,1.468
2000-12-31,59990140,59990140,1,2564105000,898542000,1559423000,587452000,1004682000,0,0,239892000,305181000,631711000,923000,923000,0.02,0.02,0.18,74861000,-60114000,-23183000,-7994000,10927000,60114000,14.22,15.81,12.63,0.0448,0.0183,16.75,0.84,13.05,4.48,0.9475,0.3038,0.3918,0.0174,1.05,0.25,1.5296
2000-09-30,60018284,60018284,1,2489124000,935052000,1476354000,610761000,1012770000,0,0,151677000,305624000,632243000,7685000,7685000,0.13,0.13,0.18,31447000,-35337000,16961000,12471000,18921000,35337000,17.03,20.5,13.56,0.0641,0.0267,16.87,1,14.68,4.3,0.6588,0.3018,0.4069,0.0251,1.06,-0.06,1.531
2000-06-30,60586153,60586153,1,2509972000,935912000,1474741000,606419000,1035231000,0,0,154081000,305908000,693263000,21240000,21240000,0.35,0.35,0.18,31106000,-36994000,2799000,-3170000,6450000,36994000,18.16,20.81,15.5,0.068,0.0287,17.09,1.06,18.16,4.12,0.6196,0.2955,0.4124,0.0272,1.06,-0.1,1.5433
2000-03-31,60964527,60964527,1,2492282000,921941000,1449597000,588212000,1042685000,0,0,156270000,326302000,685791000,16040000,16040000,0.26,0.26,0.18,15698000,-20061000,6460000,1714000,9620000,20061000,17.09,20.19,14,0.0592,0.0252,17.1,1,16.92,3.94,0.713,0.3129,0.4184,0.0243,1.04,-0.07,1.5674
1999-12-31,61119617,61119617,1,2441318000,833526000,1395337000,557661000,1045981000,0,0,153847000,327343000,631862000,21339000,21339000,0.34,0.35,0.18,112399000,-43036000,-80016000,-10473000,7906000,41735000,18.09,20.56,15.63,0.0596,0.0253,17.11,1.06,20.79,3.76,0.7095,0.313,0.4284,0.0251,1.01,1.16,1.4947
1999-09-30,61930145,61930145,1,2459287000,839436000,1403143000,507083000,1056144000,0,0,154059000,327645000,601703000,12442000,12442000,0.2,0.2,0.18,16619000,-35072000,16650000,-1198000,18379000,35072000,17.72,19.69,15.75,0.0517,0.022,17.05,1.05,19.91,3.58,0.8189,0.3102,0.4295,0.0216,1.02,-0.3,1.6554
1999-06-30,61926353,61926353,1,2471516000,835545000,1423484000,518516000,1048032000,0,0,155159000,327978000,636099000,12264000,12264000,0.2,0.19,0.18,92966000,-41482000,-42636000,8565000,19577000,41466000,20.88,25.81,15.94,0.0527,0.0224,16.92,1.23,15.94,3.4,0.8029,0.3129,0.424,0.0219,1.02,0.83,1.6114
1999-03-31,61876631,61876631,1,2523983000,882490000,1473377000,559886000,1050606000,0,0,160178000,327076000,625370000,16579000,16579000,0.27,0.27,0.18,55434000,-74522000,30027000,10692000,11012000,46599000,19.16,22.19,16.13,0.0774,0.0331,16.98,1.12,10.53,3.22,0.545,0.3113,0.4162,0.0316,1.05,0.14,1.5762
1998-12-31,61876547,61876547,1,2450031000,850337000,1393950000,490423000,1056081000,0,0,150140000,325086000,653865000,13139000,13139000,0.21,0.21,0.18,106318000,-98150000,-26950000,-18586000,320000,56483000,16.94,20.25,13.63,0.1085,0.0467,17.07,0.99,7.15,3.04,0.3905,0.3078,0.431,0.0427,1.09,0.81,1.7339
1998-09-30,62112808,62112808,1,2466699000,931052000,1402421000,499252000,1064278000,0,0,145938000,340179000,616848000,13573000,13573000,0.22,0.22,0.18,73189000,-48245000,-27973000,-3197000,18906000,48245000,23.28,31.5,15.06,0.142,0.0615,17.13,1.36,8.47,2.86,0.2967,0.3196,0.4315,0.0553,1.11,0.4,1.8649
1998-06-30,62337673,62337673,1,2469771000,940372000,1406180000,502043000,1063591000,0,0,149898000,339759000,701747000,38689000,38689000,0.62,0.61,0.18,80172000,-68093000,-5673000,6118000,22103000,68093000,36.09,41.94,30.25,0.1675,0.0734,17.06,2.16,12.66,2.68,0.2488,0.3194,0.4306,0.0639,1.15,0.19,1.8731
1998-03-31,62123841,62123841,1,2425032000,940585000,1386912000,609572000,1038120000,0,0,132280000,239814000,707381000,49136000,49136000,0.79,0.78,0.18,32187000,-65014000,38773000,6161000,15985000,65014000,33.26,35.63,30.88,0.1769,0.0784,16.71,2.01,12.18,2.5,0.2373,0.231,0.4281,0.0669,1.17,-0.53,1.543
1997-12-31,62520736,62520736,1,2326550000,855171000,1294474000,579564000,1032076000,0,0,139409000,202846000,671075000,47623000,47623000,0.76,None,0.17,116763000,-140409000,2231000,-22012000,9824000,103482000,35.78,40.5,31.06,0.173,0.0772,16.51,2.24,13.79,2.32,0.2434,0.1965,0.4436,0.0655,1.18,0.21,1.4755
1997-09-30,62980440,62980440,1,2224235000,872314000,1220356000,564802000,1003879000,0,0,126502000,166627000,629900000,37790000,37790000,0.6,None,0.16,86769000,-64520000,-95000,21930000,31836000,59223000,37.75,41.5,34,0.169,0.0755,15.94,2.41,15.1,2.15,0.2484,0.166,0.4513,0.0635,1.19,0.44,1.5445
1997-06-30,62952894,62952894,1,2178645000,854494000,1193445000,567245000,985200000,0,0,127877000,142688000,676003000,44940000,44940000,0.71,None,0.17,53731000,-35091000,-19654000,-1068000,9906000,33323000,31.31,36.75,25.88,0.1679,0.0739,15.65,2.07,13.38,1.99,0.2534,0.1448,0.4522,0.0624,1.18,0.32,1.5064
1997-03-31,31242707,62485414,2,2157576000,838071000,1214824000,592052000,942752000,0,0,125526000,142806000,640584000,41066000,41066000,1.32,None,0.33,54720000,-72111000,23442000,5632000,10974000,37364000,25.13,27.63,22.63,0.1615,0.07,15.09,1.7,11.35,1.82,0.2629,0.1515,0.4369,0.06,1.17,0.28,1.4155
1996-12-31,31173585,62347170,2,2071338000,793633000,1149110000,527948000,922228000,0,0,125018000,165835000,615833000,39030000,39030000,1.25,None,0.3,131175000,-59712000,-81221000,-9967000,5342000,49887000,21.59,23.69,19.5,0.1574,0.0678,14.79,1.52,10.61,1.65,0.2708,0.1798,0.4452,0.058,1.17,1.3,1.5032
1996-09-30,31257822,62515644,2,2081214000,820312000,1194774000,631754000,886440000,0,0,128054000,140930000,581417000,31785000,31785000,1.01,None,0.3,-26515000,-65903000,100862000,8440000,15309000,29518000,19.25,20.25,18.25,0.1489,0.0635,14.18,1.39,10.52,1.5,0.2951,0.159,0.4259,0.0547,1.16,-0.9,1.2985
1996-06-30,31525125,63050250,2,2055306000,799956000,1180706000,530320000,874600000,0,0,114162000,151012000,601553000,34524000,34524000,1.1,None,0.3,51350000,-77974000,32763000,6005000,6869000,38725000,21.19,23.38,19,0.1374,0.058,13.87,1.57,11.87,1.35,0.3198,0.1727,0.4255,0.0506,1.15,0.2,1.5084
1996-03-31,31452753,62905506,2,1987711000,770849000,1139258000,487926000,848453000,0,0,102062000,151108000,595954000,33598000,33598000,1.07,None,0.3,30401000,-32598000,-4261000,-6398000,864000,32598000,21.26,23.82,18.69,0.1369,0.0571,13.49,1.63,11.81,1.2,0.3199,0.1781,0.4268,0.0495,1.16,-0.03,1.5798
1995-12-31,31396956,62793912,2,1925925000,710258000,1104747000,462363000,821178000,0,0,102854000,151154000,556345000,27803000,27803000,0.89,None,0.3,118708000,-39511000,-81182000,-2244000,7262000,39511000,20.01,21.44,18.57,0.1413,0.0578,13.08,1.56,11.31,1.05,0.3088,0.1841,0.4264,0.0504,1.15,1.26,1.5361
1995-09-30,31287961,62575922,2,1955247000,731467000,1151773000,517462000,803474000,0,0,101556000,151162000,519463000,19028000,19028000,0.6,None,0.27,23991000,-31374000,10152000,2940000,9506000,31374000,22.47,24,20.94,0.1428,0.0573,12.84,1.77,13.22,0.91,0.2994,0.1881,0.4109,0.0507,1.13,-0.12,1.4136
1995-06-30,31202512,62405024,2,1948947000,730511000,1159160000,507531000,789787000,0,0,102027000,150797000,585797000,31243000,31243000,1.01,None,0.27,57493000,-29217000,-24150000,4001000,6566000,29217000,20.57,23.32,17.82,0.1405,0.0555,12.66,1.67,13.44,0.77,0.3063,0.1909,0.4052,0.0497,1.12,0.45,1.4393
1995-03-31,31107535,62215070,2,1939926000,715676000,1174732000,523719000,765194000,0,0,102685000,150857000,568899000,34276000,34276000,1.1,None,0.27,23820000,-28722000,-4471000,-9556000,2565000,28722000,17.16,18.07,16.25,0.13,None,12.3,1.46,15.53,0.64,0.3334,0.1971,0.3944,0.0467,1.08,-0.08,1.3665
1994-12-31,31074850,62149700,2,1858734000,657180000,1125843000,478624000,732891000,0,0,91249000,150907000,503479000,25792000,25792000,0.83,None,0.25,65729000,-34870000,-29454000,1459000,12121000,34870000,17.63,19.5,15.75,0.0963,None,11.79,1.52,None,0.5,0.4527,0.2059,0.3943,0.0355,1.05,0.5,1.3731
1994-09-30,31031332,62062664,2,1857026000,653512000,1138869000,465987000,718157000,0,0,91893000,181006000,466344000,14292000,14292000,0.46,None,0.25,18132000,-27313000,15622000,6664000,10662000,27313000,17.91,19.63,16.19,None,None,11.57,1.57,None,0.38,None,0.252,0.3867,None,None,-0.15,1.4024
1994-06-30,30963948,61927896,2,1847907000,642244000,1141967000,452370000,705940000,0,0,92537000,181059000,494046000,20634000,20634000,0.67,None,0.25,36133000,-26030000,-15730000,-5590000,3998000,26030000,16.66,17.69,15.63,None,None,11.4,1.5,None,0.25,None,0.2565,0.382,None,None,0.16,1.4197
1994-03-31,30897163,61794326,2,1821612000,619344000,1133929000,448557000,687683000,0,0,93181000,181109000,466482000,7746000,7746000,0.25,None,0.25,26680000,-26008000,3618000,4304000,9588000,26008000,17.38,18.75,16,None,None,11.13,1.57,None,0.13,None,0.2634,0.3775,None,None,0.01,1.3807
1993-12-31,30857651,61715302,2,1789719000,586384000,1104407000,432413000,685312000,0,0,93825000,181158000,None,None,None,None,None,0,None,None,None,None,5284000,0,16.13,17.32,14.94,None,None,11.1,None,None,0,None,0.2643,0.3829,None,None,None,1.3561
