"Quarter end","Shares","Shares split adjusted","Split factor","Assets","Current Assets","Liabilities","Current Liabilities","Shareholders equity","Non-controlling interest","Preferred equity","Goodwill & intangibles","Long-term debt","Revenue","Earnings","Earnings available for common stockholders","EPS basic","EPS diluted","Dividend per share","Cash from operating activities","Cash from investing activities","Cash from financing activities","Cash change during period","Cash at end of period","Capital expenditures","Price","Price high","Price low","ROE","ROA","Book value of equity per share","P/B ratio","P/E ratio","Cumulative dividends per share","Dividend payout ratio","Long-term debt to equity ratio","Equity to assets ratio","Net margin","Asset turnover","Free cash flow per share","Current ratio"
2019-04-30,36026302,36026302,1,374150000,194467000,61467000,38455000,312681000,2000,0,15978000,0,98178000,13210000,13210000,0.37,0.36,0.13,8762000,-2441000,-10665000,-4417000,61370000,1570000,37.2,41.39,33,0.1391,0.1181,8.68,4.33,26.57,7.54,0.4362,0,0.8357,0.1089,1.08,0.2,5.057
2019-01-31,35960588,35960588,1,360245000,183071000,51288000,33053000,308955000,2000,0,78732000,284000,88022000,2906000,2906000,0.08,0.05,0.13,13644000,-11645000,-4975000,-2906000,65787000,2874000,39.84,46.54,33.15,0.1707,0.1456,8.59,4.63,25.38,7.41,0.3607,0.0009,0.8576,0.1274,1.14,0.3,5.5387
2018-10-31,35956251,35956251,1,361726000,194562000,52217000,35126000,309427000,82000,0,11407000,0,104833000,13032000,13032000,0.36,0.36,0.13,13656000,-3311000,-6923000,3254000,68693000,3568000,43.7,49.8,37.6,0.1942,0.165,8.61,5.2,28.38,7.28,0.3255,0,0.8554,0.1383,1.19,0.28,5.539
2018-07-31,35902427,35902427,1,355915000,188152000,53805000,37490000,302052000,58000,0,11772000,0,102684000,13721000,13721000,0.38,0.38,0.13,25049000,-4673000,-6082000,14122000,65439000,2689000,39.2,42.4,36,0.1971,0.167,8.41,4.8,28.2,7.15,0.331,0,0.8487,0.137,1.22,0.62,5.0187
2018-04-30,35885868,35885868,1,345102000,177774000,52016000,35963000,293072000,14000,0,9815000,0,111129000,22135000,22135000,0.62,0.61,0.13,13603000,3185000,-5775000,10782000,51317000,4164000,35.65,39.84,31.45,0.1825,0.1552,8.17,4.62,31.83,7.02,0.3673,0,0.8492,0.1287,1.21,0.26,4.9432
2018-01-31,35796857,35796857,1,326803000,160279000,50737000,36942000,276064000,2000,0,68791000,448000,95823000,8442000,8442000,0.24,0.22,0.13,14127000,-5598000,-5017000,3662000,40535000,-6670000,36.45,40.85,32.06,0.1508,0.128,7.71,4.81,35.39,6.89,0.4555,0.0016,0.8447,0.1087,1.18,0.58,4.3387
2017-10-31,35755646,35755646,1,320541000,153837000,49392000,35936000,271146000,3000,0,11375000,0,101349000,11997000,11997000,0.33,0.33,0.13,10973000,-14488000,-14701000,-18324000,36873000,1780000,31.25,35.8,26.7,0.1382,0.1179,7.58,4.13,36.34,6.76,0.5058,0,0.8459,0.1056,1.12,0.26,4.2809
2017-07-31,36103017,36103017,1,317196000,156109000,44125000,31777000,273067000,4000,0,11228000,0,86610000,8235000,8235000,0.23,0.23,0.13,12159000,-2753000,-5010000,4720000,55197000,2433000,33.6,37.4,29.8,0.1161,0.0998,7.56,4.53,44.8,6.63,0.61,0,0.8609,0.0957,1.04,0.27,4.9126
2017-04-30,36090556,36090556,1,316994000,155217000,49250000,36524000,267739000,5000,0,52141000,0,93535000,12348000,12348000,0.34,0.34,0.13,7702000,-2836000,-4993000,-171000,50477000,2790000,27.68,31.6,23.75,0.1034,0.0891,7.42,3.85,49.43,6.5,0.6943,0,0.8446,0.0893,1,0.14,4.2497
2017-01-31,36076259,36076259,1,301509000,138816000,42078000,28382000,259426000,5000,0,52697000,0,68915000,4438000,4438000,0.13,0.13,0.13,9951000,-888000,-4727000,4335000,50648000,895000,23.85,26.9,20.8,0.0778,0.0677,7.19,3.31,49.69,6.37,0.9296,0,0.8604,0.0728,0.93,0.25,4.891
2016-10-31,36076259,36076259,1,297335000,131427000,37373000,25239000,259957000,5000,0,53214000,0,72522000,5741000,5741000,0.16,0.16,0.13,13127000,-2114000,-4756000,6190000,46313000,1733000,22.84,25.47,20.21,0.0678,0.0594,7.21,3.19,152.27,6.24,1.0637,0,0.8743,0.0676,0.88,0.32,5.2073
2016-07-31,36076259,36076259,1,297357000,129228000,38901000,25074000,258421000,35000,0,53640000,0,67598000,4495000,4495000,0.12,0.12,0.13,14454000,-205000,-6871000,7333000,40123000,1377000,18.29,21.58,15.01,0.0219,0.0192,7.16,2.55,130.64,6.11,3.2833,0,0.8691,0.0224,0.86,0.36,5.1539
2016-04-30,36158806,36158806,1,297170000,125593000,37307000,22868000,259787000,76000,0,53958000,0,68360000,5517000,5517000,0.15,0.15,0.13,11104000,-1435000,-10797000,-992000,32790000,791000,14.87,16.86,12.88,0.02,0.0176,7.18,2.04,123.92,5.98,3.4962,0,0.8742,0.0212,0.83,0.29,5.4921
2016-01-31,36279928,36279928,1,298688000,125229000,34459000,18819000,264155000,74000,0,53628000,0,52827000,1918000,1918000,0.06,0.05,0.13,8827000,-2108000,-4819000,1495000,33782000,2275000,16.74,19.61,13.87,0.0169,0.0147,7.28,2.28,72.78,5.85,4.0255,0,0.8844,0.0185,0.8,0.18,6.6544
2015-10-31,36505845,36505845,1,301781000,126677000,34175000,19664000,267514000,92000,0,54039000,0,67611000,-6188000,-6188000,-0.17,-0.17,0.13,11480000,-3135000,-23365000,-15015000,32287000,3438000,17.65,19.53,15.77,0.031,0.0266,7.33,2.24,29.92,5.72,2.1496,0,0.8865,0.0307,0.87,0.22,6.4421
2015-07-31,37303276,37303276,1,340630000,148854000,46294000,22050000,294216000,120000,0,69346000,0,67518000,4191000,4191000,0.11,0.11,0.13,14678000,-1398000,-13456000,-150000,47302000,2333000,20.44,22.36,18.52,0.0754,0.064,7.89,2.56,29.62,5.59,0.8926,0,0.8637,0.069,0.93,0.33,6.7507
2015-04-30,37800845,37800845,1,354597000,161858000,52447000,26866000,302060000,90000,0,69951000,0,70273000,4855000,4855000,0.13,0.13,0.13,9023000,-4433000,-9044000,-4497000,47452000,5000000,19.88,22.85,16.91,0.0898,0.0759,7.99,2.48,23.12,5.46,0.7509,0,0.8518,0.0739,1.03,0.11,6.0246
2015-01-31,38049802,38049802,1,362873000,170979000,57636000,31843000,305153000,84000,0,70638000,0,89866000,6193000,6193000,0.16,0.16,0.13,14388000,-11874000,-16619000,-14409000,51949000,4244000,23.66,26.56,20.75,0.1159,0.0973,8.02,3.37,25.72,5.33,0.5875,0,0.8409,0.0839,1.16,0.27,5.3694
2014-10-31,38044464,38044464,1,317463000,179121000,50508000,30076000,266897000,58000,0,34239000,0,91292000,6783000,6783000,0.19,0.19,0.13,14657000,-5672000,-4639000,4197000,66358000,5500000,26.43,30.74,22.13,0.1299,0.1088,7.02,3.65,24.7,5.2,0.5343,0,0.8407,0.0888,1.23,0.24,5.9556
2014-07-31,36493698,36493698,1,311875000,175277000,47594000,26456000,264236000,45000,0,34934000,0,94485000,7719000,7719000,0.21,0.21,0.12,12860000,-9428000,-4612000,-1241000,62161000,4397000,31.16,34.56,27.75,0.1541,0.1283,7.24,4.38,28.59,5.07,0.4448,0,0.8472,0.0997,1.29,0.23,6.6252
2014-04-30,36430220,36430220,1,312077000,181498000,52833000,33434000,259148000,96000,0,30082000,0,102510000,11038000,11038000,0.3,0.3,0.12,18178000,-3012000,-4795000,10415000,63402000,2900000,35.17,40.06,30.29,0.1607,0.1325,7.11,5.1,30.06,4.95,0.4376,0,0.8304,0.1015,1.31,0.42,5.4285
2014-01-31,36427627,36427627,1,301819000,169405000,50357000,29819000,251362000,100000,0,30430000,0,92638000,8278000,8278000,0.23,0.22,0.12,15633000,-7096000,-4052000,4339000,52987000,6795000,37.81,42.99,32.64,0.1775,0.1454,6.9,5.59,30.25,4.83,0.4072,0,0.8328,0.1087,1.34,0.24,5.6811
2013-10-31,36407560,36407560,1,300564000,170274000,54234000,35577000,246230000,100000,0,30707000,0,104938000,12289000,12289000,0.34,0.34,0.12,7466000,-10239000,-4267000,-7069000,48648000,10160000,31.6,34.83,28.38,0.1953,0.1588,6.76,4.85,26.12,4.71,0.366,0,0.8192,0.1168,1.36,-0.07,4.7861
2013-07-31,36387282,36387282,1,290806000,165762000,53492000,34529000,237218000,96000,0,30634000,0,93421000,8333000,8333000,0.23,0.23,0.12,14838000,-5868000,-4328000,4612000,55717000,5597000,32.25,35.68,28.82,0.196,0.1577,6.52,5.06,24.81,4.59,0.3652,0,0.8157,0.1154,1.37,0.25,4.8007
2013-04-30,36361827,36361827,1,287334000,166211000,55442000,36655000,231800000,92000,0,30880000,0,103680000,14003000,14003000,0.38,0.38,0.12,14899000,-8412000,-4707000,1752000,51105000,8149000,29.75,34.04,25.46,0.2179,0.1738,6.37,4.89,20.66,4.47,0.3288,0,0.8067,0.1212,1.43,0.19,4.5345
2013-01-31,36332923,36332923,1,273210000,156748000,51763000,33061000,221346000,101000,0,30955000,0,89575000,11097000,11097000,0.31,0.3,0.1,18410000,-6965000,-10181000,1266000,49353000,6835000,25.6,28.19,23.01,0.2513,0.1961,6.09,4.35,17.66,4.35,0.2867,0,0.8102,0.1294,1.52,0.32,4.7412
2012-10-31,36320438,36320438,1,272175000,159627000,58594000,39416000,213485000,96000,0,31027000,0,97011000,10859000,10859000,0.3,0.3,0.105,13584000,-6117000,-3504000,3974000,48087000,5970000,30.7,34.61,26.78,0.2637,0.2009,5.88,5.43,20.96,4.25,0.2802,0,0.7844,0.127,1.58,0.21,4.0498
2012-07-31,36298798,36298798,1,260448000,151760000,55121000,35917000,205234000,93000,0,31245000,0,101674000,11546000,11546000,0.32,0.32,0.105,16250000,-10023000,-5619000,577000,44113000,11970000,33.16,37.73,28.59,0.2807,0.213,5.65,6.12,22.33,4.14,0.2669,0,0.788,0.1295,1.65,0.12,4.2253
2012-04-30,18136822,36273644,2,265725000,164909000,69230000,50299000,196424000,71000,0,31494000,0,117915000,19043000,19043000,1.05,1.04,0.21,28212000,-6825000,-3703000,17694000,43536000,4900000,31.86,35.56,28.16,0.302,0.2279,5.42,6.4,22.84,4.04,0.2521,0,0.7392,0.1355,1.68,0.64,3.2786
2012-01-31,18120066,36240132,2,245703000,147559000,65113000,40646000,180499000,91000,0,31686000,0,96326000,11002000,11002000,0.6,0.62,0.18,6102000,-18648000,-5824000,-18381000,25842000,6945000,29.87,34.65,25.09,0.3011,0.2287,4.98,6.26,23.16,3.93,0.2577,0,0.7346,0.1325,1.73,-0.02,3.6303
2011-10-31,18103963,36207926,2,223137000,149321000,50280000,36698000,172824000,33000,0,12515000,0,93300000,11390000,11390000,0.63,0.63,0.18,11466000,-11164000,-2963000,-2755000,44223000,11070000,27.03,32.44,21.62,0.2971,0.2273,4.77,5.95,20.79,3.84,0.2696,0,0.7745,0.132,1.72,0.01,4.0689
2011-07-31,18092240,36184480,2,211328000,146216000,47199000,33970000,164129000,0,0,12593000,0,90344000,12461000,12461000,0.69,0.68,0.18,15255000,-7144000,-3293000,4853000,46978000,7415000,27.24,29.8,24.68,0.3183,0.2429,4.54,6.38,22.89,3.75,0.7352,0,0.7767,0.1361,1.78,0.22,4.3043
2011-04-30,18079656,36159312,2,204235000,144696000,49899000,37262000,154336000,0,0,12477000,0,101541000,15716000,15716000,0.87,0.86,0.18,11008000,-3357000,-3154000,4562000,42125000,3585000,27.28,30.96,23.6,0.2981,0.2272,4.27,6.98,24.36,3.66,0.7964,0,0.7557,0.1308,1.74,0.21,3.8832
2011-01-31,18075906,36151812,2,187760000,128181000,46546000,34335000,141214000,0,0,10777000,0,70681000,7406000,7406000,0.41,0.41,0.16,15797000,-4082000,-2639000,9093000,37563000,4555000,22.4,24.8,20,0.2843,0.2167,3.91,5.94,20.74,3.57,0.8418,0,0.7521,0.1288,1.68,0.31,3.7332
2010-10-31,18056141,36112282,2,177417000,121521000,41278000,29595000,136139000,0,0,12518000,0,85823000,11833000,11833000,0.65,0.65,1.41,6472000,-3754000,-25388000,-22645000,28470000,5643000,18.02,21.05,15,0.2772,0.2133,3.77,4.35,18.87,3.49,0.866,0,0.7673,0.13,1.64,0.02,4.1061
2010-07-31,18038313,36076626,2,192997000,139497000,43585000,32073000,149412000,0,0,12664000,0,73174000,8353000,8353000,0.46,0.46,0.16,9480000,-2403000,-2922000,4143000,51115000,2189000,16.71,19.09,14.33,0.2477,0.1924,4.14,4.2,18.67,2.79,0.3142,0,0.7742,0.1256,1.53,0.2,4.3494
2010-04-30,18033849,36067698,2,190121000,137269000,46485000,35107000,143636000,0,0,12816000,0,85030000,12945000,12945000,0.72,0.72,0.16,10336000,-1179000,-2885000,6288000,46972000,1585000,14.58,15.89,13.27,0.243,0.191,3.98,3.94,18.46,2.71,0.3238,0,0.7555,0.1253,1.52,0.24,3.91
2010-01-31,18029733,36059466,2,170309000,117747000,37058000,25960000,133251000,0,0,10699000,0,55816000,5846000,5846000,0.33,0.33,0.14,7138000,-7270000,-2444000,-2578000,40684000,642000,14.3,16.59,12.02,0.2247,0.1788,3.7,3.97,18.94,2.63,0.3469,0,0.7824,0.1202,1.49,0.18,4.5357
2009-10-31,18026055,36052110,2,162620000,118380000,32787000,24699000,129833000,0,0,9083000,0,60158000,7293000,7293000,0.4,0.4,0.14,6184000,-1425000,-2522000,2230000,43262000,356000,14.22,16.21,12.23,0.2243,0.1788,3.6,4.11,18.11,2.56,1.1762,0,0.7984,0.1133,1.58,0.16,4.7929
2009-07-31,18020915,36041830,2,153006000,107267000,28175000,20277000,124831000,0,0,9092000,0,56586000,6204000,6204000,0.34,0.34,0.14,14653000,-3373000,-2559000,8763000,41032000,1199000,13.75,15.5,11.99,0.2429,0.1843,3.46,4.1,17.08,2.49,1.1247,0,0.8159,0.1108,1.66,0.37,5.2901
2009-04-30,18019796,36039592,2,153426000,107432000,32748000,25013000,120678000,0,0,9079000,0,65222000,9231000,9231000,0.51,0.51,0.13,19668000,-1328000,-2342000,16002000,32269000,1105000,10,12.32,7.68,0.2471,0.1857,3.35,3.17,11.76,2.42,1.0948,0,0.7866,0.1079,1.72,0.52,4.295
2009-01-31,18012251,36024502,2,144415000,98073000,30859000,23322000,113556000,0,0,7450000,0,59931000,4688000,4688000,0.26,0.26,1.38,12468000,-2538000,-24850000,-14927000,16267000,2362000,13.46,16.62,10.3,0.2593,0.1941,3.15,4.4,15.21,2.35,1.0362,0,0.7863,0.1099,1.77,0.28,4.2052
2008-10-31,18008206,36016412,2,167915000,121471000,57568000,49426000,110347000,0,0,8861000,0,75538000,8385000,8385000,0.47,0.46,0.13,3678000,-238000,-2323000,1058000,31194000,2150000,18.4,23.91,12.89,0.2678,0.2014,3.06,5.23,21.4,1.66,0.2809,0,0.6572,0.1153,1.75,0.04,2.4576
2008-07-31,17994519,35989038,2,161378000,115394000,34613000,26697000,126765000,0,0,8782000,0,69278000,6815000,6815000,0.38,0.38,0.13,17768000,-1495000,-4464000,11804000,30136000,2515000,17.24,19.75,14.73,0.2575,0.2034,3.52,5.01,20.77,1.6,0.2786,0,0.7855,0.1176,1.73,0.42,4.3224
2008-04-30,18044235,36088470,2,160525000,114763000,36459000,28725000,124066000,0,0,8709000,0,75166000,10882000,10882000,0.6,0.6,0.13,5123000,-2729000,-5332000,-2940000,18332000,974000,14.68,16.4,12.97,0.2592,0.2065,3.44,4.49,19.19,1.53,0.276,0,0.7729,0.1201,1.72,0.11,3.9952
2008-01-31,18106134,36212268,2,147861000,100869000,29586000,22108000,118275000,0,0,6902000,0,58359000,6021000,6021000,0.34,0.33,0.11,3221000,1021000,-2258000,1998000,21272000,1496000,17.59,21.38,13.79,0.2497,0.2005,3.27,5.58,23.14,1.47,0.2865,0,0.7999,0.1188,1.69,0.05,4.5626
2007-10-31,18119815,36239630,2,142203000,94673000,27905000,20762000,114298000,0,0,8645000,0,61842000,7398000,7398000,0.41,0.41,0.11,4588000,-1310000,-1918000,1372000,19274000,1258000,19.82,22.93,16.71,0.2598,0.2098,3.15,6.61,26.6,1.41,0.275,0,0.8038,0.1218,1.72,0.09,4.5599
2007-07-31,18094837,36189674,2,133339000,85368000,24805000,17838000,108534000,0,0,8673000,0,55653000,5843000,5843000,0.32,0.32,0.11,9604000,-1712000,-1663000,6242000,17902000,1499000,16.94,19.68,14.2,0.2667,0.2183,3,5.88,23.37,1.36,0.2659,0,0.814,0.1223,1.79,0.22,4.7857
2007-04-30,18092842,36185684,2,131323000,83189000,27091000,20285000,104232000,0,0,8642000,0,58103000,8540000,8540000,0.47,0.47,0.11,9738000,-2432000,-2431000,4877000,11660000,2382000,14.26,15.42,13.1,0.2701,0.2223,2.88,5.24,20.52,1.3,0.2593,0,0.7937,0.1219,1.82,0.2,4.101
2007-01-31,18040827,36081654,2,119764000,73219000,21496000,16464000,98268000,0,0,6604000,0,51248000,5844000,5844000,0.33,0.32,0.09,5236000,-4258000,-2748000,-1772000,6783000,2299000,15.21,17.68,12.73,0.2689,0.2215,2.72,5.68,22.2,1.25,0.2557,0,0.8205,0.117,1.89,0.08,4.4472
2006-10-31,18066142,36132284,2,113993000,69325000,17079000,15033000,96914000,0,0,8631000,9000,57435000,6968000,6968000,0.39,0.38,0.09,6372000,-4322000,-2827000,-775000,8555000,4335000,14.63,16.32,12.95,0.2749,0.2249,2.68,5.71,21.51,1.2,0.2453,0.0001,0.8502,0.1136,1.98,0.06,4.6115
2006-07-31,18068974,36137948,2,111281000,69021000,18624000,16690000,92657000,0,0,8715000,5000,50381000,5127000,5127000,0.28,0.28,0.09,10116000,-3696000,-3058000,3366000,9330000,3563000,17.15,21.35,12.95,0.2868,0.2301,2.56,6.86,25.6,1.16,0.2318,0.0001,0.8326,0.1148,2,0.18,4.1355
2006-04-30,18096799,36193598,2,114344000,74771000,23699000,21883000,90645000,0,0,8774000,9000,58465000,7502000,7502000,0.41,0.41,0.09,4589000,-6388000,-1644000,-3445000,5964000,6325000,18.34,21.08,15.61,0.2978,0.237,2.5,7.87,27.79,1.11,0.2203,0.0001,0.7927,0.1159,2.04,-0.05,3.4169
2006-01-31,18083180,36166360,2,106157000,71345000,21768000,20050000,84389000,0,0,6401000,9000,54385000,5462000,5462000,0.3,0.3,0.07,5497000,-3729000,-2062000,-306000,9409000,4949000,14.98,16.57,13.38,0.3114,0.2472,2.33,6.72,24.76,1.07,0.2084,0.0001,0.7949,0.1186,2.08,0.02,3.5584
2005-10-31,18062640,36125280,2,102175000,70317000,21742000,20269000,80433000,0,0,8813000,12000,54135000,6869000,6869000,0.38,0.37,0.07,5077000,-914000,-1638000,2537000,9715000,861000,13.44,15.99,10.88,0.306,0.2393,2.23,6.46,24,1.03,0.2091,0.0001,0.7872,0.1156,2.07,0.12,3.4692
2005-07-31,18045940,36091880,2,92575000,60436000,17512000,16110000,75063000,0,0,8873000,11000,45304000,4774000,4774000,0.26,0.26,0.07,9353000,-2195000,-1596000,5530000,7178000,2139000,11.62,13.89,9.34,0.2992,0.234,2.08,5.84,21.92,1,0.2129,0.0001,0.8108,0.1101,2.13,0.2,3.7515
2005-04-30,18052594,36105188,2,91757000,60566000,19969000,18534000,71788000,0,0,8925000,39000,50704000,7157000,7157000,0.4,0.39,0.07,1262000,-4597000,-1650000,-4971000,1648000,2409000,9.71,11.14,8.27,0.2975,0.233,1.99,5.31,20.12,0.96,0.2115,0.0005,0.7824,0.1088,2.14,-0.03,3.2678
2005-01-31,18028086,36056172,2,88509000,61592000,22427000,20950000,66082000,0,0,5933000,57000,44004000,3640000,3640000,0.2,0.19,0.05,8114000,-3610000,-2788000,1716000,6619000,3525000,11,13.47,8.53,0.2842,0.2162,1.83,6.15,23.91,0.93,0.8502,0.0009,0.7466,0.1064,2.03,0.13,2.94
2004-10-31,18033980,36067960,2,82097000,58310000,17392000,16004000,64705000,0,0,6155000,5000,48597000,5194000,5194000,0.29,0.28,0.055,1749000,-2196000,-1977000,-2424000,4903000,2211000,10.33,11.95,8.71,0.2671,0.2092,1.79,6.08,24.31,0.9,0.8981,0.0001,0.7882,0.1068,1.96,-0.01,3.6435
2004-07-31,9043370,36173480,4,74683000,51044000,13290000,11926000,61393000,0,0,7420000,20000,37077000,3642000,3642000,0.4,0.4,0.11,6471000,-1158000,-13268000,-7955000,7327000,1143000,8.13,9.71,6.54,0.246,0.1947,1.7,4.93,19.83,0.88,0.9612,0.0003,0.822,0.1071,1.82,0.15,4.2801
2004-04-30,9061321,36245284,4,85722000,62290000,26087000,24830000,59635000,0,0,7547000,39000,38408000,5415000,5415000,0.6,0.59,1.36,2537000,-667000,-1030000,840000,15282000,662000,7.71,8.59,6.83,0.2373,0.1891,1.65,4.19,20.56,0.85,0.9736,0.0007,0.6957,0.1045,1.81,0.05,2.5087
2004-01-31,9028789,36115156,4,79508000,55710000,13037000,11895000,66471000,0,0,6776000,57000,33594000,2588000,2588000,0.29,0.29,0.09,2769000,-1868000,-1723000,-822000,14442000,876000,6.79,7.62,5.95,0.2167,0.1792,1.84,3.75,18.73,0.51,0.2219,0.0009,0.836,0.0969,1.85,0.05,4.6835
2003-10-31,9025449,36101796,4,79462000,56721000,14143000,12626000,65319000,0,0,6754000,75000,36081000,3902000,3902000,0.43,0.42,0.09,2243000,-1593000,-1288000,-638000,15264000,1546000,6.09,6.87,5.31,0.2176,0.178,1.81,3.52,17.72,0.49,0.2151,0.0011,0.822,0.0975,1.83,0.02,4.4924
2003-07-31,9023191,36092764,4,74037000,51677000,11468000,9930000,62569000,0,0,6825000,98000,36110000,3163000,3163000,0.35,0.34,0.08,9544000,-338000,-1552000,7654000,15902000,475000,4.72,5.5,3.95,0.2135,0.1729,1.73,2.81,14.75,0.46,0.2131,0.0016,0.8451,0.0957,1.81,0.25,5.2041
2003-04-30,9049310,36197240,4,75870000,52917000,14890000,13484000,60980000,0,0,6906000,125000,36942000,4183000,4183000,0.46,0.45,0.08,5176000,-553000,-1592000,3031000,8248000,433000,4.26,4.75,3.78,0.2053,0.1643,1.68,2.65,14.26,0.44,0.2213,0.002,0.8037,0.0939,1.75,0.13,3.9244
2003-01-31,9048810,36195240,4,72816000,49351000,14580000,13167000,58236000,0,0,5933000,151000,28814000,2197000,2197000,0.24,0.24,0.07,1176000,-513000,-1561000,-898000,5217000,741000,3.97,4.6,3.35,0.1986,0.1575,1.61,2.53,13.57,0.42,0.2284,0.0026,0.7998,0.0925,1.7,0.01,3.7481
2002-10-31,4557240,36457920,8,72350000,48228000,15249000,13430000,57101000,0,0,5804000,183000,31423000,3210000,3210000,0.7,0.69,0.14,2616000,-6558000,-2438000,-6380000,6115000,2691000,3.21,3.5,2.91,0.2022,0.1587,1.57,2.11,11.78,0.41,0.2232,0.0032,0.7892,0.0902,1.76,-0,3.5911
2002-07-31,4574663,36597304,8,68882000,45905000,13182000,11338000,55700000,0,0,0,213000,29692000,2320000,2320000,0.51,0.49,0.14,3510000,-900000,-331000,2279000,12495000,1450000,3.15,3.61,2.69,0.1947,0.1513,1.52,2.13,11.89,0.39,0.2349,0.0038,0.8086,0.0864,1.75,0.06,4.0488
2002-04-30,4588170,36705360,8,70056000,47515000,15872000,13954000,54184000,0,0,0,247000,30974000,3458000,3458000,0.75,0.73,0.14,5433000,-1195000,-1500000,2738000,10216000,1151000,2.62,3.04,2.19,0.1954,0.1494,1.48,1.85,11.29,0.37,0.2375,0.0046,0.7734,0.0852,1.75,0.12,3.4051
2002-01-31,4593397,36747176,8,67836000,45308000,15804000,13810000,52032000,0,0,0,280000,30606000,2085000,2085000,0.45,0.43,0.12,2904000,-9918000,-2281000,-9295000,7478000,1298000,2.54,2.94,2.14,0.1756,0.1321,1.42,1.84,10.96,0.35,0.262,0.0054,0.767,0.0746,1.77,0.04,3.2808
2001-10-31,4635467,37083736,8,67497000,52556000,16301000,14450000,51196000,0,0,0,0,28780000,2510000,2510000,0.54,0.53,0.13,2555000,-2216000,-1167000,-828000,16773000,2217000,2.04,2.27,1.81,0.1754,0.1303,1.38,1.53,9.85,0.34,0.269,0,0.7585,0.0709,1.84,0.01,3.6371
2001-07-31,4625199,37001592,8,64992000,51564000,15740000,13947000,49252000,0,0,0,0,28157000,2043000,2043000,0.44,0.43,0.13,6395000,-429000,-2913000,3053000,17601000,960000,1.93,2.27,1.58,0.1609,0.1172,1.33,1.47,10.62,0.32,0.2948,0,0.7578,0.061,1.92,0.15,3.6971
2001-04-30,3125604,37507248,12,67650000,53451000,18618000,14896000,49032000,0,0,0,2000000,30972000,2209000,2209000,0.7,0.7,0.18,6642000,-589000,-2178000,3875000,14548000,619000,1.56,1.6,1.51,0.1434,0.1021,1.31,1.22,9.75,0.31,0.326,0.0408,0.7248,0.0525,1.94,0.16,3.5883
2001-01-31,3127932,37535184,12,65656000,52236000,17667000,13935000,47989000,0,0,0,2013000,34250000,1898000,1898000,0.64,0.64,0.18,891000,-191000,-1953000,-1253000,10673000,678000,1.41,1.53,1.29,0.13,0.0926,1.28,1.13,10.38,0.29,0.3598,0.0419,0.7309,0.0483,1.92,0.01,3.7485
2000-10-31,3202282,38427384,12,68335000,54840000,20333000,16519000,48002000,0,0,0,2013000,34678000,1663000,1663000,0.5,0.5,0.18,4529000,11510000,-6069000,9970000,11926000,629000,1.48,1.74,1.21,0.1132,0.0808,1.25,1.2,10.76,0.28,0.412,0.0419,0.7025,0.0443,1.82,0.1,3.3198
2000-07-31,3301107,39613284,12,70485000,52148000,21788000,17736000,48697000,0,0,0,2013000,32386000,1173000,1173000,0.34,0.34,0.17,2726000,-1055000,-1581000,90000,1956000,1180000,1.17,1.25,1.08,0.118,0.0846,1.23,0.95,8.21,0.26,0.3914,0.0413,0.6909,0.0453,1.87,0.04,2.9402
2000-04-30,3563407,42760884,12,72537000,54286000,19942000,14943000,52595000,0,0,0,3012000,31544000,1677000,1677000,0.44,0.44,0.17,1295000,-512000,-4624000,-3841000,1866000,603000,1.09,1.25,0.94,0.1236,0.0898,1.23,0.89,8.28,0.25,0.3754,0.0573,0.7251,0.0483,1.86,0.02,3.6329
2000-01-31,3720407,44644884,12,74047000,55371000,19528000,14702000,54519000,0,0,0,3024000,31475000,1253000,1253000,0.35,0.35,0.17,7610000,669000,-7129000,1150000,5707000,1020000,1.23,1.33,1.14,0.1148,0.0842,1.22,1,9.4,0.23,0.4073,0.0555,0.7363,0.0457,1.84,0.15,3.7662
1999-10-31,4051082,48612984,12,83564000,65704000,23886000,20862000,59678000,0,0,0,3024000,44971000,2254000,2254000,0.52,0.52,0.17,-420000,7521000,-4348000,2753000,4557000,745000,1.31,1.5,1.13,0.1169,0.086,1.23,1.15,10.55,0.22,0.3962,0.0507,0.7142,0.0456,1.89,-0.02,3.1495
1999-07-31,4382091,52585092,12,81555000,59644000,21793000,18736000,59762000,0,0,0,3035000,36965000,1816000,1816000,0.4,0.4,0.16,2486000,-1112000,-1625000,-251000,1804000,1092000,1.34,1.52,1.16,0.1128,0.083,1.14,1.2,11.49,0.2,0.4168,0.0508,0.7328,0.0443,1.87,0.03,3.1834
1999-04-30,4573286,54879432,12,82167000,59961000,20606000,16593000,61561000,0,0,0,3992000,34495000,1439000,1439000,0.31,0.31,0.16,699000,-755000,-3224000,-3280000,2055000,782000,1.25,1.38,1.13,0.1072,0.0788,1.12,1.12,11.54,0.19,0.4446,0.0648,0.7492,0.0425,1.85,-0,3.6136
1999-01-31,4641686,55700232,12,83674000,60861000,21381000,16792000,62293000,0,0,0,4572000,39641000,1603000,1603000,0.34,0.34,0.15,3636000,22000,-1255000,2403000,5335000,1381000,1.39,1.5,1.27,0.1003,0.0732,1.12,1.28,11.05,0.18,0.4719,0.0734,0.7445,0.0405,1.81,0.04,3.6244
1998-10-31,4694086,56329032,12,85488000,61470000,24070000,19034000,61418000,0,0,0,4512000,44787000,2053000,2053000,0.44,0.44,0.16,3024000,-506000,-1715000,803000,2932000,545000,1.46,1.61,1.3,0.1182,0.0863,1.09,1.35,12.51,0.17,0.4054,0.0735,0.7184,0.0479,1.8,0.04,3.2295
1998-07-31,4713803,56565636,12,83447000,58652000,22475000,17367000,60972000,0,0,0,4584000,36208000,1502000,1502000,0.31,0.31,0.16,4361000,-1401000,-2491000,469000,2129000,1418000,1.64,1.7,1.58,0.112,0.0822,1.08,1.52,13.86,0.15,0.4266,0.0752,0.7307,0.0462,1.78,0.05,3.3772
1998-04-30,4770803,57249636,12,85005000,60345000,23133000,22008000,61872000,0,0,0,601000,32162000,1024000,1024000,0.21,0.21,0.15,-2695000,-1242000,2747000,-1190000,1660000,1262000,1.75,1.9,1.6,0.1144,0.0844,1.08,1.65,12.73,0.14,0.4026,0.0097,0.7279,0.0476,1.77,-0.07,2.742
1998-01-31,4827907,57934884,12,82590000,57831000,21027000,19375000,61563000,0,0,0,1128000,38557000,2685000,2685000,0.55,None,0.15,4822000,-749000,-2808000,1265000,2850000,2056000,1.81,1.98,1.64,0.1347,0.0994,1.06,1.76,14.01,0.13,0.3364,0.0183,0.7454,0.0539,1.84,0.05,2.9848
1997-10-31,4858283,58299396,12,82268000,57820000,22024000,19072000,60244000,0,0,0,2216000,41321000,1641000,1641000,0.33,None,0.15,321000,-1646000,265000,-1060000,1585000,1735000,2.01,2.15,1.88,0.1287,0.0936,1.03,1.97,14.19,0.11,0.3469,0.0368,0.7323,0.0505,1.85,-0.02,3.0317
1997-07-31,4850992,58211904,12,79552000,55547000,20244000,16898000,59308000,0,0,0,2610000,34075000,1602000,1602000,0.33,None,0.13,3225000,-1043000,-1592000,590000,2645000,1211000,1.95,2.04,1.86,0.1444,0.1048,1.02,1.95,14.01,0.1,0.3052,0.044,0.7455,0.0558,1.88,0.03,3.2872
1997-04-30,4837550,58050600,12,80048000,55791000,21792000,18417000,58256000,0,0,0,2639000,35666000,2134000,2134000,0.44,None,0.13,906000,-1541000,-749000,-1384000,2055000,1539000,1.91,2,1.81,0.1461,0.1053,1,1.95,14.24,0.09,0.3047,0.0453,0.7278,0.0556,1.9,-0.01,3.0293
1997-01-31,4837250,58047000,12,80662000,56696000,23933000,20016000,56729000,0,0,0,3181000,38353000,2168000,2168000,0.45,None,0.13,3884000,-1856000,-549000,1479000,3439000,747000,1.85,1.96,1.74,0.1454,0.1045,0.98,1.99,14.8,0.08,0.3094,0.0561,0.7033,0.0551,1.9,0.05,2.8325
1996-10-31,4740706,56888472,12,73059000,51549000,20004000,16571000,53055000,0,0,0,2618000,38943000,2303000,2303000,0.48,None,0.13,408000,-736000,-641000,-969000,1960000,726000,1.71,1.9,1.52,0.1391,0.1009,0.93,1.9,14.35,0.07,0.3265,0.0493,0.7262,0.0542,1.86,-0.01,3.1108
1996-07-31,4731579,56778948,12,70584000,48674000,19255000,15758000,51329000,0,0,0,2682000,31270000,1409000,1409000,0.3,None,0.12,2853000,-1171000,-542000,1140000,2929000,1214000,1.58,1.83,1.33,0.1356,None,0.9,1.78,13.94,0.06,0.3356,0.0523,0.7272,0.053,1.84,0.03,3.0888
1996-04-30,4716502,56598024,12,69872000,47866000,19474000,15913000,50398000,0,0,0,2746000,30875000,1808000,1808000,0.38,None,0.12,-57000,-1327000,-631000,-2015000,1789000,1322000,1.45,1.56,1.33,0.1325,None,0.89,1.67,13.38,0.05,0.3398,0.0545,0.7213,0.0524,1.83,-0.02,3.008
1996-01-31,4716076,56592912,12,67553000,45695000,18402000,14771000,49151000,0,0,0,2816000,29844000,1573000,1573000,0.34,None,0.12,4192000,-1201000,-1228000,1763000,3804000,1108000,1.45,1.6,1.29,None,None,0.87,1.71,None,0.04,0.3437,0.0573,0.7276,None,None,0.05,3.0936
1995-10-31,4744358,56932296,12,68638000,47024000,20066000,15796000,48572000,0,0,0,3417000,35560000,1972000,1972000,0.41,None,0.12,2367000,-797000,-1048000,522000,2041000,806000,1.58,1.71,1.46,None,None,0.85,1.9,None,0.03,None,0.0703,0.7077,None,None,0.03,2.977
1995-07-31,4736005,56832060,12,64134000,42175000,16953000,12616000,47181000,0,0,0,3484000,27253000,1117000,1117000,0.23,None,0.105,2698000,-710000,-2062000,-74000,1519000,762000,1.68,1.73,1.63,None,None,0.83,2.05,None,0.02,None,0.0738,0.7357,None,None,0.03,3.343
1995-04-30,4735770,56829240,12,66951000,44782000,20388000,15988000,46563000,0,0,0,3547000,27787000,1535000,1535000,0.32,None,0.105,430000,-1450000,309000,-711000,1593000,1510000,1.57,1.71,1.44,None,None,0.82,None,None,0.00875,None,0.0762,0.6955,None,None,-0.02,2.801
