"Quarter end","Shares","Shares split adjusted","Split factor","Assets","Current Assets","Liabilities","Current Liabilities","Shareholders equity","Non-controlling interest","Preferred equity","Goodwill & intangibles","Long-term debt","Revenue","Earnings","Earnings available for common stockholders","EPS basic","EPS diluted","Dividend per share","Cash from operating activities","Cash from investing activities","Cash from financing activities","Cash change during period","Cash at end of period","Capital expenditures","Price","Price high","Price low","ROE","ROA","Book value of equity per share","P/B ratio","P/E ratio","Cumulative dividends per share","Dividend payout ratio","Long-term debt to equity ratio","Equity to assets ratio","Net margin","Asset turnover","Free cash flow per share","Current ratio"
2019-06-30,101197031,101197031,1,1688050000,338372000,573534000,151809000,710540000,403976000,0,1148063000,125000000,321479000,62724000,60320000,0.62,0.62,0.27,95665000,-16089000,-31590000,45476000,180564000,3804000,31.59,33.77,29.4,0.3136,0.1492,7.02,4.49,14.9,21.41,0.4755,0.1759,0.4209,0.1842,0.78,0.91,2.2289
2019-03-31,101226123,101226123,1,1635176000,278351000,551237000,131692000,711539000,372400000,0,1156809000,130000000,307050000,54546000,52411000,0.54,0.54,0.27,16758000,-5441000,-35919000,-22338000,135088000,5060000,27.59,30.58,24.59,0.2757,0.1435,7.03,4.12,12.66,21.14,0.5281,0.1827,0.4351,0.1749,0.79,0.12,2.1137
2018-12-31,100801549,100801549,1,1543683000,304101000,504049000,181180000,674608000,365026000,0,1149247000,135000000,307216000,61536000,59720000,0.61,0.61,0.27,119912000,-11014000,-63884000,45014000,157426000,5374000,24.66,27.18,22.14,0.2776,0.1579,6.69,3,8.62,20.87,0.505,0.2001,0.437,0.1864,0.81,1.14,1.6784
2018-09-30,100500180,100500180,1,1523657000,271622000,503549000,164301000,827364000,192744000,0,1160824000,160000000,308616000,59608000,56773000,0.59,0.59,0.27,-50016000,-157932000,-50284000,-258232000,117523000,6503000,23.77,25.48,22.06,0.3554,0.2207,8.23,3.08,8.4,20.6,0.3765,0.1934,0.543,0.2519,0.84,-0.56,1.6532
2018-06-30,100772162,100772162,1,1276315000,484180000,456206000,135060000,778141000,41968000,0,736629000,178000000,255993000,38822000,37293000,0.38,0.38,0.27,88290000,-2404000,-36347000,49539000,375755000,2291000,28.14,33.47,22.82,0.3727,0.2334,7.72,3.7,9.44,20.33,0.3731,0.2288,0.6097,0.2566,0.87,0.85,3.5849
2018-03-31,101445577,101445577,1,1235327000,441013000,407053000,99635000,770966000,57308000,0,736772000,165000000,263852000,60331000,57956000,0.6,0.6,0.25,48096000,-3089000,-35600000,9407000,326216000,3106000,33.91,36.76,31.07,0.412,0.2523,7.6,4.5,11.82,20.06,0.3487,0.214,0.6241,0.2654,0.91,0.44,4.4263
2017-12-31,100993808,100993808,1,1231410000,437274000,440032000,128849000,761215000,30163000,0,736915000,170000000,278312000,131810000,126733000,1.29,1.29,0.25,79654000,109996000,-34796000,154854000,316264000,3008000,33.16,36.67,29.66,0.421,0.2486,7.54,5.12,15.64,19.81,0.362,0.2233,0.6182,0.2538,0.94,0.76,3.3937
2017-09-30,100902690,100902690,1,1181508000,385689000,498720000,115814000,653797000,28991000,0,737059000,350000000,278315000,56439000,54219000,0.56,0.56,0.25,91795000,-162000,-45391000,46242000,161410000,3330000,28.23,30.03,26.42,0.333,0.187,6.48,4.53,13.44,19.56,0.9791,0.5353,0.5534,0.1862,0.97,0.88,3.3302
2017-06-30,101454914,101454914,1,1140791000,344383000,478500000,94679000,631629000,30662000,0,737202000,178500000,272796000,53451000,51292000,0.53,0.53,0.25,65904000,2821000,-48186000,20539000,115168000,1328000,26.78,28.32,25.24,0.3275,0.1837,6.23,4.46,12.88,19.31,0.987,0.2826,0.5537,0.1824,0.97,0.64,3.6374
2017-03-31,101959188,101959188,1,1133216000,335474000,490336000,127573000,612690000,30190000,0,660040000,159375000,273501000,49641000,47677000,0.49,0.49,0.25,33024000,5314000,-48548000,-10210000,94629000,2133000,27.05,29.17,24.93,0.3218,0.1808,6.01,4.62,13.33,19.06,0.9924,0.2601,0.5407,0.1795,0.97,0.3,2.6297
2016-12-31,101706183,101706183,1,1155107000,359760000,527961000,162538000,594826000,32320000,0,660859000,165750000,289904000,56027000,54369000,0.54,0.54,1.25,77253000,-3510000,-154008000,-80265000,104839000,2448000,27.24,29.96,24.52,0.3092,0.175,5.85,4.1,14.04,18.81,1.0158,0.2787,0.515,0.176,0.96,0.74,2.2134
2016-09-30,102221183,102221183,1,1230517000,432491000,519679000,152334000,679660000,31178000,0,659189000,172125000,294620000,54925000,52890000,0.54,0.54,0.25,86366000,3779000,-58901000,31244000,185104000,3314000,30.41,33.13,27.69,0.2902,0.1668,6.65,4.69,16.71,17.56,0.5359,0.2533,0.5523,0.1757,0.91,0.81,2.8391
2016-06-30,103122637,103122637,1,1199837000,406439000,501060000,135076000,667784000,30993000,0,659189000,178500000,286738000,52709000,50591000,0.51,0.51,0.25,63507000,-4433000,-52976000,6098000,153860000,3820000,29.71,32.81,26.6,0.2791,0.1603,6.48,4.67,17.37,17.31,0.5692,0.2673,0.5566,0.1758,0.88,0.58,3.009
2016-03-31,103984987,103984987,1,1190614000,398590000,501884000,131626000,661382000,27348000,0,659315000,184875000,272109000,45258000,43437000,0.44,0.44,0.25,25645000,-4030000,-46481000,-24866000,147762000,3257000,25.96,29.16,22.76,0.2668,0.1529,6.36,4.16,16.02,17.06,0.6062,0.2795,0.5555,0.1756,0.84,0.22,3.0282
2015-12-31,103860327,103860327,1,1187203000,395828000,529497000,159208000,647816000,9890000,0,734492000,0,243639000,47610000,45832000,0.45,0.45,0.25,80961000,1578000,-51068000,31471000,172628000,1408000,29.76,32.01,27.51,0.2576,0.1475,6.24,4.87,19.32,16.81,0.6397,0,0.5457,0.1761,0.8,0.77,2.4862
2015-09-30,104112163,104112163,1,1156700000,362894000,510545000,141661000,635611000,10544000,0,659315000,0,234321000,44131000,42440000,0.42,0.42,0.25,79643000,-2161000,-45412000,32070000,141157000,1388000,31.41,34.53,28.28,0.2492,0.142,6.11,5.21,21.22,16.56,0.673,0,0.5495,0.1726,0.79,0.75,2.5617
2015-06-30,104641468,104641468,1,1142821000,346175000,498576000,123820000,631000000,13245000,0,659237000,0,228127000,41759000,40098000,0.4,0.4,0.25,57917000,-3197000,-37466000,17254000,109087000,2222000,34.49,35.75,33.23,0.2429,0.1352,6.03,5.84,24.12,16.31,0.7024,0,0.5521,0.1688,0.77,0.53,2.7958
2015-03-31,104998515,104998515,1,1119107000,322891000,490097000,114346000,620074000,8936000,0,658837000,0,220522000,36307000,34829000,0.35,0.35,0.25,14663000,-1951000,-36146000,-23434000,91833000,1008000,32.93,35.6,30.26,0.2395,0.132,5.91,5.66,23.19,16.06,0.7258,0,0.5541,0.1663,0.76,0.13,2.8238
2014-12-31,104804024,104804024,1,1140519000,342055000,527170000,149321000,609494000,3855000,0,733847000,0,217858000,39613000,38124000,0.37,0.37,0.25,80792000,-6639000,-49351000,24802000,115267000,4599000,30.48,33.96,26.99,0.2423,0.1317,5.82,5.36,21.31,15.81,0.7311,0,0.5344,0.1669,0.76,0.73,2.2907
2014-09-30,104598597,104598597,1,1191618000,395187000,517574000,137581000,595072000,78972000,0,658837000,0,216915000,37560000,36093000,0.36,0.36,0.25,46452000,12662000,-29730000,29384000,90465000,1894000,29.65,31.5,27.8,0.2494,0.1331,5.69,5.29,20.73,15.56,0.7234,0,0.4994,0.1693,0.76,0.43,2.8724
2014-06-30,104897526,104897526,1,1105138000,308723000,500304000,118722000,587249000,17585000,0,658837000,0,212981000,36869000,35389000,0.35,0.35,0.25,47488000,-15354000,-42628000,-10494000,61081000,1145000,29.15,31.48,26.82,0.2546,0.1335,5.6,5.32,19.83,15.31,0.7225,0,0.5314,0.1705,0.75,0.44,2.6004
2014-03-31,105104309,105104309,1,1094873000,300360000,502353000,186180000,575796000,16724000,0,658743000,0,211496000,35194000,33807000,0.34,0.34,0.25,17750000,-7087000,-43531000,-32868000,71575000,1212000,28.41,31.2,25.63,0.2669,0.1355,5.48,5.25,18.45,15.06,0.6981,0,0.5259,0.1724,0.76,0.16,1.6133
2013-12-31,104735483,104735483,1,1135797000,339318000,553936000,214205000,566119000,15742000,0,735345000,0,214721000,41071000,39628000,0.36,0.38,0.25,138765000,9279000,-121863000,26181000,104443000,1537000,27.24,28.98,25.5,0.2878,0.1411,5.41,5.18,16.92,14.81,0.6572,0,0.4984,0.1777,0.76,1.31,1.5841
2013-09-30,104594621,104594621,1,1183103000,394869000,542743000,176232000,550191000,90169000,0,649014000,0,211866000,37704000,36278000,0.36,0.36,0.25,54728000,-36093000,-27767000,-9132000,78262000,2793000,28.79,30.87,26.71,0.3099,0.15,5.26,5.63,16.08,14.56,1.5936,0,0.465,0.179,0.8,0.5,2.2406
2013-06-30,104639721,104639721,1,1142206000,351238000,537544000,146326000,534801000,69861000,0,648824000,0,223806000,40408000,38869000,0.39,0.39,0.24,47706000,20252000,-36991000,30967000,87394000,2903000,25.5,29.08,21.92,0.3323,0.165,5.11,5.15,14.25,14.31,1.4317,0,0.4682,0.1927,0.82,0.43,2.4004
2013-03-31,104792754,104792754,1,1137268000,346247000,538285000,137541000,518937000,80046000,0,648824000,0,227972000,42994000,41337000,0.41,0.41,0.24,19773000,4451000,-35382000,-11158000,56427000,3083000,23,25.32,20.68,0.3248,0.1643,4.95,4.85,12.85,14.07,1.4305,0,0.4563,0.1911,0.82,0.16,2.5174
2012-12-31,104428704,104428704,1,1090061000,300062000,586117000,181134000,495432000,8512000,0,727857000,0,244825000,49580000,46147000,0.45,0.45,1.75,76450000,169000,-192518000,-115899000,67585000,2200000,20.88,23.48,18.28,0.3168,0.1632,4.74,3.5,12.5,13.83,1.4341,0,0.4545,0.19,0.82,0.71,1.6566
2012-09-30,103918676,103918676,1,1204986000,414059000,581507000,166270000,619814000,3665000,0,645459000,0,238468000,55773000,53822000,0.54,0.54,0.24,156603000,-18452000,-39914000,98237000,183484000,2791000,20.81,22.31,19.32,0.2945,0.1502,5.96,3.7,13.87,12.08,0.5856,0,0.5144,0.1859,0.79,1.48,2.4903
2012-06-30,104120920,104120920,1,1162611000,377148000,574192000,162702000,585426000,2993000,0,643056000,0,232132000,40410000,38934000,0.39,0.39,0.24,53034000,19999000,-39311000,33722000,85247000,2028000,20.88,23.23,18.54,0.2765,0.1371,5.62,3.83,13.74,11.84,0.649,0,0.5035,0.1722,0.77,0.49,2.318
2012-03-31,104177913,104177913,1,1152704000,368423000,582449000,163947000,568268000,1987000,0,642679000,0,230281000,42325000,40785000,0.41,0.41,0.24,30256000,9659000,-37663000,2252000,51525000,1656000,19.67,23.89,15.45,0.2876,0.1401,5.45,3.77,13.76,11.6,0.6406,0,0.493,0.1758,0.78,0.27,2.2472
2011-12-31,103752090,103752090,1,1150856000,366511000,607673000,187356000,541959000,1224000,0,720926000,0,216407000,36942000,36942000,0.33,0.33,0.24,-31482000,-7346000,-44695000,-83523000,49273000,1427000,18.38,22.39,14.36,0.28,0.1329,5.22,3.6,11.71,11.36,0.674,0,0.4709,0.1657,0.79,-0.32,1.9562
2011-09-30,103766440,103766440,1,1145181000,363315000,614558000,186227000,528851000,1772000,0,636182000,0,214048000,38320000,37109000,0.37,0.37,0.24,70810000,-48961000,-44301000,-22452000,132796000,1433000,20.27,24.54,16.01,0.3051,0.1411,5.1,4,12.51,11.12,0.634,0,0.4618,0.1707,0.81,0.67,1.9509
2011-06-30,104289230,104289230,1,1120173000,344787000,590176000,155205000,528379000,1618000,0,635944000,0,225777000,42413000,41001000,0.41,0.41,0.24,27662000,-4773000,-44466000,-21577000,155248000,3530000,25.27,27.11,23.43,0.3286,0.1461,5.07,5.09,15.13,10.88,0.6097,0,0.4717,0.1719,0.84,0.23,2.2215
2011-03-31,104609335,104609335,1,1126941000,353139000,603136000,166454000,518945000,4860000,0,635640000,0,238882000,33231000,33231000,0.32,0.32,0.24,46500000,-46374000,-22057000,-21931000,176825000,1857000,26.75,28.57,24.93,0.3591,0.1526,4.96,5.66,15.46,10.64,0.5842,0,0.4605,0.1778,0.86,0.43,2.1215
2010-12-31,104046459,104046459,1,1153504000,373170000,659789000,214352000,491799000,1916000,0,635313000,0,245316000,46401000,46401000,0.47,0.47,0.24,44956000,-39332000,-29552000,-23928000,198756000,2744000,24.89,27.02,22.76,0.3986,0.1712,4.73,5.66,14.14,10.4,1.2799,0,0.4264,0.1882,0.91,0.41,1.7409
2010-09-30,102925567,102925567,1,1119142000,357282000,645779000,194252000,453260000,20103000,0,609753000,0,242173000,43056000,43056000,0.42,0.42,0.24,71259000,-13558000,-40959000,16742000,222684000,1560000,21.77,23.54,20.01,0.3976,0.1849,4.4,5.17,11.46,10.16,1.2563,0,0.405,0.1876,0.99,0.68,1.8393
2010-06-30,103057688,103057688,1,1066632000,347592000,617535000,178630000,433435000,15662000,0,588874000,0,231484000,47650000,47650000,0.46,0.46,0.24,66313000,-88235000,186291000,164369000,205942000,2437000,24,27.32,20.67,0.4183,0.2136,4.21,5.91,12.24,9.92,1.1665,0,0.4064,0.1918,1.11,0.62,1.9459
2010-03-31,103231016,103231016,1,845483000,120042000,408947000,248656000,418955000,17581000,0,664056000,0,232970000,42007000,42007000,0.38,0.38,1.5,33419000,-3305000,-78993000,-48879000,41573000,-2169000,26,28.14,23.85,0.422,0.2345,4.06,5.07,13.54,9.68,1.1338,0,0.4955,0.1838,1.28,0.34,0.4828
2009-12-31,102969137,102969137,1,912433000,184787000,369705000,196998000,528207000,14521000,0,662996000,0,264810000,49563000,49563000,0.51,0.5,0.24,73857000,-16242000,-28164000,29451000,90452000,16246000,26.54,28.31,24.76,0.4084,0.23,5.13,5.48,13.61,8.18,0.5002,0,0.5789,0.1678,1.37,0.56,0.938
2009-09-30,102443237,102443237,1,849241000,134717000,344181000,182676000,495829000,9231000,0,656807000,0,293603000,56986000,56986000,0.56,0.56,0.24,88076000,-5453000,-64746000,17877000,61001000,2296000,24.93,27.5,22.35,0.4421,0.2401,4.84,5.46,12.78,7.94,0.4877,0,0.5838,0.1665,1.44,0.84,0.7375
2009-06-30,102874818,102874818,1,835289000,121837000,361163000,188228000,470118000,4008000,0,651973000,0,306894000,53274000,53274000,0.52,0.52,0.24,56942000,-22099000,-43340000,-8497000,43124000,1928000,23.96,26.85,21.08,0.4675,0.2445,4.57,5.62,11.92,7.7,1.8853,0,0.5628,0.1642,1.49,0.53,0.6473
2009-03-31,102866343,102866343,1,834358000,125554000,392346000,212789000,438414000,3598000,0,643086000,0,310643000,37469000,37469000,0.34,0.34,0.24,55714000,-7773000,-41758000,6183000,51621000,5740000,19.66,23.21,16.1,0.4419,0.2471,4.26,4.75,8.86,7.46,1.8397,0,0.5255,0.1676,1.47,0.49,0.59
2008-12-31,102277207,102277207,1,846610000,116832000,422040000,217838000,423374000,1196000,0,657321000,0,301768000,54262000,54262000,0.54,0.53,0.24,94078000,-77512000,-16009000,557000,45438000,1632000,22.7,29.59,15.8,0.4405,0.2665,4.14,5.93,10.32,7.22,1.6746,0,0.5001,0.1833,1.45,0.9,0.5363
2008-09-30,101811745,101811745,1,775315000,122651000,384015000,175807000,389794000,1506000,0,576978000,0,305913000,56211000,56211000,0.57,0.56,3,78920000,-38687000,-136379000,-96146000,44881000,2162000,26.9,36.63,17.17,0.4073,0.2651,3.83,4.43,12.17,6.98,1.672,0,0.5028,0.1822,1.46,0.75,0.6976
2008-06-30,101006196,101006196,1,877309000,223020000,263276000,177176000,612680000,1353000,0,570352000,0,310306000,58025000,58025000,0.58,0.58,0.24,60167000,-18772000,-70821000,-29426000,141027000,2104000,36.88,41.45,32.3,0.3838,0.2659,6.07,6.15,17,3.98,0.3941,0,0.6984,0.1865,1.43,0.57,1.2587
2008-03-31,101945772,101945772,1,867046000,235573000,254360000,163073000,611271000,1415000,0,539245000,0,305693000,55819000,55819000,0.56,0.55,0.21,75611000,8800000,-34308000,50103000,170453000,2230000,40.52,45.01,36.03,0.3887,0.2657,6,7.18,19.11,3.74,0.3872,0,0.705,0.1895,1.4,0.72,1.4446
2007-12-31,101744511,101744511,1,840971000,206291000,263384000,164571000,574015000,3572000,0,534603000,0,300735000,52704000,52704000,0.5,0.51,0.21,98874000,-4578000,-31009000,63287000,120350000,4166000,39.81,43.35,36.28,0.3966,0.2663,5.64,7.51,18.78,3.53,0.3812,0,0.6826,0.1929,1.38,0.93,1.2535
2007-09-30,101730402,101730402,1,788250000,142463000,246318000,135652000,539449000,2483000,0,534816000,0,285965000,57727000,57727000,0.57,0.57,0.21,93062000,-51094000,-90372000,-48404000,57063000,1357000,35.45,40.58,30.31,0.4059,0.2695,5.3,6.58,17.9,3.32,0.3677,0,0.6844,0.2007,1.34,0.9,1.0502
2007-06-30,103010379,103010379,1,839023000,184716000,282354000,157318000,555220000,1449000,0,529881000,0,276530000,55277000,55277000,0.54,0.54,0.21,63207000,-24841000,-44290000,-5924000,105467000,816000,38.91,41.42,36.39,0.3842,0.2523,5.39,7.63,20.37,3.11,0.3774,0,0.6617,0.1971,1.28,0.61,1.1742
2007-03-31,102992474,102992474,1,798868000,182827000,271463000,132363000,524752000,2653000,0,487413000,0,264414000,51763000,51763000,0.51,0.5,0.18,71856000,-9711000,-69475000,-7330000,111391000,1350000,35.88,38.4,33.37,0.3814,0.2506,5.1,7.02,19.29,2.9,0.3742,0,0.6569,0.1997,1.26,0.68,1.3813
2006-12-31,103560916,103560916,1,810294000,182051000,280037000,131907000,529375000,882000,0,488650000,0,259736000,53278000,53278000,0.49,0.51,0.18,120207000,-2393000,-74787000,43027000,118721000,815000,33.94,35.43,32.44,0.3703,0.2388,5.11,6.67,18.55,2.72,0.3668,0,0.6533,0.202,1.18,1.15,1.3801
2006-09-30,105033466,105033466,1,816003000,176697000,280755000,119492000,534498000,750000,0,489709000,0,243935000,45609000,45609000,0.44,0.43,0.18,74565000,-97249000,-50602000,-73286000,75694000,907000,32.16,34.75,29.56,0.3657,0.231,5.09,6.58,16.16,2.54,0.3561,0,0.655,0.2045,1.13,0.7,1.4787
2006-06-30,105338014,105338014,1,776355000,242362000,261272000,97175000,514884000,199000,0,376449000,0,236406000,49921000,49921000,0.47,0.47,0.18,27912000,-40478000,-96117000,-108683000,148980000,2636000,34.51,39.31,29.71,0.4042,0.2399,4.89,6.62,18.45,2.36,0.3129,0,0.6632,0.2239,1.07,0.24,2.4941
2006-03-31,106847378,106847378,1,909777000,362568000,352026000,176957000,557157000,594000,0,377452000,0,238781000,48921000,48921000,0.46,0.45,0.15,71034000,-9030000,-50187000,11817000,257663000,382000,38.27,40.17,36.36,0.3921,0.2157,5.21,7.55,25.86,2.18,0.3175,0,0.6124,0.2146,1.01,0.66,2.0489
2005-12-31,106627256,106627256,1,896621000,346423000,355039000,166300000,540329000,1253000,0,370026000,0,240705000,51827000,51827000,0.45,0.48,0.15,-22703000,6137000,-32595000,-49161000,245846000,193000,35.35,37.85,32.85,0.3308,0.1687,5.07,7.44,27.4,2.03,0.3836,0,0.6026,0.1763,0.96,-0.21,2.0831
2005-09-30,107187148,107187148,1,991355000,371967000,482232000,192816000,508659000,464000,0,337168000,0,241359000,63667000,63667000,0.6,0.59,0.15,92770000,-8659000,-27685000,56426000,295007000,1785000,31.65,33.65,29.65,0.3023,0.1454,4.75,7.43,28.01,1.88,0.4235,0,0.5131,0.1611,0.9,0.85,1.9291
2005-06-30,107229130,107229130,1,951496000,318751000,494843000,194695000,456315000,338000,0,337225000,0,221254000,37761000,37761000,0.36,0.35,0.15,53444000,-57351000,-31224000,-35131000,238581000,-482000,28.58,30.12,27.03,0.2745,0.1312,4.26,7.04,23.05,1.73,0.4391,0,0.4796,0.1482,0.89,0.5,1.6372
2005-03-31,106584282,106584282,1,960578000,331856000,527282000,210320000,432590000,706000,0,320882000,0,205898000,7028000,7028000,0.07,0.06,0.125,62495000,-1481000,-43515000,17499000,273712000,845000,28.9,30,27.8,0.3045,0.147,4.06,6.75,17.62,1.58,0.3608,0,0.4503,0.1653,0.89,0.58,1.5779
2004-12-31,106899711,106899711,1,954688000,322500000,496349000,175367000,457753000,586000,0,311974000,0,201559000,31746000,31746000,0.3,0.29,0.13,95416000,-980000,-45509000,48927000,256213000,650000,29.41,31.74,27.07,0.4005,0.1946,4.28,6.95,17,1.45,0.2489,0,0.4795,0.2139,0.91,0.89,1.839
2004-09-30,107454987,107454987,1,901147000,284011000,446184000,122164000,454501000,462000,0,235654000,0,205189000,47051000,47051000,0.43,0.43,0.102,84372000,-1116000,-65722000,17534000,207286000,1574000,28.53,30.34,26.72,0.4399,0.2107,4.23,6.91,16.21,1.32,0.2076,0,0.5044,0.205,1.03,0.77,2.3248
2004-06-30,108405107,108405107,1,896417000,265689000,448022000,116271000,448054000,341000,0,236483000,0,213084000,50649000,50649000,0.47,0.46,0.102,50698000,-68299000,-61912000,-79513000,189752000,1855000,30.08,32.45,27.7,0.474,0.2382,4.13,7.23,17.29,1.22,0.1947,0,0.4998,0.2142,1.11,0.45,2.2851
2004-03-31,108102057,108102057,1,972829000,326732000,522910000,173866000,449208000,711000,0,238017000,0,227132000,51733000,51733000,0.48,0.46,0.085,66559000,-1418000,-28340000,36801000,269265000,1388000,31.29,33.79,28.78,0.5096,0.2694,4.16,8.6,18.3,1.12,0.1785,0,0.4618,0.2209,1.22,0.6,1.8792
2003-12-31,108659957,108659957,1,879228000,291332000,482815000,130401000,395853000,560000,0,172689000,0,292268000,42774000,42774000,0.4,0.38,0.08,73323000,-782000,-12452000,60089000,232464000,1124000,29.2,31.9,26.5,0.5519,0.3186,3.64,8.77,16.69,1.03,0.1658,0,0.4502,0.2326,1.37,0.66,2.2341
2003-09-30,108664758,108664758,1,544933000,220613000,182758000,98268000,361688000,487000,0,173521000,0,182980000,50940000,50940000,0.48,0.46,0.085,82840000,-5572000,-22487000,54781000,172375000,3561000,28.95,30.94,26.96,0.5931,0.3846,3.33,9.81,16.83,0.95,0.1501,0,0.6637,0.2804,1.37,0.73,2.245
2003-06-30,108615558,108615558,1,490704000,165632000,170369000,86068000,319922000,413000,0,174401000,0,178042000,49060000,49060000,0.46,0.44,0.07,42018000,-760000,-41698000,-440000,117594000,746000,26.97,28.7,25.24,0.605,0.3908,2.95,9.46,15.59,0.87,0.1369,0,0.652,0.2828,1.38,0.38,1.9244
2003-03-31,109034521,109034521,1,489502000,162354000,178842000,96628000,310441000,219000,0,175286000,0,169958000,48711000,48711000,0.44,0.43,0.057,50636000,-802000,-81709000,-31875000,118034000,839000,25.84,27.83,23.85,0.6273,0.4044,2.85,8.36,14.85,0.8,0.129,0,0.6342,0.2862,1.41,0.46,1.6802
2002-12-31,110161721,110161721,1,530007000,199688000,188710000,107920000,340717000,580000,0,176171000,0,173833000,48899000,48899000,0.43,0.42,0.06,68640000,-2494000,-38975000,27171000,149909000,2212000,25.97,28.51,23.43,0.6633,0.4154,3.09,8.99,15.74,0.74,0.122,0,0.6429,0.2866,1.45,0.6,1.8503
2002-09-30,113656571,113656571,1,502233000,165993000,172989000,95562000,328789000,455000,0,238325000,0,173235000,49927000,49927000,0.45,0.43,0.057,69580000,-3281000,-19835000,46464000,122738000,3117000,30.31,36.18,24.45,0.6953,0.4198,2.89,11.7,19.18,0.68,0.1226,0,0.6547,0.2718,1.54,0.58,1.737
2002-06-30,114202971,114202971,1,457901000,119864000,161352000,86427000,296242000,307000,0,240463000,0,182381000,52611000,52611000,0.47,0.45,0.057,46050000,-33481000,-20919000,-8350000,76274000,1184000,32.9,35.75,30.05,0.7379,0.3613,2.59,14.3,22.08,0.62,0.121,0,0.647,0.2596,1.39,0.39,1.3869
2002-03-31,114359371,114359371,1,472072000,131284000,209052000,135812000,263108000,-88000,0,243255000,0,181620000,52323000,52323000,0.46,0.44,0.046,38037000,2527000,-29451000,11113000,84624000,694000,32.31,34.62,30.01,0.7589,0.3062,2.3,15.61,23.08,0.57,0.1214,0,0.5573,0.2467,1.24,0.33,0.9667
2001-12-31,114700871,114700871,1,431553000,122309000,194093000,125108000,237097000,363000,0,211893000,0,182332000,40738000,40738000,0.36,0.33,0.05,59001000,46385000,-120866000,-15480000,73511000,1869000,28.82,32,25.65,0.7937,0.262,2.07,14.7,20.44,0.52,0.1235,0,0.5494,0.2353,1.11,0.5,0.9776
2001-09-30,116200141,116200141,1,729547000,193734000,501975000,128206000,227332000,240000,0,216088000,0,181167000,43191000,43191000,0.37,0.36,0.046,106051000,-27247000,-49196000,29608000,88991000,1906000,28.85,32.8,24.91,0.8887,0.2373,1.96,15.59,20.91,0.47,0.1169,0,0.3116,0.2398,0.99,0.9,1.5111
2001-06-30,117332841,117332841,1,706779000,147598000,490079000,98649000,216586000,114000,0,46977000,0,180864000,42874000,42874000,0.37,0.36,0.046,47361000,-172796000,-38214000,-163649000,59383000,1512000,29.76,32.77,26.75,0.9963,0.2349,1.85,20.81,22.55,0.42,0.1131,0,0.3064,0.238,0.99,0.39,1.4962
2001-03-31,117040641,117040641,1,703551000,303792000,535546000,115180000,167914000,91000,0,45003000,0,171414000,41644000,41644000,0.36,0.35,0.037,68233000,50053000,-45174000,73112000,223032000,1759000,27.3,31.3,23.31,None,0.2285,1.43,21.5,21.5,0.38,0.1112,0,0.2387,0.2332,0.98,0.57,2.6375
2000-12-31,116466611,116466611,1,704750000,284547000,556344000,115522000,147868000,538000,0,46977000,0,170508000,41070000,41070000,0.36,0.34,0.04,66648000,-10383000,-43594000,12671000,149920000,4077000,27.19,31.69,22.69,None,0.2221,1.27,24.06,22.47,0.34,0.1077,0,0.2098,0.2282,0.97,0.54,2.4631
2000-09-30,117299309,117299309,1,704796000,268481000,571833000,112927000,132491000,472000,0,32843000,0,173100000,40012000,40012000,0.34,0.33,0.037,49273000,-15446000,-18581000,15246000,137249000,4129000,24.41,27.44,21.38,None,0.2167,1.13,25.97,21.79,0.3,0.1021,0,0.188,0.2245,0.97,0.38,2.3775
2000-06-30,118471609,118471609,1,676398000,248816000,565225000,108557000,110776000,397000,0,33569000,0,168287000,36630000,36630000,0.31,0.3,0.037,17346000,-27313000,-55090000,-65057000,122003000,2432000,20.63,23.75,17.5,None,0.2088,0.94,19.65,19.59,0.26,0.1024,0,0.1638,0.2181,0.96,0.13,2.292
2000-03-31,79940635,119910952,1.5,712313000,284147000,585948000,None,125937000,428000,0,39653000,0,168873000,37648000,37648000,0.47,0.45,0.042,36574000,-3666000,-17338000,15570000,187060000,1519000,15.52,18.58,12.46,None,0.203,1.05,15.84,16.17,0.23,0.1008,0,0.1768,0.2146,0.95,0.29,None
1999-12-31,80745035,121117552,1.5,673193000,284147000,553785000,115472000,118812000,596000,0,32934000,0,157456000,35618000,35618000,0.44,0.42,0.04,49372000,-1446000,-23411000,24515000,171490000,1848000,12.19,14.13,10.25,None,0.1939,0.98,13.7,13.75,0.2,0.1088,0,0.1765,0.2063,0.94,0.39,2.4607
1999-09-30,82810150,124215225,1.5,639847000,254844000,529317000,87422000,110077000,453000,0,33503000,0,152197000,31164000,31164000,0.38,0.36,0.042,44928000,-13571000,-40639000,-9282000,146975000,1567000,12.15,13.21,11.09,None,0.187,0.89,12.4,14.7,0.17,0.1189,0,0.172,0.1974,0.95,0.35,2.9151
1999-06-30,84273450,126410175,1.5,633889000,254318000,509688000,76628000,123875000,326000,0,34072000,0,150178000,30517000,30517000,0.36,0.35,0.042,18375000,-36222000,-5207000,-23054000,156257000,8853000,11.5,12.42,10.59,None,None,0.98,13.69,15.27,0.14,0.1254,0,0.1954,0.1907,0.96,0.08,3.3189
1999-03-31,85484850,128227275,1.5,611195000,262844000,503280000,82833000,107280000,635000,0,34641000,0,141267000,26721000,26721000,0.31,0.31,0.038,19470000,-27485000,1745000,-6270000,179311000,1176000,11.61,13.17,10.04,None,None,0.84,16.83,16.28,0.12,0.1348,0,0.1755,0.1817,0.98,0.14,3.1732
1998-12-31,85990250,128985375,1.5,580020000,242260000,490643000,86328000,88706000,671000,0,35210000,0,140251000,26850100,26850100,0.32,0.31,0.04,17549000,-10847000,10844000,17546000,185581000,3913000,10.1,12.87,7.33,None,None,0.69,20.2,None,0.09,0.1277,0,0.1529,None,None,0.11,2.8063
1998-09-30,86294250,129441375,1.5,537158000,212959000,471891000,88071000,64791000,476000,0,35779000,0,133068000,23610000,23610000,0.28,0.27,0.038,23986000,-5861000,17000000,35125000,168035000,2010000,10.38,12.17,8.59,None,None,0.5,30.53,None,0.06,None,0,0.1206,None,None,0.17,2.418
1998-06-30,86343000,129514500,1.5,479439000,173415000,435144000,73108000,43935000,360000,0,36232000,0,126216000,21071900,21071900,0.25,0.24,0.038,5355000,670000,66964000,72989000,132910000,709000,12.07,13.46,10.67,None,None,0.34,None,None,0.04,None,0,0.0916,None,None,0.04,2.372
1998-03-31,86343000,129514500,1.5,388890000,102312000,409059000,73155000,-20769000,600000,0,11634000,0,122592000,20837000,20837000,0.25,0.25,0.0208,13173000,3954000,19882000,37009000,59921000,894000,None,None,None,None,None,-0.16,None,None,0.013867,None,None,None,None,None,0.09,1.3986
