"Quarter end","Shares","Shares split adjusted","Split factor","Assets","Current Assets","Liabilities","Current Liabilities","Shareholders equity","Non-controlling interest","Preferred equity","Goodwill & intangibles","Long-term debt","Revenue","Earnings","Earnings available for common stockholders","EPS basic","EPS diluted","Dividend per share","Cash from operating activities","Cash from investing activities","Cash from financing activities","Cash change during period","Cash at end of period","Capital expenditures","Price","Price high","Price low","ROE","ROA","Book value of equity per share","P/B ratio","P/E ratio","Cumulative dividends per share","Dividend payout ratio","Long-term debt to equity ratio","Equity to assets ratio","Net margin","Asset turnover","Free cash flow per share","Current ratio"
2013-09-27,355740338,355740338,1,1518600000,1121900000,523200000,459100000,995400000,0,0,123400000,0,198500000,-9800000,-9800000,-0.03,-0.03,0,14600000,34300000,-100000,49300000,316500000,5200000,2.24,2.5,1.98,-0.0943,-0.062,2.8,0.8,None,1.24,None,0,0.6555,None,0.55,0.03,2.4437
2013-06-28,355656364,355656364,1,1539100000,1139500000,539900000,475800000,999200000,0,0,124400000,0,212100000,-7800000,-7800000,-0.02,-0.02,0,-16800000,-79400000,-4800000,-103100000,267200000,4500000,2.08,2.27,1.9,-0.0791,-0.0539,2.81,0.73,None,1.24,None,0,0.6492,None,0.55,-0.06,2.3949
2013-03-29,355581451,355581451,1,1545200000,1130200000,534000000,467500000,1011200000,0,0,125300000,0,209400000,-55900000,-55900000,-0.16,-0.16,0,-5400000,179100000,-27000000,146600000,370300000,3100000,2.19,2.38,2,-0.0692,-0.0485,2.84,0.71,None,1.24,None,0,0.6544,None,0.55,-0.02,2.4175
2012-12-28,356185970,356185970,1,1638100000,1189700000,536800000,469600000,1101300000,0,0,126500000,0,242200000,-23300000,-23300000,-0.07,-0.07,1.02,40600000,418500000,-375000000,88800000,223700000,14600000,2.96,3.63,2.3,-0.1232,-0.0878,3.09,0.73,None,1.24,None,0,0.6723,None,0.54,0.07,2.5334
2012-09-28,367528886,367528886,1,2023700000,1580300000,538400000,467900000,1485300000,0,0,127500000,0,264400000,-3900000,-3900000,-0.01,-0.01,0.02,10100000,-36800000,-8000000,-31600000,134900000,6900000,3.38,3.86,2.91,-0.1009,-0.0733,4.04,0.84,None,0.22,None,0,0.734,None,0.53,0.01,3.3774
2012-06-29,367361127,367361127,1,2033200000,1580800000,558700000,485700000,1474500000,0,0,128400000,0,288100000,-4700000,-4700000,-0.01,-0.01,0.02,31900000,38000000,-8500000,53700000,166500000,4900000,3.64,4.1,3.19,-0.183,-0.1329,4.01,0.88,None,0.2,None,0,0.7252,None,0.54,0.07,3.2547
2012-03-30,366210835,366210835,1,2126200000,1652800000,612300000,536700000,1513900000,0,0,129700000,0,257900000,-139800000,-139800000,-0.38,-0.38,0.02,-37500000,23300000,-9100000,-19900000,112800000,5000000,4.08,4.41,3.75,-0.1821,-0.1332,4.13,0.91,None,0.18,None,0,0.712,None,0.53,-0.12,3.0796
2011-12-30,365119014,365119014,1,2248000000,1696800000,603300000,530000000,1644700000,0,0,179100000,0,315300000,-6000000,-6000000,-0.01,-0.01,0.02,-17300000,-35000000,-7400000,-61500000,132700000,19100000,4.26,4.75,3.78,-0.1073,-0.0792,4.5,0.93,None,0.16,None,0,0.7316,None,0.54,-0.1,3.2015
2011-09-30,364949291,364949291,1,2279700000,1721300000,602300000,528600000,1677400000,0,0,184200000,0,313800000,-138200000,-138200000,-0.36,-0.38,0.02,21500000,-21300000,-7400000,-19400000,194200000,13700000,4.17,4.68,3.67,-0.1067,-0.0784,4.6,0.83,None,0.14,None,0,0.7358,None,0.56,0.02,3.2563
2011-07-01,364884602,364884602,1,2478300000,1796900000,635200000,559900000,1843100000,0,0,291700000,0,334200000,-20100000,-20100000,-0.08,-0.06,0.02,28200000,2800000,-10000000,22900000,213600000,21700000,4.72,5.47,3.98,0.0007,0.0005,5.05,0.92,23.6,0.12,20.8534,0,0.7437,0.0009,0.58,0.02,3.2093
2011-04-01,363295297,363295297,1,2505900000,1821200000,644700000,567500000,1861200000,0,0,296700000,0,322400000,-24100000,-24100000,-0.07,-0.07,0.02,-81500000,65300000,-8600000,-18100000,190700000,10400000,6.09,7.31,4.87,0.045,0.0329,5.12,1.19,15.62,0.1,0.3449,0,0.7427,0.054,0.61,-0.25,3.2092
2010-12-31,362627751,362627751,1,2602900000,1912800000,741400000,663100000,1861500000,0,0,301600000,0,410700000,-10900000,-10900000,-0.04,-0.04,0.02,41100000,-60200000,-56500000,-77400000,208800000,24400000,7.18,8.08,6.28,0.081,0.0592,5.13,1.37,12.17,0.08,0.1926,0,0.7152,0.0947,0.62,0.05,2.8846
2010-10-01,368930314,368930314,1,2648000000,1953000000,710200000,629400000,1937800000,0,0,307300000,0,429200000,56500000,56500000,0.15,0.15,0.02,74300000,-32900000,-117800000,-64700000,286200000,17000000,7.27,8.19,6.35,0.1183,0.0868,5.25,1.43,14.25,0.06,0.0994,0,0.7318,0.141,0.62,0.16,3.103
2010-07-02,381401062,381401062,1,2646400000,1962100000,701000000,618100000,1945400000,0,0,315000000,0,422700000,64100000,64100000,0.17,0.16,0.02,110000000,41200000,-21000000,121600000,350900000,10100000,7.77,9.45,6.1,0.105,0.077,5.1,1.55,19.92,0.04,0.0761,0,0.7351,0.1274,0.6,0.26,3.1744
2010-04-02,385271273,385271273,1,2618500000,1922000000,683900000,600200000,1934600000,0,0,322800000,0,379700000,45900000,45900000,0.12,0.12,0.02,63400000,23800000,-9600000,75300000,229300000,4000000,6.73,7.78,5.68,0.0804,0.0591,5.02,1.35,23.21,0.02,0.0504,0,0.7388,0.0991,0.6,0.15,3.2023
2010-01-01,384361574,384361574,1,2622800000,1898100000,707900000,609400000,1914900000,0,0,330400000,0,389300000,62100000,62100000,0.16,0.16,0,60400000,-206100000,-21500000,-168700000,154000000,20500000,6.36,7.36,5.36,0.0604,0.0443,4.98,1.31,37.41,0,0,0,0.7301,0.0745,0.6,0.1,3.1147
2009-10-02,386183196,386183196,1,2572800000,2033400000,697100000,594100000,1875700000,0,0,148900000,0,389300000,29300000,29300000,0.07,0.07,0,66000000,106800000,-61000000,118400000,322700000,10600000,6.33,7.7,4.96,0.0345,0.0254,4.86,1.33,None,0,0,0,0.7291,0.0416,0.61,0.14,3.4227
2009-07-03,396175104,396175104,1,2549400000,2009500000,665700000,549400000,1883700000,0,0,154600000,0,385400000,15700000,15700000,0.04,0.04,0,63900000,-90800000,-800000,-21900000,204300000,6400000,5.23,6.02,4.45,-0.519,-0.3806,4.75,1.12,None,0,None,0,0.7389,None,0.62,0.15,3.6576
2009-04-03,395766656,395766656,1,2507500000,1959100000,659600000,541300000,1847900000,0,0,160400000,0,361700000,6500000,6500000,0.02,0.02,0,44100000,-190200000,-200000,-149900000,226200000,7400000,4.15,4.78,3.52,-0.4469,-0.3356,4.67,0.89,None,0,None,0,0.7369,None,0.58,0.09,3.6192
2009-01-02,395671256,395671256,1,2508200000,1935800000,661700000,540600000,1846500000,0,0,166600000,0,408300000,12800000,12800000,0.04,0.04,0,1100000,-222900000,-10700000,-230800000,376100000,16900000,3.83,4.56,3.1,-0.3959,-0.3016,4.67,0.83,None,0,None,0,0.7362,None,0.56,-0.04,3.5808
2008-09-26,398022731,398022731,1,2561300000,1973800000,713000000,580800000,1848300000,0,0,173300000,0,424100000,-998500000,-998500000,-2.51,-2.51,0,-11200000,412300000,-1200000,398300000,606900000,19800000,4.63,5.58,3.67,-0.358,-0.276,4.64,0.64,28.94,0,None,0,0.7216,None,0.53,-0.08,3.3984
2008-06-27,397570808,397570808,1,3629700000,2018300000,757800000,610900000,2871900000,0,0,1169100000,0,432500000,39000000,39000000,0.1,0.1,0,58800000,-21800000,-1200000,36500000,208600000,6900000,5.46,6.32,4.6,0.0225,0.0175,7.22,0.77,42,0,0,0,0.7912,0.0359,0.49,0.13,3.3038
2008-03-28,397419649,397419649,1,3636500000,2009700000,805200000,633000000,2831300000,0,0,1174400000,0,464100000,16600000,16600000,0.04,0.04,0,82100000,17800000,-141700000,-40900000,172100000,6200000,6.15,7.21,5.09,0.019,0.0147,7.12,0.87,41,0,0,0,0.7786,0.0291,0.51,0.19,3.1749
2007-12-28,413776721,413776721,1,3746600000,2111700000,833300000,673000000,2913300000,0,0,1177500000,0,469100000,6300000,6300000,0.01,0.01,0,7000000,100800000,-144800000,-31000000,213000000,19800000,8.12,9.68,6.55,0.0218,0.0168,7.04,1.18,38.67,0,0,0,0.7776,0.034,0.49,-0.03,3.1377
2007-09-28,439165292,439165292,1,3954900000,2312000000,920800000,704000000,3034100000,0,0,1182700000,0,457900000,3600000,3600000,0.01,0.01,0,64600000,-82800000,-700000,-18700000,244000000,11400000,11.49,13.67,9.31,0.0294,0.0224,6.91,1.68,34.82,0,0,0,0.7672,0.0462,0.48,0.12,3.2841
2007-06-29,439341114,439341114,1,3901700000,2247000000,898200000,683100000,3003500000,0,0,1186900000,0,534500000,29600000,29600000,0.07,0.07,0,32300000,80000000,1800000,113300000,262700000,14400000,10.5,11.44,9.56,0.0485,0.0371,6.84,1.55,27.63,0,0,0,0.7698,0.073,0.51,0.04,3.2894
2007-03-30,437770703,437770703,1,3892400000,2217900000,930300000,713600000,2962100000,0,0,1192200000,0,451900000,25500000,25500000,0.06,0.06,0,27500000,-13100000,-20800000,-4200000,149400000,10000000,10.41,11.11,9.72,0.057,0.044,6.77,1.55,24.21,0,0,0,0.761,0.0845,0.52,0.04,3.108
2006-12-29,437321051,437321051,1,3922400000,2232600000,984100000,762200000,2938300000,0,0,1197000000,0,454700000,29100000,29100000,0.07,0.07,0,115200000,-54900000,-32500000,29000000,153600000,16100000,10.68,11.74,9.61,0.0669,0.0523,6.72,1.62,18.74,0,0,0,0.7491,0.0951,0.55,0.23,2.9292
2006-09-29,441783822,441783822,1,3726000000,2086000000,807600000,617800000,2918400000,0,0,1210200000,0,522500000,59100000,59100000,0.13,0.13,0,85700000,-191100000,-68000000,-170600000,124600000,14100000,11.18,13.52,8.84,0.0896,0.0712,6.61,1.72,21.09,0,0,0,0.7833,0.122,0.58,0.16,3.3765
2006-06-30,447700000,447700000,1,3646000000,1995300000,736100000,554200000,2909900000,0,0,1216700000,0,549300000,53500000,53500000,0.12,0.12,0,106800000,-305600000,-5900000,-198400000,295200000,21200000,14.98,17.28,12.69,0.0852,0.0678,6.5,2.37,29.96,0,0,0,0.7981,0.1171,0.58,0.19,3.6003
2006-03-31,448100000,448100000,1,3558900000,1917500000,720900000,542900000,2838000000,0,0,1222800000,0,514700000,52400000,52400000,0.12,0.11,0,10100000,-344800000,-54600000,-387200000,493600000,12700000,13.23,16.04,10.43,0.0826,0.0654,6.33,2.12,33.92,0,0,0,0.7974,0.1159,0.56,-0.01,3.532
2005-12-30,450392827,450392827,1,3514900000,1873000000,700200000,525200000,2814700000,0,0,1229100000,0,521400000,92100000,92100000,0.21,0.21,0,117100000,112200000,3100000,240600000,880800000,26900000,10.11,11.49,8.73,0.0649,0.0511,6.25,1.68,None,0,0,0,0.8008,0.0933,0.55,0.2,3.5663
2005-09-30,448500000,448500000,1,3431000000,1775300000,726300000,511800000,2704700000,0,0,1248800000,0,463900000,41900000,41900000,0.09,0.09,0,35800000,336700000,200000,363600000,640200000,12800000,9.5,10.6,8.4,-0.0202,-0.0159,6.03,1.6,None,0,None,0,0.7883,None,0.51,0.05,3.4687
2005-07-01,447500000,447500000,1,3415000000,1735800000,755000000,529200000,2660000000,0,0,1254200000,0,462500000,41100000,41100000,0.09,0.09,0,98500000,12100000,-7600000,91700000,276600000,-2400000,7.86,9.15,6.56,-0.0194,-0.0156,5.94,1.33,None,0,None,0,0.7789,None,0.48,0.23,3.28
2005-04-01,448280559,448280559,1,3393400000,1720100000,739600000,540800000,2653800000,0,0,1240800000,0,435600000,700000,700000,0,0,0,7000000,11300000,-117300000,-108000000,184900000,8900000,8.08,9.28,6.88,-0.0168,-0.0138,5.92,1.29,None,0,None,0,0.782,None,0.46,-0,3.1807
2004-12-31,447668511,447668511,1,3522500000,1819400000,725300000,524200000,2797200000,0,0,1248300000,0,379400000,-138300000,-138300000,-0.32,-0.32,0,400000,-233200000,800000,-213400000,292900000,12200000,8.73,9.59,7.87,-0.0124,-0.0105,6.25,1.56,41.57,0,None,0,0.7941,None,0.43,-0.03,3.4708
2004-10-01,417185499,417185499,1,2680000000,1634000000,349000000,181000000,2331000000,0,0,647000000,0,284300000,45900000,45900000,0.11,0.11,0,84100000,141700000,4300000,232700000,506300000,-6500000,8.86,10.32,7.4,0.0377,0.0325,5.59,1.63,None,0,0,0,0.8698,0.0754,0.43,0.22,9.0276
2004-07-02,416213149,416213149,1,2625000000,1570000000,358000000,182000000,2267000000,0,0,649000000,0,304300000,49600000,49600000,0.12,0.12,0,70800000,-61100000,1200000,10300000,273600000,9800000,8.82,10.02,7.63,-0.0114,-0.0098,5.45,1.65,None,0,None,0,0.8636,None,0.42,0.15,8.6264
2004-04-02,415791928,415791928,1,2571000000,1492000000,346000000,173000000,2225000000,0,0,653000000,0,263800000,13000000,13000000,0.03,0.03,0,59400000,-41300000,2600000,17400000,263300000,-5600000,9.71,11.37,8.05,-0.0839,-0.0717,5.35,1.82,None,0,None,0,0.8654,None,0.39,0.16,8.6243
2004-01-02,415364767,415364767,1,2607500000,1498800000,388200000,207800000,2219300000,0,0,660100000,0,279300000,-23200000,-23200000,-0.05,-0.05,0,23800000,-38200000,2200000,4000000,245900000,-1000000,7.79,8.8,6.77,-0.1086,-0.0935,5.34,1.5,None,0,None,0,0.8511,None,0.38,0.06,7.2127
2003-09-26,417230204,417230204,1,2549900000,1420900000,378500000,201700000,2171400000,0,0,658100000,0,244500000,-64800000,-64800000,-0.16,-0.16,0,1900000,-4900000,2500000,-5500000,241800000,3000000,7.06,8.28,5.85,-0.135,-0.117,5.2,1.3,None,0,None,0,0.8516,None,0.4,-0,7.0446
2003-06-27,412895751,412895751,1,2624900000,1435300000,387500000,215000000,2237400000,0,0,662000000,0,234100000,-110700000,-110700000,-0.27,-0.27,0,135400000,-168300000,1100000,-10100000,247300000,10300000,7,8.74,5.26,-0.1441,-0.1251,5.42,1.27,None,0,None,0,0.8524,None,0.41,0.3,6.6758
2003-03-28,412270669,412270669,1,2556800000,1480600000,282700000,210300000,2274100000,0,0,526200000,0,222500000,-42900000,-42900000,-0.1,-0.1,0,-11200000,-198700000,100000,-196100000,257400000,-2800000,7.4,9.73,5.07,-0.1551,-0.135,5.52,1.34,None,0,None,0,0.8894,None,0.44,-0.02,7.0404
2002-12-27,415564779,415564779,1,2622800000,1533600000,332500000,257300000,2290300000,0,0,525700000,0,332800000,-84500000,-84500000,-0.2,-0.2,0,-17100000,-66100000,-300000,-69400000,453600000,-10200000,7.13,10.11,4.15,-0.1314,-0.114,5.51,1.26,None,0,None,0,0.8732,None,0.49,-0.02,5.9604
2002-09-27,412001439,412001439,1,2723200000,1586100000,387500000,302000000,2335700000,0,0,530700000,500000,288100000,-91100000,-91100000,-0.22,-0.22,0,29300000,57400000,800000,87100000,523000000,18300000,5.82,7.64,4,-0.1273,-0.11,5.67,0.99,None,0,None,0.0002,0.8577,None,0.52,0.03,5.252
2002-06-28,411406685,411406685,1,2805500000,1606400000,386300000,296800000,2419200000,0,0,531500000,500000,344600000,-142800000,-142800000,-0.35,-0.35,0,50800000,-191100000,600000,-92600000,435900000,16500000,8.1,10.65,5.54,-0.1075,-0.0936,5.88,1.34,None,0,None,0.0002,0.8623,None,0.57,0.08,5.4124
2002-03-29,410872795,410872795,1,2839000000,1603600000,355300000,291700000,2483700000,0,0,529300000,500000,371500000,5300000,5300000,0.01,0.01,0,114800000,-279500000,-7100000,-173400000,528500000,9500000,13.79,17.47,10.1,-0.1186,-0.1035,6.04,2.3,None,0,None,0.0002,0.8749,None,0.62,0.26,5.4974
2001-12-28,410673829,410673829,1,2865785000,1944603000,400170000,319545000,2465615000,0,0,400713000,3390000,470029000,-80307000,-80307000,-0.19,-0.19,0,111268000,86778000,-990000,181043000,701917000,23954000,None,None,None,-0.0703,-0.0617,6,None,None,0,None,0.0014,0.8604,None,0.75,0.21,6.0855
2001-09-28,409984615,409984615,1,2908057000,1972359000,335718000,275158000,2572339000,0,0,397230000,2850000,448215000,-49474000,-49474000,-0.12,-0.12,0,90409000,-6990000,572000,102723000,520874000,56002000,None,None,None,0.0517,0.0453,6.27,None,None,0,0,0.0011,0.8846,0.0484,0.93,0.08,7.1681
2001-06-29,409773339,409773339,1,2945103000,2056397000,374873000,318696000,2570230000,0,0,379284000,2850000,509395000,-174702000,-174702000,-0.43,-0.43,0,65756000,-23897000,4489000,36723000,418151000,59286000,None,None,None,0.1518,0.1322,6.27,None,None,0,0,0.0011,0.8727,0.1226,1.08,0.02,6.4525
2001-03-30,409229965,409229965,1,3086400000,2202906000,333938000,303225000,2752462000,0,0,380479000,2850000,772108000,122507000,122507000,0.3,0.29,0,151881000,-104962000,14281000,52139000,381428000,68999000,None,None,None,0.2884,0.2509,6.73,None,None,0,0,0.001,0.8918,0.2083,1.2,0.2,7.2649
2000-12-29,408911493,408911493,1,3073067000,2322479000,445483000,412345000,2627584000,0,0,289827000,2850000,1076603000,237591000,237591000,0.59,0.6,0,105771000,110104000,-118530000,107726000,329289000,77752000,None,None,None,0.3056,0.2637,6.43,None,None,0,0,0.0011,0.855,0.2157,1.22,0.07,5.6324
2000-09-29,410515321,410515321,1,2866166000,2200300000,386755000,354357000,2479411000,0,0,269170000,2850000,870603000,210376000,210376000,0.51,0.5,0,72612000,-222802000,4665000,-158037000,221563000,65674000,None,None,None,0.3013,0.2612,6.04,None,None,0,0,0.0011,0.8651,0.2237,1.17,0.02,6.2093
2000-06-30,410114426,410114426,1,2663266000,2051571000,354962000,323194000,2308304000,0,0,254686000,2850000,800739000,162741000,162741000,0.4,0.39,0,65922000,-131628000,9091000,-60902000,379600000,39740000,None,None,None,0.2932,0.2542,5.63,None,None,0,0,0.0012,0.8667,0.222,1.15,0.06,6.3478
2000-03-31,409493291,409493291,1,2482158000,1898495000,332084000,304588000,2150074000,0,0,246164000,2850000,639490000,120088000,120088000,0.29,0.29,0,181831000,-46925000,2717000,129949000,440502000,24455000,None,None,None,0.3014,0.2617,5.25,None,None,0,0,0.0013,0.8662,0.2312,1.13,0.38,6.233
1999-12-31,404686655,404686655,1,2352664000,1785701000,304266000,273774000,2048398000,0,0,231268000,2850000,714942000,183590000,183590000,0.45,0.48,0,66547000,-16430000,15850000,58373000,308433000,34425000,65.13,77.25,53,0.3212,0.2786,5.06,14.38,52.52,0,0,0.0014,0.8707,0.2411,1.16,0.08,6.5225
1999-10-01,402276332,402276332,1,2107498000,1610619000,286388000,262815000,1821110000,0,0,173175000,3319000,594505000,144040000,144040000,0.36,0.35,0,144338000,-162518000,9358000,-9131000,250060000,37066000,64,74,54,0.3172,0.2733,4.53,15.53,57.4,0,0,0.0018,0.8641,0.2346,1.16,0.27,6.1283
1999-07-02,392275349,392275349,1,1852439000,1466530000,234965000,202747000,1617474000,0,0,145597000,2850000,540400000,127772000,127772000,0.33,0.32,0,63581000,-109987000,4701000,-46154000,254617000,18270000,58.22,70.63,45.81,0.3104,0.2668,4.12,15.44,52.45,0,0,0.0018,0.8732,0.2264,1.18,0.12,7.2333
1999-04-02,391541124,391541124,1,1713743000,1336633000,238313000,205969000,1475430000,0,0,133091000,2850000,469651000,103718000,103718000,0.27,0.26,0,189341000,-128601000,13164000,66053000,300771000,9105000,41.47,50.56,32.38,0.3364,0.2855,3.77,11.75,40.07,0,0,0.0019,0.8609,0.2407,1.19,0.46,6.4895
1999-01-01,194899159,389798318,2,1627591000,1252691000,250994000,218127000,1376597000,0,0,120109000,2850000,521333000,123279000,123279000,0.64,0.62,0,30870000,-38397000,10376000,1263000,234718000,19684000,26.02,36.34,15.69,0.3379,0.2819,3.53,8.18,27.1,0,0,0.0021,0.8458,0.2399,1.17,0.03,5.7429
1998-10-02,194252929,388505858,2,1441503000,1080927000,207974000,178261000,1233529000,0,0,113327000,2850000,423548000,87763000,87763000,0.46,0.45,0,38443000,-92990000,15102000,-34034000,233455000,18895000,32.28,46.56,18,0.3301,0.2708,3.18,10.98,35.67,0,0,0.0023,0.8557,0.2361,1.15,0.05,6.0637
1998-07-03,182529304,365058608,2,1295979000,976189000,223859000,193279000,1072120000,0,0,96583000,2850000,387719000,119042000,119042000,0.65,0.63,0,64712000,17595000,5409000,89460000,267489000,16213000,33.81,37.31,30.31,0.3362,0.2704,2.94,11.95,45.08,0,0,0.0027,0.8273,0.2387,1.13,0.13,5.0507
1998-04-03,182206783,364413566,2,1286717000,955924000,253667000,229135000,1033050000,0,0,112855000,2850000,327502000,68244000,68244000,0.38,0.37,0,75120000,-19639000,17019000,68981000,178029000,21078000,28.5,34.75,22.25,0.2965,0.2366,2.83,11.09,38.78,0,0,0.0028,0.8029,0.2094,1.13,0.15,4.1719
1998-01-02,181771682,363543364,2,1183379000,862934000,250270000,225820000,933109000,0,0,111116000,2850000,354314000,77534000,77534000,0.47,None,0,41604000,-65380000,3831000,-18805000,109048000,19455000,25.62,29.91,21.32,0.3222,0.257,2.57,10.59,38.82,0,0,0.0031,0.7885,0.2191,1.17,0.06,3.8213
1997-09-26,181474547,362949094,2,1101974000,792736000,224340000,201222000,877634000,0,0,109741000,3949000,309408000,64307000,64307000,0.34,None,0,51569000,-18382000,11080000,41696000,127853000,28377000,28.88,32.5,25.25,0.335,0.268,2.42,13.37,46.96,0,0,0.0045,0.7964,0.2188,1.22,0.06,3.9396
1997-06-27,181008358,362016716,2,974041000,686332000,190730000,168037000,783311000,0,0,107147000,4083000,292701000,58761000,58761000,0.32,None,0,47365000,-80343000,8652000,-24639000,86157000,21525000,22.91,29.32,16.5,0.3554,0.2831,2.16,12.19,56.57,0,0,0.0052,0.8042,0.2171,1.3,0.07,4.0844
1997-03-28,180652994,361305988,2,845500000,573251000,166045000,142920000,679455000,0,0,104285000,4115000,247123000,63087000,63087000,0.34,None,0,45053000,-32401000,11196000,20350000,110796000,15360000,19.54,23.07,16,0.2702,0.2122,1.88,11.91,61.06,0,0,0.0061,0.8036,0.1588,1.34,0.08,4.011
1996-12-27,180419637,360839274,2,743823000,475464000,152547000,131624000,591276000,0,0,105599000,2850000,272906000,59399000,59399000,0.32,None,0,63674000,-51671000,-3783000,8273000,90446000,19771000,19.85,22.63,17.07,0.2361,0.1857,1.64,14.08,75.62,0,0,0.0048,0.7949,0.1358,1.37,0.12,3.6123
1996-09-27,179271568,358543136,2,649640000,394621000,144573000,122418000,505067000,0,0,104814000,2850000,234340000,46117000,46117000,0.25,None,0,33286000,-27891000,-12757000,-6761000,82173000,21263000,15.66,19.07,12.25,0.2101,0.1646,1.41,12.63,73.69,0,0,0.0056,0.7775,0.1244,1.32,0.03,3.2236
1996-06-28,89063591,356254364,4,587349000,348039000,143969000,120126000,443380000,0,0,105273000,2850000,189473000,-18678000,-18678000,-0.2,None,0,40916000,-89872000,37570000,-10878000,88934000,14426000,14.59,17.38,11.81,0.1805,0.1418,1.24,11.31,43.23,0,0,0.0064,0.7549,0.1123,1.26,0.07,2.8973
1996-03-29,88919761,355679044,4,560810000,376748000,102322000,81157000,458488000,0,0,41627000,2850000,172256000,31127000,31127000,0.34,None,0,22427000,-15988000,1450000,7327000,99812000,9371000,10.41,13.19,7.63,0.3001,None,1.29,8.53,33.05,0,0,0.0062,0.8175,0.1861,1.28,0.04,4.6422
1995-12-29,88881441,355525764,4,552051000,366370000,118818000,98564000,433233000,0,0,44958000,2850000,181324000,38106000,38106000,0.41,None,0,30185000,-12448000,4665000,22439000,92485000,13216000,9.06,10.69,7.44,0.3043,None,1.22,8.16,None,0,0,0.0066,0.7848,0.182,1.31,0.05,3.7171
1995-09-29,88547802,354191208,4,499355000,316971000,105729000,89686000,393626000,0,0,46802000,2850000,151754000,27441000,27441000,0.3,None,0,28094000,-18029000,1219000,11515000,70046000,6558000,11.5,13.19,9.81,None,None,1.11,11.17,None,0,None,0.0072,0.7883,None,None,0.06,3.5342
1995-06-30,88420010,353680040,4,462713000,280954000,97819000,83066000,364894000,0,0,47168000,2850000,159939000,27118000,27118000,0.3,None,0,20872000,-19457000,8419000,11260000,58531000,7790000,9.53,12.06,7,None,None,1.03,10.25,None,0,None,0.0078,0.7886,None,None,0.04,3.3823
1995-03-31,87711496,350845984,4,424588000,248862000,96870000,78621000,327718000,0,0,47321000,2850000,142212000,22941000,22941000,0.25,None,0,18504000,-28431000,3943000,-4189000,47271000,7627000,7.05,8.22,5.88,None,None,0.93,8.49,None,0,None,0.0087,0.7718,None,None,0.03,3.1653
1994-12-30,43834867,350678936,8,390067000,220556000,97277000,82239000,292790000,0,0,44252000,2850000,None,None,None,None,None,0,None,None,None,None,51460000,0,6.13,7,5.25,None,None,0.83,None,None,0,None,0.0097,0.7506,None,None,None,2.6819
