"Quarter end","Shares","Shares split adjusted","Split factor","Assets","Current Assets","Liabilities","Current Liabilities","Shareholders equity","Non-controlling interest","Preferred equity","Goodwill & intangibles","Long-term debt","Revenue","Earnings","Earnings available for common stockholders","EPS basic","EPS diluted","Dividend per share","Cash from operating activities","Cash from investing activities","Cash from financing activities","Cash change during period","Cash at end of period","Capital expenditures","Price","Price high","Price low","ROE","ROA","Book value of equity per share","P/B ratio","P/E ratio","Cumulative dividends per share","Dividend payout ratio","Long-term debt to equity ratio","Equity to assets ratio","Net margin","Asset turnover","Free cash flow per share","Current ratio"
2019-06-30,260385722,260385722,1,108572000000,None,83251000000,None,25321000000,0,0,109000000,0,7834000000,557000000,553000000,2.11,2.1,0.82,1153000000,-115000000,-979000000,59000000,416000000,0,144,153.63,134.37,0.1122,0.0253,97.24,1.55,14.62,37.91,0.3085,0,0.2332,0.0859,0.29,4.43,None
2019-03-31,261908210,261908210,1,107246000000,None,82906000000,None,24340000000,0,0,4290000000,0,7671000000,796000000,791000000,3.01,2.99,0.77,639000000,-586000000,-71000000,-16000000,357000000,0,126.59,138.13,115.06,0.114,0.0253,92.93,1.46,13.64,37.09,0.3096,0,0.227,0.0858,0.29,2.44,None
2018-12-31,263391034,263391034,1,104233000000,None,81339000000,None,22894000000,0,0,4282000000,0,7796000000,621000000,616000000,2.34,2.32,0.77,948000000,-570000000,-358000000,14000000,373000000,0,121.78,132.47,111.08,0.1101,0.0243,86.92,1.44,13.61,36.32,0.3225,0,0.2196,0.0827,0.29,3.6,None
2018-09-30,264882804,264882804,1,104390000000,None,81930000000,None,22460000000,0,0,4309000000,0,7723000000,709000000,704000000,2.65,2.62,0.77,1734000000,-1302000000,-488000000,-56000000,359000000,0,128,134.61,121.39,0.1061,0.0236,84.79,1.51,17.34,35.55,0.3286,0,0.2152,0.0813,0.29,6.55,None
2018-06-30,267683231,267683231,1,103523000000,None,80900000000,None,22623000000,0,0,4287000000,0,7477000000,524000000,520000000,1.93,1.92,0.77,1144000000,-76000000,-1044000000,18000000,415000000,0,130.38,140.03,120.74,0.0869,0.0196,84.51,1.53,17.22,34.78,0.3923,0,0.2185,0.0685,0.28,4.27,None
2018-03-31,270261296,270261296,1,103676000000,None,80697000000,None,22979000000,0,0,4300000000,0,7286000000,669000000,664000000,2.45,2.42,0.72,554000000,-381000000,-122000000,53000000,397000000,0,140.82,150.55,131.1,0.0887,0.0204,85.03,1.61,19.24,34.01,0.3756,0,0.2216,0.0715,0.28,2.05,None
2017-12-31,271427959,271427959,1,103483000000,None,79752000000,None,23731000000,0,0,4293000000,0,7451000000,551000000,547000000,2,1.99,0.72,538000000,299000000,-872000000,-35000000,344000000,0,129.84,136.36,123.32,0.086,0.02,87.43,1.5,15.01,33.29,0.3814,0,0.2293,0.0706,0.28,1.98,None
2017-09-30,273695876,273695876,1,104311000000,None,80573000000,None,23738000000,0,0,4291000000,0,7325000000,293000000,291000000,1.06,1.05,0.72,1639000000,-1094000000,-498000000,51000000,379000000,0,122.67,130.15,115.18,0.103,0.024,86.73,1.42,12.21,32.57,0.3169,0,0.2276,0.0849,0.28,5.99,None
2017-06-30,275947036,275947036,1,102669000000,None,78811000000,None,23858000000,0,0,3853000000,0,7184000000,595000000,590000000,2.13,2.11,0.72,810000000,-579000000,-157000000,79000000,328000000,0,124.16,129.44,118.88,0.1198,0.0282,86.46,1.47,12.2,31.85,0.2679,0,0.2324,0.1008,0.28,2.94,None
2017-03-31,279415829,279415829,1,101246000000,None,77634000000,None,23612000000,0,0,3850000000,0,6942000000,617000000,613000000,2.19,2.17,0.67,775000000,-442000000,-393000000,-58000000,249000000,0,120.77,124.99,116.54,0.1216,0.0289,84.5,1.45,11.71,31.13,0.2597,0,0.2332,0.1047,0.27,2.77,None
2016-12-31,279685489,279685489,1,100245000000,None,77024000000,None,23221000000,0,0,3848000000,0,7193000000,943000000,937000000,3.33,3.32,0.67,1139000000,-326000000,-771000000,38000000,307000000,0,113.62,122.57,104.67,0.124,0.0296,83.03,1.32,11.55,30.46,0.2504,0,0.2316,0.1083,0.27,4.07,None
2016-09-30,284058764,284058764,1,102787000000,None,78348000000,None,24439000000,0,0,3856000000,0,6961000000,716000000,710000000,2.48,2.45,0.67,1770000000,-1043000000,-721000000,4000000,269000000,0,116.5,119.29,113.71,0.1203,0.0289,86.04,1.36,11.25,29.79,0.2546,0,0.2378,0.1075,0.27,6.23,None
2016-06-30,288281317,288281317,1,102446000000,None,77732000000,None,24714000000,0,0,3862000000,0,6785000000,664000000,659000000,2.27,2.24,0.67,443000000,55000000,-589000000,-96000000,265000000,0,113.92,119.04,108.79,0.1296,0.031,85.73,1.38,10.7,29.12,0.2358,0,0.2412,0.116,0.27,1.54,None
2016-03-31,292394631,292394631,1,101680000000,None,77514000000,None,24166000000,0,0,3863000000,0,6686000000,691000000,686000000,2.33,2.3,0.61,850000000,-146000000,-725000000,-19000000,361000000,0,109.75,117.43,102.08,0.1365,0.0325,82.65,1.37,10.07,28.45,0.2242,0,0.2377,0.1219,0.26,2.91,None
2015-12-31,294977349,294977349,1,100184000000,None,76586000000,None,23598000000,0,0,3852000000,0,6674000000,866000000,859000000,2.86,2.85,0.61,760000000,808000000,-1529000000,36000000,380000000,0,107.09,115.83,98.34,0.1414,0.0338,80,1.36,9.58,27.84,0.214,0,0.2355,0.1274,0.26,2.58,None
2015-09-30,304218796,304218796,1,102110000000,None,78077000000,None,24033000000,0,0,3859000000,0,6794000000,928000000,922000000,3,2.97,0.61,1799000000,-1256000000,-511000000,27000000,344000000,0,102.66,107.82,97.49,0.1466,0.0353,79,1.32,9.42,27.23,0.2029,0,0.2354,0.1332,0.26,5.91,None
2015-06-30,311205624,311205624,1,101664000000,None,77543000000,None,24121000000,0,0,3878000000,0,6706000000,812000000,806000000,2.56,2.53,0.61,676000000,291000000,-962000000,9000000,317000000,0,102.41,108.67,96.14,0.1443,0.035,77.51,1.31,9.92,26.62,0.2026,0,0.2373,0.1324,0.26,2.17,None
2015-03-31,318698313,318698313,1,102691000000,None,77844000000,None,24847000000,0,0,3882000000,0,6626000000,833000000,827000000,2.58,2.55,0.55,199000000,474000000,-731000000,-66000000,308000000,0,106.28,109.73,102.82,0.1371,0.0335,77.96,1.38,9.91,26.01,0.2091,0,0.242,0.1273,0.26,0.62,None
2014-12-31,321368580,321368580,1,103078000000,None,78242000000,None,24836000000,0,0,3915000000,0,6783000000,1038000000,1030000000,3.16,3.13,0.55,525000000,608000000,-1121000000,7000000,374000000,0,99.38,106.95,91.81,0.145,0.0355,77.28,1.3,9.65,25.46,0.1962,0,0.2409,0.1349,0.26,1.63,None
2014-09-30,331396299,331396299,1,104522000000,None,79201000000,None,25321000000,0,0,3937000000,0,6886000000,919000000,912000000,2.72,2.69,0.55,1840000000,-889000000,-889000000,56000000,367000000,0,92.53,95.95,89.12,0.1431,0.0349,76.41,1.23,9.34,24.91,0.1988,0,0.2423,0.1333,0.26,5.55,None
2014-06-30,339043610,339043610,1,104811000000,None,79279000000,None,25532000000,0,0,3962000000,0,6785000000,683000000,678000000,1.98,1.95,0.55,625000000,412000000,-989000000,51000000,311000000,0,90,95.6,84.39,0.1417,0.0345,75.31,1.23,8.68,24.36,0.2017,0,0.2436,0.1335,0.26,1.84,None
2014-03-31,347471625,347471625,1,104134000000,None,78747000000,None,25387000000,0,0,3963000000,0,6708000000,1052000000,1045000000,2.98,2.95,0.5,703000000,75000000,-810000000,-34000000,260000000,0,84.8,89.33,80.26,0.1522,0.0371,73.06,1.2,8.7,23.81,0.1891,0,0.2438,0.1431,0.26,2.02,None
2013-12-31,352327135,352327135,1,103812000000,None,79016000000,None,24796000000,0,0,3985000000,0,6737000000,988000000,980000000,2.72,2.71,0.5,927000000,197000000,-1125000000,-1000000,294000000,0,86.67,90.99,82.35,0.1457,0.0356,70.38,1.27,11.05,23.31,0.197,0,0.2389,0.1392,0.25,2.63,None
2013-09-30,364067675,364067675,1,102685000000,None,77874000000,None,24811000000,0,0,3712000000,0,6452000000,864000000,858000000,2.33,2.3,0.5,1637000000,-1199000000,-457000000,-13000000,295000000,0,83.16,86.9,79.42,0.1179,0.0289,68.15,1.25,10.73,22.81,0.2412,0,0.2416,0.1144,0.25,4.5,None
2013-06-30,373469340,373469340,1,101900000000,None,77010000000,None,24890000000,0,0,3723000000,0,6674000000,925000000,918000000,2.44,2.41,0.5,722000000,-211000000,-443000000,65000000,308000000,0,82.88,87.9,77.85,0.1166,0.0287,66.65,1.22,12.56,22.31,0.239,0,0.2443,0.1142,0.25,1.93,None
2013-03-31,376418374,376418374,1,103897000000,None,78301000000,None,25596000000,0,0,3735000000,0,6328000000,896000000,890000000,2.36,2.33,0.46,530000000,303000000,-914000000,-87000000,243000000,0,78.53,84.19,72.86,0.0998,0.0245,68,1.17,12.48,21.81,0.2751,0,0.2464,0.0991,0.25,1.41,None
2012-12-31,377954687,377954687,1,104938000000,None,79533000000,None,25405000000,0,0,3746000000,0,6477000000,304000000,301000000,0.8,0.8,0.46,464000000,186000000,-540000000,110000000,330000000,0,71.2,74.33,68.07,0.097,0.0236,67.22,1.05,10.19,21.35,0.2796,0,0.2421,0.0953,0.25,1.23,None
2012-09-30,381449123,381449123,1,105445000000,None,79540000000,None,25905000000,0,0,3758000000,0,6512000000,864000000,858000000,2.23,2.21,0.46,1501000000,-1077000000,-437000000,-10000000,220000000,0,64.75,68.61,60.89,0.1105,0.0266,67.91,1,11.62,20.89,0.243,0,0.2457,0.1081,0.24,3.93,None
2012-06-30,385358110,385358110,1,104330000000,None,79281000000,None,25049000000,0,0,3770000000,0,6359000000,499000000,495000000,1.27,1.26,0.46,451000000,214000000,-691000000,-28000000,230000000,0,61.26,64.77,57.75,0.0901,0.0214,65,0.96,17.86,20.43,0.2973,0,0.2401,0.0879,0.24,1.17,None
2012-03-31,389039262,389039262,1,104866000000,None,79994000000,None,24872000000,0,0,3782000000,0,6392000000,806000000,800000000,2.04,2.02,0.41,814000000,-295000000,-478000000,44000000,258000000,0,59.23,61.59,56.87,0.0556,0.0132,63.93,0.95,17.79,19.97,0.4784,0,0.2372,0.0541,0.24,2.09,None
2011-12-31,393072145,393072145,1,104602000000,None,80125000000,None,24477000000,0,0,3798000000,0,6373000000,618000000,618000000,1.54,1.5,0.41,351000000,915000000,-1284000000,-17000000,214000000,0,53.24,59.68,46.8,0.0567,0.0135,62.27,0.87,14.01,19.56,0.4617,0,0.234,0.0556,0.24,0.89,None
2011-09-30,412773299,412773299,1,106933000000,None,81761000000,None,25172000000,0,0,3814000000,0,6407000000,333000000,331000000,0.8,0.79,0.41,917000000,-418000000,-535000000,-42000000,231000000,0,53.11,59.11,47.12,0.0671,0.0161,60.98,0.89,10.37,19.15,0.3828,0,0.2354,0.0665,0.24,2.22,None
2011-06-30,418738724,418738724,1,106468000000,None,81460000000,None,25008000000,0,0,3830000000,0,6388000000,-364000000,-366000000,-0.88,-0.88,0.41,268000000,125000000,-359000000,34000000,273000000,0,60.36,64.05,56.68,0.0916,0.0223,59.72,1,8.21,18.74,0.273,0,0.2349,0.0924,0.24,0.64,None
2011-03-31,418872308,418872308,1,105252000000,None,80009000000,None,25243000000,0,66000000,3847000000,0,6278000000,839000000,831000000,1.94,1.92,0.36,633000000,530000000,-1128000000,39000000,239000000,0,57.13,60.92,53.33,0.1302,0.032,60.11,0.97,8.55,18.33,0.1891,0,0.2392,0.134,0.24,1.51,None
2010-12-31,431052507,431052507,1,105181000000,None,79706000000,None,25475000000,0,68000000,3867000000,0,6332000000,894000000,894000000,1.98,1.97,0.36,662000000,464000000,-1226000000,-98000000,200000000,0,54.78,57.44,52.12,0.1215,0.03,58.94,0.92,7.75,17.97,0.204,0,0.2416,0.1275,0.23,1.54,None
2010-09-30,459043898,459043898,1,108154000000,None,80859000000,None,27295000000,0,70000000,3887000000,0,6482000000,1005000000,996000000,2.14,2.11,0.36,1341000000,-553000000,-762000000,32000000,298000000,0,51.05,53.56,48.54,0.1339,0.0333,59.31,0.92,7.72,17.61,0.1857,0,0.2517,0.1424,0.23,2.92,None
2010-06-30,469989766,469989766,1,107023000000,None,80737000000,None,26286000000,0,72000000,3908000000,0,6179000000,670000000,665000000,1.37,1.35,0.36,520000000,1246000000,-1747000000,15000000,266000000,0,50.96,53.92,48,0.1305,0.0323,55.78,0.95,7.8,17.25,0.1886,0,0.2449,0.1408,0.23,1.11,None
2010-03-31,495339156,495339156,1,108696000000,None,82025000000,None,26671000000,0,77000000,3365000000,0,6119000000,647000000,647000000,1.26,1.25,0.33,531000000,952000000,-1486000000,-4000000,251000000,0,51.35,54.76,47.94,0.1326,0.0326,53.69,0.96,8.04,16.89,0.185,0,0.2447,0.1439,0.23,1.07,None
2009-12-31,513574126,513574126,1,109560000000,None,82145000000,None,27415000000,0,79000000,3365000000,0,6456000000,1285000000,1285000000,2.4,2.36,0.33,1027000000,546000000,-1606000000,-31000000,255000000,0,51.17,54.31,48.02,0.1333,0.0326,53.23,1,9.49,16.56,0.1875,0,0.2495,0.1468,0.22,2,None
2009-09-30,546373306,546373306,1,112617000000,None,84457000000,None,28160000000,0,81000000,3365000000,0,6327000000,935000000,935000000,1.66,1.65,0.3,1415000000,-323000000,-1091000000,4000000,286000000,0,44.71,50.42,39,0.1178,0.0283,51.39,0.95,10.9,16.23,0.2184,0,0.2493,0.1306,0.22,2.59,None
2009-06-30,567562093,567562093,1,111326000000,None,84406000000,None,26920000000,0,83000000,3365000000,0,6162000000,740000000,740000000,1.27,1.27,0.3,976000000,-539000000,-410000000,37000000,282000000,0,40.76,44.04,37.48,0.0938,0.0218,47.28,0.9,9.33,15.93,0.2883,0,0.2411,0.1014,0.21,1.72,None
2009-03-31,585429500,585429500,1,110467000000,None,83970000000,None,26497000000,0,87000000,4024000000,0,5735000000,662000000,662000000,1.12,1.11,0.3,813000000,-583000000,-335000000,-105000000,245000000,0,39.36,45.2,33.52,0.1026,0.0235,45.11,0.91,8.2,15.63,0.2687,0,0.2391,0.1092,0.21,1.39,None
2008-12-31,584873079,584873079,1,109751000000,None,84432000000,None,25319000000,0,89000000,4054000000,0,5805000000,801000000,801000000,1.38,1.36,0.3,565000000,-163000000,-422000000,-37000000,350000000,0,37.85,45.2,30.5,0.1147,0.026,43.14,0.9,7.47,15.33,0.2406,0,0.2299,0.1195,0.22,0.97,None
2008-09-30,584522765,584522765,1,112695000000,None,87974000000,None,24721000000,0,92000000,4082000000,0,6145000000,214000000,214000000,0.36,0.36,0.3,942000000,-416000000,-456000000,58000000,387000000,0,43.4,50.8,36,0.1234,0.028,42.14,0.99,6.66,15.03,0.2222,0,0.2185,0.1266,0.22,1.61,None
2008-06-30,590800206,590800206,1,113625000000,None,87702000000,None,25923000000,0,103000000,4112000000,0,6295000000,942000000,942000000,1.57,1.54,0.3,704000000,-277000000,-404000000,21000000,329000000,0,47.77,52.15,43.4,0.1592,0.0364,43.7,1.1,6.98,14.73,0.1726,0,0.2272,0.1632,0.22,1.19,None
2008-03-31,604702688,604702688,1,114144000000,None,87756000000,None,26388000000,0,108000000,4144000000,0,6232000000,967000000,967000000,1.57,1.54,0.29,927000000,694000000,-1586000000,37000000,308000000,0,48.99,53.06,44.92,0.1721,0.0389,43.46,1.15,7.14,14.43,0.1635,0,0.2302,0.1736,0.22,1.53,None
2007-12-31,620330308,620330308,1,115224000000,None,88608000000,None,26616000000,0,112000000,4180000000,0,6491000000,1063000000,1063000000,1.67,1.63,0.29,1347000000,-337000000,-1131000000,-120000000,271000000,0,52.61,55.18,50.05,0.1785,0.04,42.73,1.3,7.62,14.14,0.1587,0,0.23,0.1768,0.23,2.17,None
2007-09-30,644950372,644950372,1,115644000000,None,89337000000,None,26307000000,0,115000000,4214000000,0,6526000000,1198000000,1198000000,1.85,1.81,0.29,2015000000,-934000000,-1254000000,-171000000,391000000,0,51.7,55.01,48.38,0.186,0.0412,40.61,1.35,7.88,13.85,0.1535,0,0.2265,0.1818,0.23,3.12,None
2007-06-30,656515649,656515649,1,115361000000,None,90039000000,None,25322000000,0,119000000,4250000000,0,6573000000,1254000000,1254000000,1.9,1.86,0.29,1057000000,-770000000,-106000000,184000000,562000000,0,54.3,56.76,51.85,0.1828,0.0399,38.39,1.43,8.96,13.56,0.1571,0,0.2185,0.1773,0.22,1.61,None
2007-03-31,663999243,663999243,1,114121000000,None,88764000000,None,25357000000,0,124000000,4357000000,0,6427000000,1086000000,1086000000,1.62,1.56,0.26,867000000,-485000000,-462000000,-81000000,378000000,0,51.67,53.74,49.59,0.1754,0.0375,38,1.4,8.74,13.27,0.165,0,0.2211,0.1684,0.22,1.31,None
2006-12-31,675597123,675597123,1,113761000000,None,88626000000,None,25135000000,0,129000000,4202000000,0,6469000000,1189000000,1189000000,1.75,1.67,0.26,1656000000,-33000000,-1522000000,102000000,459000000,0,50.33,54.23,46.43,0.1768,0.0369,37.01,1.41,11.16,13.01,0.1651,0,0.2198,0.1677,0.22,2.45,None
2006-09-30,690018312,690018312,1,115498000000,None,90751000000,None,24747000000,0,136000000,4243000000,0,6316000000,1043000000,1043000000,1.52,1.47,0.26,1707000000,-1297000000,-328000000,83000000,357000000,0,45,47.39,42.62,0.1385,0.0281,35.67,1.36,13.76,12.75,0.2124,0,0.2131,0.1289,0.22,2.47,None
2006-06-30,690929458,690929458,1,113886000000,None,90834000000,None,23052000000,0,140000000,4280000000,0,6255000000,970000000,970000000,1.4,1.36,0.26,849000000,-1354000000,403000000,-99000000,274000000,0,43.44,45.86,41.02,0.103,0.0204,33.16,1.33,12.66,12.49,0.2845,0,0.2012,0.0945,0.22,1.23,None
2006-03-31,696254414,696254414,1,113376000000,None,90539000000,None,22837000000,0,146000000,4328000000,0,6050000000,1006000000,1006000000,1.45,1.41,0.23,562000000,-380000000,-146000000,36000000,373000000,0,44.2,47.65,40.75,0.1082,0.0214,32.59,1.39,18.97,12.23,0.2628,0,0.2001,0.0994,0.22,0.81,None
2005-12-31,695913619,695913619,1,113187000000,None,90884000000,None,22303000000,0,153000000,4359000000,0,6181000000,179000000,179000000,0.26,0.27,0.23,501000000,1827000000,-24000000,-105000000,337000000,0,44.03,46.7,41.37,0.0744,0.0144,31.83,1.37,17.68,12,0.384,0,0.1957,0.0666,0.22,0.72,None
2005-09-30,692449881,692449881,1,113442000000,None,91034000000,None,22408000000,0,160000000,4409000000,0,6042000000,162000000,162000000,0.24,0.23,0.23,1381000000,-2506000000,296000000,-296000000,442000000,0,42.37,45.14,39.6,0.0812,0.0156,32.13,1.29,15.35,11.77,0.35,0,0.1961,0.0711,0.22,1.99,None
2005-06-30,675475347,675475347,1,111804000000,None,89435000000,None,22369000000,0,173000000,4484000000,0,6037000000,1069000000,1069000000,1.59,1.52,0.23,703000000,-1745000000,-626000000,-1670000000,738000000,0,36.79,39.87,33.71,0.0911,0.0173,32.86,1.21,44.87,11.54,0.3114,0,0.1985,0.0777,0.22,1.04,None
2005-03-31,673776149,673776149,1,111534000000,None,90802000000,None,20732000000,0,179000000,4588000000,0,6105000000,212000000,212000000,0.31,0.31,0.22,1028000000,-632000000,-115000000,279000000,541000000,0,37.64,39.4,35.89,0.0283,0.0053,30.5,1.21,20.35,11.31,1.019,0,0.1843,0.0233,0.23,1.53,None
2004-12-31,673464057,673464057,1,111815000000,None,90614000000,None,21201000000,0,193000000,6982000000,0,6364500000,302800000,302800000,0.45,0.43,0.22,1089000000,-1160000000,65000000,3000000,274000000,0,34.27,37.54,30.99,0.0516,0.0097,31.19,1.11,21.15,11.09,0.6924,0,0.1879,0.0416,0.23,1.62,None
2004-09-30,669461689,669461689,1,109683000000,None,88794000000,None,20889000000,0,209000000,7023000000,0,6261000000,340000000,340000000,0.51,0.5,0.22,1908000000,-1850000000,8000000,64000000,271000000,0,36.12,39.7,32.53,0.0476,0.0088,30.89,1.23,18.06,10.87,0.8229,0,0.1885,0.0373,0.24,2.85,None
2004-06-30,668771612,668771612,1,106608000000,None,86678000000,None,19930000000,0,214000000,7064000000,0,6181000000,-275000000,-275000000,-0.42,-0.42,0.22,1463500000,-843900000,-552200000,67400000,207000000,0,41.09,42.99,39.18,0.0517,0.0092,29.48,1.42,12.41,10.65,0.862,0,0.1849,0.0389,0.24,2.19,None
2004-03-31,437300000,437300000,1,65069900000,None,52396100000,None,12673800000,0,0,2411500000,0,4127500000,587200000,587200000,1.35,1.34,0.5,780500000,-932100000,-60800000,-212400000,139700000,0,41.28,43.35,39.2,0.1367,0.023,28.98,1.54,15.18,10.43,0.391,0,0.1948,0.0982,0.23,1.78,None
2003-12-31,229105421,229105421,1,39563000000,None,33338000000,None,6225000000,0,75000000,1065000000,0,2324000000,52000000,52000000,0.21,0.2,0.29,423000000,-580000000,44000000,-103000000,150000000,14000000,37.4,39.65,35.15,0.1085,0.0165,26.84,1.38,10.51,9.93,0.4004,0,0.1554,0.0747,0.22,1.79,None
2003-09-30,228156507,228156507,1,40363000000,None,34095000000,None,6268000000,0,76000000,1046000000,0,2246000000,214000000,214000000,0.92,0.88,0.29,543000000,-539000000,77000000,76000000,253000000,4000000,36.39,38.49,34.3,0.1419,0.0211,27.14,1.34,12.34,9.64,0.3115,0,0.1534,0.0994,0.21,2.36,None
2003-06-30,227799983,227799983,1,40538000000,None,33373000000,None,6275000000,890000000,68000000,1042000000,0,2171000000,214000000,214000000,0.93,0.89,0.29,72000000,-26000000,-154000000,-103000000,177000000,-60000000,35.17,38.02,32.32,0.1204,0.0174,27.25,1.37,36.26,9.35,0.3783,0,0.1531,0.0813,0.21,0.58,None
2003-03-31,227582261,227582261,1,40032000000,None,33243000000,None,5900000000,889000000,70000000,1022000000,0,2113000000,181000000,181000000,0.78,0.75,0.29,-905000000,1002000000,-136000000,-35000000,280000000,11000000,32.99,36.66,29.33,0.0475,0.0066,25.62,1.32,38.81,9.06,1.0125,0,0.1456,0.0298,0.22,-4.02,None
2002-12-31,227342179,227342179,1,39920000000,None,33285000000,None,5746000000,889000000,65000000,1013000000,0,1999000000,239000000,239000000,1.04,1.04,0.29,-306000000,185000000,4000000,-114000000,315000000,10000000,32.15,37.24,27.05,0.0413,0.0056,24.99,1.34,None,8.77,1.1819,0,0.1423,0.0244,0.23,-1.39,None
2002-09-30,226482632,226482632,1,39935000000,None,33532000000,None,5514000000,889000000,67000000,957000000,0,2288000000,63000000,63000000,0.27,0.27,0.29,353000000,-841000000,744000000,263000000,429000000,10000000,31.04,37.88,24.2,-0.1477,-0.0195,24.05,1.43,None,8.48,None,0,0.1364,None,0.24,1.51,None
2002-06-30,226318181,226318181,1,38221000000,None,32349000000,None,4983000000,889000000,60000000,806000000,0,2314000000,-223000000,-223000000,-1.09,-1.09,0.29,-14000000,239000000,-249000000,-19000000,166000000,12000000,44.23,50.12,38.34,-0.2818,-0.0387,21.75,1.83,None,8.19,None,0,0.1288,None,0.24,-0.11,None
2002-03-31,208319416,208319416,1,38578000000,None,32577000000,None,5108000000,893000000,61000000,783000000,0,2317000000,139000000,139000000,0.65,0.63,0.29,96000000,-137000000,77000000,34000000,185000000,15000000,44.45,49.41,39.5,-0.2013,-0.0307,24.23,1.83,None,7.9,None,0,0.1308,None,0.24,0.39,None
2001-12-31,207987546,207987546,1,38321000000,None,32314000000,None,5114000000,893000000,58000000,690000000,0,2382000000,-735000000,-735000000,-3.56,-3.56,0.28,438000000,-895000000,443000000,-17000000,151000000,13000000,45.9,51.5,40.3,-0.1749,-0.0296,24.31,1.6,None,7.61,None,0,0.1319,None,0.24,2.04,None
2001-09-30,207405759,207405759,1,37650000000,None,31321000000,None,6011000000,318000000,60000000,585000000,0,2230000000,-659000000,-659000000,-3.16,-3.16,0.28,493000000,-531000000,112000000,74000000,168000000,17000000,43.14,50.79,35.5,-0.0238,-0.0043,28.69,1.32,14.53,7.33,None,0,0.1581,None,0.23,2.3,None
2001-06-30,208947154,208947154,1,35477000000,None,28271000000,None,6869000000,337000000,56000000,519000000,0,2166000000,104000000,104000000,0.47,0.45,0.28,211000000,108000000,-277000000,42000000,94000000,14000000,46.83,52.12,41.53,0.1039,0.019,32.61,1.42,13.61,7.05,0.3236,0,0.192,0.085,0.22,0.94,None
2001-03-31,214437297,214437297,1,35548000000,None,28088000000,None,7123000000,337000000,58000000,523000000,0,2165000000,202000000,202000000,0.91,0.87,0.28,-155000000,24000000,132000000,1000000,53000000,17000000,45.81,51.38,40.25,0.1199,0.021,32.95,1.38,11.23,6.77,0.2817,0,0.1987,0.0982,0.21,-0.8,None
2000-12-31,216847384,216847384,1,41075000000,None,33511000000,None,7227000000,337000000,49000000,510000000,0,2219000000,192000000,192000000,0.84,0.67,0.27,-101000000,74000000,29000000,2000000,83000000,18000000,50.22,56.38,44.06,0.1449,0.0243,33.1,1.56,11.73,6.49,0.2346,0,0.1748,0.1154,0.21,-0.55,None
2000-09-30,217689317,217689317,1,41657000000,None,34273000000,None,7047000000,337000000,50000000,510000000,0,2031000000,231000000,231000000,1.04,0.98,0.27,-38000000,87000000,-52000000,-3000000,81000000,23000000,42.63,50.63,34.63,0.1407,0.0233,32.14,1.38,9.19,6.22,0.2453,0,0.168,0.1195,0.2,-0.28,None
2000-06-30,216345254,216345254,1,41139000000,None,33867000000,None,6728000000,544000000,48000000,505000000,0,2105000000,212000000,212000000,0.98,0.92,0.27,-236000000,206000000,37000000,7000000,84000000,35000000,34.53,39.19,29.88,0.1587,0.0261,30.88,1.12,7.57,5.95,0.2228,0,0.1624,0.1347,0.19,-1.25,None
2000-03-31,212060928,212060928,1,39254000000,None,32216000000,None,6613000000,425000000,50000000,519000000,0,2253000000,358000000,358000000,1.6,1.51,0.27,-188000000,293000000,-186000000,-81000000,84000000,18000000,28,34.25,21.75,0.16,0.0262,30.95,0.93,7.53,5.68,0.2251,0,0.1672,0.1355,0.19,-0.97,None
1999-12-31,214895253,214895253,1,38873000000,None,31976000000,None,6472000000,425000000,24000000,509000000,0,1471000000,138000000,138000000,0.62,0.87,0.26,-211000000,66000000,135000000,-10000000,165000000,8000000,30.81,36.06,25.56,0.1307,0.0213,30.01,1.09,8.96,5.41,0.279,0,0.1659,0.1102,0.19,-1.02,None
1999-09-30,227254539,227254539,1,39203000000,None,32303000000,None,6423000000,477000000,26000000,513000000,0,1856000000,327000000,327000000,1.43,1.34,0.26,196000000,28000000,-199000000,25000000,175000000,25000000,30.63,33.75,27.5,0.1304,0.0215,28.15,1.11,12.92,5.15,0.2795,0,0.1632,0.0915,0.23,0.75,None
1999-06-30,226638192,226638192,1,39329000000,None,32538000000,None,6288000000,503000000,18000000,574000000,0,1998000000,204000000,204000000,0.89,0.84,0.26,-112000000,-129000000,217000000,-24000000,126000000,30000000,32.72,36.75,28.69,0.0892,0.015,27.67,1.16,93.49,4.89,0.4046,0,0.1594,0.0608,0.25,-0.63,None
1999-03-31,226288957,226288957,1,39223000000,None,32296000000,None,6424000000,503000000,19000000,581000000,0,2244000000,165000000,165000000,0.7,0.67,0.26,77000000,-257000000,208000000,28000000,148000000,43000000,32.16,35.75,28.56,0.0154,0.0026,28.3,1.11,63.06,4.63,2.3321,0,0.1633,0.0102,0.26,0.15,None
1998-12-31,228924899,228924899,1,38322708000,None,31183621000,None,6636387000,502700000,15576000,592057000,0,3050306000,141458000,141458000,0.61,0.59,0.25,-53908000,-108723000,153081000,-9550000,119841000,23046000,33.53,37.5,29.56,0.0146,0.0027,28.92,1.19,None,4.37,2.6171,0,0.1728,0.0098,0.27,-0.34,None
1998-09-30,235733012,235733012,1,37512359000,None,30373175000,None,6636484000,502700000,16917000,602075000,0,2211257000,67693000,67693000,0.27,0.27,0.25,141263000,-181602000,40623000,284000,129391000,9722000,35.84,43.63,28.06,None,None,28.08,1.3,None,4.12,None,0,0.1765,None,None,0.56,None
1998-06-30,236102543,236102543,1,37463170000,None,30448120000,None,6512350000,502700000,15153000,599428000,0,2379681000,-273803000,-273803000,-1.18,-1.18,0.25,-69416000,194090000,-141477000,-16803000,129107000,46492000,42.66,45.38,39.94,None,None,27.52,2.08,None,3.87,None,0,0.1734,None,None,-0.49,None
1998-03-31,234585388,234585388,1,21126510000,None,16100155000,None,4819355000,207000000,16140000,399501000,0,1467157000,154000000,154000000,0.9,0.83,0.25,50699000,24878000,-42842000,19987000,42647000,5061000,43.25,47.19,39.31,None,None,20.48,None,None,3.62,None,0,0.2274,None,None,0.19,None
1997-12-31,84021148,168042296,2,None,None,None,None,None,0,0,0,0,None,None,None,None,None,0.47,None,None,None,None,None,0,41.09,42.63,39.56,None,None,None,None,None,3.37,None,None,None,None,None,None,None
1997-09-30,83640143,167280286,2,21460699000,None,16805458000,None,4448241000,207000000,18408000,383132000,0,1497048000,163404000,163404000,1.88,1.76,0.47,362143000,-350739000,-4337000,-17492000,36931000,13701000,38.75,40.94,36.56,0.1409,0.0278,26.48,1.55,12.96,3.14,0.2665,0,0.2064,0.0971,0.29,2.08,None
1997-06-30,83864479,167728958,2,20925916000,None,16511518000,None,4207398000,207000000,17998000,245689000,0,1620711000,230524000,230524000,2.68,2.5,0.47,117774000,-37275000,-44150000,36324000,54423000,8973000,36.06,40.06,32.06,0.1373,0.0265,24.98,1.55,14.72,2.9,0.2782,0,0.2002,0.0903,0.29,0.65,None
1997-03-31,83611381,167222762,2,20389752000,None,16279189000,None,3903563000,207000000,18732000,239024000,0,1557203000,124549000,124549000,1.44,1.37,0.47,64288000,-54109000,-9079000,1169000,38383000,15791000,32.38,35.81,28.94,0.1157,0.022,23.23,1.36,13.14,2.67,0.3347,0,0.1905,0.0758,0.29,0.29,None
1996-12-31,83516157,167032314,2,20680976000,None,16470156000,None,4003820000,207000000,16063000,167338000,0,1308705000,62291000,62291000,0.72,0.69,0.44,303724000,-212877000,-78242000,12605000,37214000,5562000,28.41,29.82,27,0.1184,0.0224,23.87,1.22,9.61,2.43,0.3261,0,0.1928,0.0785,0.29,1.79,None
1996-09-30,82980241,165960482,2,20451863000,None,16371231000,None,3873632000,207000000,16765000,170548000,0,1565639000,128934000,128934000,1.5,1.42,0.44,372419000,-328269000,-43674000,487000,33646000,16802000,26.54,27.75,25.32,0.1454,0.0274,23.24,1.2,8.8,2.21,0.2643,0,0.1886,0.0925,0.3,2.14,None
1996-06-30,83281695,166563390,2,19608481000,None,15703528000,None,3697953000,207000000,12813000,313666000,0,1451121000,130053000,130053000,1.51,1.42,0.44,138450000,-108052000,-30500000,-84000,33159000,9613000,26.76,28.07,25.44,0.1528,0.0287,22.12,1.22,9.15,1.99,0.253,0,0.1879,0.0981,0.29,0.77,None
1996-03-31,83779934,167559868,2,19471613000,None,15572304000,None,3692309000,207000000,13265000,323146000,0,1408691000,128821000,128821000,1.49,1.4,0.44,155055000,-97293000,-59002000,-1197000,33243000,6477000,28.5,30,27,0.1521,0.0282,21.96,1.28,10.04,1.77,0.2558,0,0.1889,0.0972,0.29,0.89,None
1995-12-31,83754512,167509024,2,19656502000,None,15719381000,None,3730121000,207000000,10872000,314457000,0,1446577000,155247000,155247000,1.78,1.67,0.4,301255000,-273875000,-21602000,5778000,34440000,17550000,27.31,29.63,25,0.1543,0.0279,22.2,1.33,10.21,1.55,0.2588,0,0.1892,0.0963,0.29,1.69,None
1995-09-30,84531679,169063358,2,18759950000,None,15057396000,None,3495554000,207000000,11456000,286093000,0,1364866000,142399000,142399000,1.64,1.54,0.4,272873000,-277643000,-3839000,-8609000,28662000,14778000,26.19,29.19,23.19,0.1554,0.0269,20.61,1.34,9.96,1.35,0.2741,0,0.1857,0.0948,0.28,1.53,None
1995-06-30,84538776,169077552,2,18534775000,None,15019797000,None,3307978000,207000000,7656000,292916000,0,1330728000,112967000,112967000,1.3,1.24,0.4,116640000,-250321000,134831000,1170000,37271000,11768000,24.88,25.75,24,0.1608,0.0267,19.52,1.4,9.13,1.15,0.2766,0,0.1781,0.0954,0.28,0.62,None
1995-03-31,84394400,168788800,2,17651999000,None,14635078000,None,3016921000,0,8120000,281332000,0,1267459000,110596000,110596000,1.27,1.23,0.4,226976000,-211511000,-26148000,-10563000,36101000,10776000,23.6,25.38,21.82,0.175,None,17.83,1.46,9.57,0.95,0.2635,0,0.1705,0.1018,0.28,1.28,None
1994-12-31,84334840,168669680,2,17495820000,None,14758351000,None,2737469000,0,4535000,279308000,0,1173293000,120821000,120821000,1.39,1.34,0.38,237362000,-206208000,-23967000,7747000,46664000,28712000,21.29,22.57,20,0.1632,None,16.2,1.3,None,0.75,0.286,0,0.1562,0.0942,0.27,1.24,None
1994-09-30,84147519,168295038,2,17366895000,None,14607302000,None,2759593000,0,4941000,283590000,0,1199068000,129808000,129808000,1.51,1.45,0.375,136446000,-101858000,-34595000,573000,38917000,19751000,21,22.25,19.75,None,None,16.37,1.32,None,0.56,None,0,0.1586,None,None,0.69,None
1994-06-30,84022787,168045574,2,16962129000,None,14284176000,None,2677953000,0,294000,274346000,0,1165149000,127762000,127762000,1.49,1.43,0.375,309719000,-267165000,-25017000,18166000,38344000,8255000,19.89,20.84,18.94,None,None,15.93,1.24,None,0.38,None,0,0.1579,None,None,1.79,None
1994-03-31,84087248,168174496,2,16741009000,None,14049461000,None,2691548000,0,715000,278014000,0,1163775000,64437000,64437000,0.73,0.71,0.375,215688000,-180377000,-39644000,-5242000,20178000,9846000,20.8,22.19,19.41,None,None,16,1.16,None,0.19,None,0,0.1607,None,None,1.22,None
1993-12-31,42032939,168131756,4,17149196000,None,14145389000,None,3005128000,-1321000,0,284276000,0,None,None,None,None,None,0,None,None,None,None,25420000,0,22.94,24.25,21.63,None,None,17.87,None,None,0,None,0,0.1752,None,None,None,None
