"Quarter end","Shares","Shares split adjusted","Split factor","Assets","Current Assets","Liabilities","Current Liabilities","Shareholders equity","Non-controlling interest","Preferred equity","Goodwill & intangibles","Long-term debt","Revenue","Earnings","Earnings available for common stockholders","EPS basic","EPS diluted","Dividend per share","Cash from operating activities","Cash from investing activities","Cash from financing activities","Cash change during period","Cash at end of period","Capital expenditures","Price","Price high","Price low","ROE","ROA","Book value of equity per share","P/B ratio","P/E ratio","Cumulative dividends per share","Dividend payout ratio","Long-term debt to equity ratio","Equity to assets ratio","Net margin","Asset turnover","Free cash flow per share","Current ratio"
2019-06-30,186070000,186070000,1,19200300000,9547400000,14252500000,8932500000,4879400000,68400000,0,7619100000,3815600000,1657800000,110100000,110100000,0.59,0.58,0.43,515800000,-591500000,112700000,5800000,2546600000,36000000,83.08,88.58,77.58,0.1466,0.0392,26.22,3.15,22.45,24.88,0.4505,0.782,0.2541,0.0973,0.4,2.58,1.0688
2019-03-31,185252000,185252000,1,18631400000,9669500000,13673200000,8637900000,4880300000,77900000,0,6642300000,3690300000,1990600000,334100000,334100000,1.81,1.77,0.43,-96200000,-141300000,507400000,304000000,2540800000,39300000,75.77,81.09,70.44,0.1511,0.0412,26.34,3.1,22.22,24.45,0.44,0.7562,0.2619,0.0979,0.42,-0.73,1.1194
2018-12-31,184060000,184060000,1,16334000000,8118700000,11764300000,7693600000,4498900000,70800000,0,6398600000,3091400000,1657400000,117300000,117300000,0.64,0.63,0.41,260500000,-256500000,5200000,-23700000,2236800000,33600000,73.61,79.03,68.19,0.1408,0.0391,24.44,2.97,21.97,24.02,0.4741,0.6871,0.2754,0.0914,0.43,1.23,1.0553
2018-09-30,183652000,183652000,1,16114700000,8084000000,11502000000,7422600000,4544500000,68200000,0,6273400000,3141200000,1778500000,127600000,127600000,0.7,0.68,0.41,191300000,-208100000,-44800000,-84200000,2260500000,28100000,70.75,76.49,65,0.1411,0.0405,24.75,2.91,20.93,23.61,0.4759,0.6912,0.282,0.0904,0.45,0.89,1.0891
2018-06-30,182612000,182612000,1,16230500000,8365000000,11717400000,7568600000,4443600000,69500000,0,6134900000,3141000000,1660400000,114900000,114900000,0.63,0.62,0.41,530900000,-358800000,132100000,236000000,2344700000,31600000,67.74,70.94,64.54,0.1454,0.043,24.33,2.73,18.26,23.2,0.4661,0.7069,0.2738,0.0934,0.46,2.73,1.1052
2018-03-31,182273000,182273000,1,16127500000,8533300000,11543000000,7742400000,4514600000,69900000,0,5875900000,2792100000,1837700000,273700000,273700000,1.51,1.48,0.41,-217600000,-86900000,69500000,-196300000,2108700000,31100000,67.41,72.77,62.04,0.1644,0.0501,24.77,2.98,26.54,22.79,0.4203,0.6185,0.2799,0.1034,0.48,-1.36,1.1022
2017-12-31,181426000,181426000,1,12897400000,5170600000,8732500000,4912300000,4105200000,59700000,0,5842500000,2691900000,1599000000,105100000,105100000,0.58,0.57,0.39,395100000,-91000000,-1200000,348000000,2305000000,35400000,64.09,67.32,60.87,0.1178,0.037,22.63,2.82,25.64,22.38,0.608,0.6557,0.3183,0.0752,0.49,1.98,1.0526
2017-09-30,180799000,180799000,1,12810400000,5087400000,8638200000,4705200000,4110000000,62200000,0,5831600000,2741700000,1584500000,130400000,130400000,0.72,0.71,0.39,253700000,-125500000,-165600000,-22900000,564900000,28200000,59.03,61.87,56.2,0.1191,0.0373,22.73,2.77,23.8,21.99,0.615,0.6671,0.3208,0.0762,0.49,1.25,1.0812
2017-06-30,180164000,180164000,1,12569600000,5107200000,8659600000,4858000000,3844700000,65300000,0,5651600000,2644800000,1563400000,171900000,171900000,0.96,0.95,0.39,35700000,-116400000,99100000,23800000,587800000,36300000,56.8,59.11,54.5,0.1205,0.0379,21.34,2.78,23.97,21.6,0.619,0.6879,0.3059,0.0762,0.5,-0,1.0513
2017-03-31,179514000,179514000,1,11780600000,4483200000,8053300000,4784700000,3662500000,64800000,0,5579000000,2144700000,1412700000,55700000,55700000,0.31,0.31,0.39,169700000,-178100000,19900000,18500000,564000000,29300000,54.81,57.82,51.8,0.1165,0.037,20.4,2.72,23.62,21.21,0.6439,0.5856,0.3109,0.0742,0.5,0.78,0.937
2016-12-31,178617000,178617000,1,11489600000,4416100000,7833800000,4611700000,3596600000,59200000,0,5395100000,2144600000,1385000000,95100000,95100000,0.53,0.53,0.38,233700000,-207200000,2300000,13700000,545500000,79000000,49.75,52.34,47.16,0.1145,0.037,20.14,2.4,23.14,20.82,0.6517,0.5963,0.313,0.0741,0.5,0.87,0.9576
2016-09-30,177941000,177941000,1,11200300000,4213700000,7459100000,4398900000,3686500000,54700000,0,5392500000,2044600000,1482300000,122800000,122800000,0.69,0.69,0.38,243400000,-106400000,-14500000,120700000,531800000,35700000,49.2,51.24,47.15,0.1051,0.0345,20.72,2.42,22.26,20.44,0.7015,0.5546,0.3291,0.0688,0.5,1.17,0.9579
2016-06-30,177031000,177031000,1,11384300000,4485600000,7728500000,4383700000,3599900000,55900000,0,5375900000,2344400000,1427100000,150000000,150000000,0.85,0.84,0.38,35600000,-127200000,80200000,-14300000,411100000,41200000,45.91,48.64,43.17,0.1083,0.036,20.33,2.26,21.06,20.06,0.677,0.6512,0.3162,0.0711,0.51,-0.03,1.0232
2016-03-31,177129000,177129000,1,10712600000,3939500000,7060300000,4022400000,3597100000,55200000,0,5366300000,2071800000,1300400000,46500000,46500000,0.26,0.26,0.38,109400000,-128400000,-34100000,-55000000,425400000,61900000,40.31,44.67,35.96,0.105,0.0356,20.31,1.96,19.66,19.68,0.689,0.576,0.3358,0.0698,0.51,0.27,0.9794
2015-12-31,177027000,177027000,1,10913800000,4335800000,7225600000,4191700000,3638300000,49900000,0,5361700000,2075000000,1334900000,62300000,62300000,0.35,0.36,0.37,326100000,-201400000,-11100000,110700000,480400000,27200000,41.98,44.54,39.43,0.1014,0.0341,20.55,2.03,20.89,19.3,0.7206,0.5703,0.3334,0.0662,0.52,1.69,1.0344
2015-09-30,176695000,176695000,1,10510400000,4020100000,6802500000,3729200000,3652400000,55500000,0,5321400000,2125000000,1454800000,133300000,133300000,0.76,0.75,0.37,244800000,-151100000,-36000000,48000000,369700000,29100000,44.16,48.33,39.99,0.1013,0.0338,20.67,2.12,24,18.93,0.7252,0.5818,0.3475,0.0652,0.52,1.22,1.078
2015-06-30,174545000,174545000,1,10716100000,4261400000,7004600000,3905400000,3638500000,73000000,0,5330900000,2125000000,1371400000,139300000,139300000,0.82,0.81,0.37,-31600000,-68800000,141600000,44900000,321700000,24900000,47.95,49.59,46.3,0.0923,0.0303,20.85,2.54,27.72,18.56,0.7955,0.584,0.3395,0.0597,0.51,-0.32,1.0912
2015-03-31,166657000,166657000,1,9730900000,3594800000,6511300000,3438700000,3145200000,74400000,0,5141600000,2125000000,1231300000,21900000,21900000,0.13,0.13,0.37,113300000,-40300000,-104400000,-37600000,276800000,17800000,46.48,48.71,44.24,0.0857,0.0278,18.87,2.37,23.71,18.19,0.8562,0.6756,0.3232,0.0558,0.5,0.57,1.0454
2014-12-31,164744000,164744000,1,10010000000,3811200000,6780600000,3642700000,3229400000,0,0,5225600000,2125000000,1245400000,51500000,51500000,0.31,0.32,0.36,169100000,-101000000,-58000000,23900000,314400000,21800000,46.3,49.24,43.36,0.1022,0.0325,19.6,2.29,22.26,17.82,0.762,0.658,0.3226,0.0656,0.5,0.89,1.0463
2014-09-30,161374000,161374000,1,9988000000,3972400000,6732000000,3769800000,3256000000,0,0,5067300000,2125000000,1286800000,93600000,93600000,0.58,0.58,0.36,26400000,-449300000,-255300000,-683000000,290500000,17600000,46.09,47.95,44.22,0.1162,0.0365,20.18,2.25,22.27,17.46,0.7013,0.6526,0.326,0.073,0.5,0.05,1.0537
2014-06-30,158993000,158993000,1,10019300000,4440300000,6769700000,3875000000,3249600000,0,0,4659100000,2125000000,1179300000,109000000,109000000,0.71,0.7,0.36,130700000,-1416900000,1501600000,215400000,973500000,22300000,45.67,48.38,42.97,0.1245,0.0389,20.44,3.35,21.75,17.1,0.7056,0.6539,0.3243,0.0767,0.51,0.68,1.1459
2014-03-31,157096000,157096000,1,7275600000,3198000000,5131400000,3033600000,2144200000,0,0,3235800000,1425000000,915000000,49300000,49300000,0.37,0.36,0.36,76100000,-44500000,409500000,441100000,739200000,19800000,46.74,49.46,44.02,0.1411,0.0432,13.65,3,22.69,16.74,0.6998,0.6646,0.2947,0.0811,0.53,0.36,1.0542
2013-12-31,133841000,133841000,1,6860500000,2875600000,4775000000,3284800000,2085500000,0,0,3224000000,825000000,890200000,60000000,60000000,0.46,0.44,0.35,71300000,-421200000,361300000,11200000,298100000,23800000,46.03,48.49,43.57,0.1455,0.0455,15.58,3.13,24.48,16.38,0.6774,0.3956,0.304,0.0845,0.54,0.35,0.8754
2013-09-30,131538000,131538000,1,5970200000,2546700000,4038000000,2577900000,1932200000,0,0,2689500000,825000000,835800000,74600000,74600000,0.57,0.57,0.35,204800000,-265200000,104100000,46900000,286900000,33900000,43.5,45.89,41.11,0.1392,0.0438,14.69,3.26,24.03,16.03,0.7348,0.427,0.3236,0.0817,0.54,1.3,0.9879
2013-06-30,127698000,127698000,1,5562100000,2602600000,3860100000,2343700000,1702000000,0,0,2290800000,925000000,779500000,93500000,93500000,0.73,0.73,0.35,22600000,-132500000,129400000,16000000,240000000,26600000,43.19,45.87,40.51,0.1376,0.0433,13.33,3.29,25.86,15.68,0.7598,0.5435,0.306,0.0825,0.53,-0.03,1.1105
2013-03-31,126754000,126754000,1,5225100000,2301400000,3560400000,2215100000,1664700000,0,0,2237100000,725000000,674100000,40500000,40500000,0.32,0.32,0.35,51200000,-32800000,-92200000,-78100000,224000000,9300000,38.14,41.31,34.97,0.129,0.04,13.13,2.89,23.99,15.33,0.8225,0.4355,0.3186,0.0783,0.51,0.33,1.039
2012-12-31,125870000,125870000,1,5352300000,2429500000,3693700000,2362900000,1658600000,0,0,2282300000,725000000,673200000,33500000,33500000,0.27,0.26,0.34,163600000,-227800000,61000000,-3100000,302100000,14900000,35.59,36.99,34.2,0.1274,0.0388,13.18,2.71,21.18,14.98,0.8535,0.4371,0.3099,0.0774,0.5,1.18,1.0282
2012-09-30,124387000,124387000,1,5009300000,2324900000,3373100000,2090300000,1636200000,0,0,2096600000,725000000,650400000,61700000,61700000,0.5,0.5,0.34,116400000,-72100000,-25300000,19000000,305200000,9500000,36.01,37.56,34.46,0.1415,0.042,13.15,2.96,22.65,14.64,0.8,0.4431,0.3266,0.0833,0.5,0.86,1.1122
2012-06-30,120977000,120977000,1,5133600000,2631800000,3660700000,2442000000,1472900000,0,0,1930800000,675000000,649900000,71700000,71700000,0.6,0.59,0.34,110600000,-70800000,-59500000,-19700000,282100000,13200000,36,38.24,33.75,0.1413,0.0405,12.18,3.14,26.28,14.3,0.8373,0.4583,0.2869,0.08,0.51,0.81,1.0777
2012-03-31,118299000,118299000,1,4602700000,2225000000,3246100000,2044200000,1356600000,0,0,1794000000,675000000,546800000,28100000,28100000,0.24,0.24,0.34,-47600000,-11500000,69700000,10600000,301800000,13400000,34.17,36.33,32.01,0.125,0.0351,11.47,3.16,26.91,13.96,0.971,0.4976,0.2947,0.0703,0.5,-0.52,1.0884
2011-12-31,115040000,115040000,1,4483500000,2199400000,3239900000,2073600000,1243600000,0,0,1716800000,675000000,578400000,40500000,40500000,0.35,0.35,0.33,101100000,-44600000,-6700000,49800000,291200000,10800000,29.63,33.99,25.27,0.1198,0.0339,10.81,2.74,20.58,13.62,1.0313,0.5428,0.2774,0.0675,0.5,0.78,1.0607
2011-09-30,112883000,112883000,1,4247200000,2088700000,3027900000,1943600000,1219300000,0,0,1648900000,675000000,562800000,46700000,46700000,0.41,0.41,0.33,84600000,-42700000,-63700000,-21800000,241400000,12100000,26.71,29.13,24.29,0.1354,0.0393,10.8,2.49,18.17,13.29,0.9185,0.5536,0.2871,0.0785,0.5,0.64,1.0747
2011-06-30,112152000,112152000,1,4581900000,2416000000,3379100000,2287100000,1202800000,0,0,1635300000,675000000,546100000,41700000,41700000,0.38,0.37,0.33,104700000,-192700000,18000000,-70000000,263200000,8800000,29.45,31.22,27.68,0.1413,0.0412,10.72,2.83,19.38,12.96,0.9003,0.5612,0.2625,0.0824,0.5,0.86,1.0564
2011-03-31,110263000,110263000,1,3691100000,1749800000,2544000000,1485300000,1147100000,0,0,1415400000,675000000,447400000,15200000,15200000,0.14,0.14,0.33,-7300000,-27300000,118000000,83400000,333200000,8300000,30.16,31.92,28.4,0.1514,0.0448,10.4,2.96,18.17,12.63,0.8665,0.5884,0.3108,0.0875,0.51,-0.14,1.1781
2010-12-31,108605000,108605000,1,3596000000,1726000000,2489300000,1577300000,1106700000,0,0,1367200000,550000000,459100000,54700000,54700000,0.52,0.52,0.32,19400000,-42500000,-23400000,-46500000,249800000,7300000,27.84,29.8,25.87,0.1741,0.0503,10.19,2.92,21.42,12.3,0.7782,0.497,0.3078,0.0934,0.54,0.11,1.0943
2010-09-30,106006000,106006000,1,3460700000,1689900000,2449300000,1532300000,1011400000,0,0,1260000000,550000000,463200000,46200000,46200000,0.44,0.44,0.32,122800000,-24400000,-32100000,66300000,296300000,5100000,25.36,26.75,23.96,0.1439,0.0404,9.54,2.76,19.97,11.98,0.9804,0.5438,0.2923,0.074,0.55,1.11,1.1029
2010-06-30,105203000,105203000,1,3555800000,1823600000,2590400000,1689900000,965400000,0,0,1211400000,550000000,459500000,44000000,44000000,0.42,0.42,0.32,86100000,-27400000,-55800000,2900000,230000000,7000000,24.81,27,22.63,0.1445,0.0396,9.18,2.8,19.23,11.66,1.0045,0.5697,0.2715,0.0724,0.55,0.75,1.0791
2010-03-31,103600000,103600000,1,3232100000,1521900000,2315400000,1420500000,916700000,0,0,1183400000,550000000,482400000,29200000,29200000,0.28,0.28,0.32,3500000,2600000,15100000,21200000,227100000,6000000,23.87,25.84,21.9,0.1494,0.0393,8.85,2.74,18.65,11.34,0.9962,0.6,0.2836,0.0726,0.54,-0.02,1.0714
2009-12-31,102483000,102483000,1,3250300000,1540000000,2357400000,1474400000,892900000,0,0,1180700000,550000000,435100000,16800000,16800000,0.16,0.16,0.32,15900000,-36000000,-11900000,-32000000,205900000,5900000,23.27,24.65,21.88,0.1513,0.0388,8.71,2.72,19.89,11.02,1.0095,0.616,0.2747,0.0744,0.52,0.1,1.0445
2009-09-30,101800000,101800000,1,3241100000,1565600000,2372000000,1630500000,869100000,0,0,1160800000,400000000,439500000,41600000,41600000,0.41,0.41,0.32,118000000,-13500000,-92700000,11800000,237900000,4100000,22.6,25,20.2,0.1436,0.0351,8.54,2.72,19.48,10.7,1.0977,0.4602,0.2681,0.0683,0.51,1.12,0.9602
2009-06-30,101200000,101200000,1,3652500000,1980700000,2812700000,2070600000,839800000,0,0,1161200000,400000000,453600000,43800000,43800000,0.44,0.44,0.32,111600000,-15600000,-62400000,33600000,226100000,8200000,19.88,23.25,16.51,0.143,0.0341,8.3,2.49,17.14,10.38,1.1154,0.4763,0.2299,0.0665,0.51,1.02,0.9566
2009-03-31,100200000,100200000,1,3108600000,1444500000,2310400000,1580100000,798200000,0,0,1150000000,400000000,401100000,26400000,26400000,0.27,0.27,0.32,-34000000,-29500000,61600000,-1900000,192500000,5300000,20.42,26.02,14.82,0.1444,0.0335,7.97,2.67,24.9,10.06,1.1228,0.5011,0.2568,0.0657,0.51,-0.39,0.9142
2008-12-31,96426000,96426000,1,3271300000,1702000000,2532800000,1858600000,738500000,0,0,1057600000,400000000,412100000,4700000,4700000,0.06,0.05,0.32,39600000,-80300000,-14500000,-55200000,194400000,7000000,24.8,28.21,21.38,0.1052,0.0232,7.66,3.04,24.31,9.74,1.5629,0.5416,0.2258,0.047,0.49,0.34,0.9157
2008-09-30,95000000,95000000,1,3197200000,1743800000,2422200000,1818000000,775000000,0,0,945400000,400000000,428200000,37800000,37800000,0.4,0.4,0.32,102000000,-78900000,-6400000,16700000,249600000,8700000,26.93,30,23.86,0.1317,0.0282,8.16,3.46,23.22,9.42,1.2342,0.5161,0.2424,0.0599,0.47,0.98,0.9592
2008-06-30,93300000,93300000,1,3509500000,2132800000,2783300000,2162400000,726200000,0,0,853200000,400000000,428900000,40800000,40800000,0.44,0.44,0.32,82400000,-60200000,25500000,47700000,232900000,8200000,25.03,26.59,23.47,0.1512,0.0315,7.78,3.32,21.58,9.1,1.0654,0.5508,0.2069,0.0688,0.46,0.8,0.9863
2008-03-31,92800000,92800000,1,3340900000,2020800000,2642300000,2022400000,698600000,0,0,796300000,400000000,375800000,-6000000,-6000000,-0.07,-0.07,0.32,-63400000,-42700000,35400000,-70700000,185200000,8100000,24.32,26.25,22.4,0.1524,0.0319,7.53,3.13,17.01,8.78,1.0344,0.5726,0.2091,0.0701,0.45,-0.77,0.9992
2007-12-31,92049000,92049000,1,3556800000,2275800000,2841300000,2232200000,715500000,0,0,756200000,400000000,370200000,23400000,23400000,0.25,0.25,0.31,103200000,-104700000,-94000000,-95500000,255900000,14700000,26.73,29.46,24.01,0.1771,0.039,7.77,3.26,18.56,8.46,0.849,0.559,0.2012,0.0855,0.46,0.96,1.0195
2007-09-30,93900000,93900000,1,3570900000,2370100000,2801600000,2180400000,769300000,0,0,674700000,400000000,424100000,51800000,51800000,0.55,0.54,0.31,76100000,-27700000,92100000,140500000,351400000,8900000,29.24,31.83,26.66,0.1705,0.0398,8.19,3.56,20.74,8.14,0.8487,0.52,0.2154,0.0839,0.47,0.72,1.087
2007-06-30,95300000,95300000,1,3701700000,2545100000,2918900000,2699400000,782800000,0,0,647600000,0,440800000,43800000,43800000,0.45,0.44,0.31,114200000,-24900000,-37200000,52100000,210900000,7200000,28.35,29.5,27.2,0.1647,0.0397,8.21,3.23,21.16,7.83,0.8608,0,0.2115,0.0831,0.48,1.12,0.9428
2007-03-31,98900000,98900000,1,3391700000,2268900000,2523800000,2312500000,867900000,0,0,626400000,0,388200000,19800000,19800000,0.2,0.2,0.31,-41200000,-88600000,80600000,-49200000,158800000,9900000,28.09,30.15,26.02,0.1553,0.0379,8.78,3.2,21.44,7.52,0.9051,0,0.2559,0.0823,0.46,-0.52,0.9811
2006-12-31,98354000,98354000,1,3420100000,2376200000,2556000000,2401300000,864100000,0,0,529700000,25900000,414700000,24600000,24600000,0.24,0.26,0.3,30600000,-7900000,-45800000,-23100000,208000000,5500000,28.43,30.42,26.44,0.1562,0.0378,8.79,3.3,26.08,7.21,0.9113,0.03,0.2527,0.0838,0.45,0.26,0.9895
2006-09-30,98100000,98100000,1,3415100000,2337900000,2569300000,2329900000,845800000,0,0,481100000,102700000,421200000,50200000,50200000,0.52,0.51,0.3,100000000,-29900000,-61400000,8700000,231100000,9400000,26.28,28.14,24.42,0.1332,0.0313,8.62,3.19,23.89,6.92,1.0752,0.1214,0.2477,0.0713,0.44,0.92,1.0034
2006-06-30,97200000,97200000,1,3638300000,2599800000,2837100000,2603200000,801200000,0,0,457400000,104300000,370600000,36600000,36600000,0.38,0.37,0.3,68200000,-34400000,4600000,38400000,222400000,10000000,26.54,28.32,24.75,0.1362,0.0315,8.24,3.3,20.9,6.62,1.0462,0.1302,0.2202,0.073,0.43,0.6,0.9987
2006-03-31,96700000,96700000,1,3135100000,2130100000,2356200000,2119400000,778900000,0,0,430900000,106000000,327500000,17100000,17100000,0.18,0.17,0.3,-94100000,-23700000,-16000000,-133800000,184000000,8100000,29.71,31.77,27.65,0.1585,0.0365,8.05,3.7,99.03,6.32,0.8938,0.1361,0.2484,0.0834,0.44,-1.06,1.005
2005-12-31,95723000,95723000,1,3389500000,2401800000,2620400000,2386300000,769100000,0,0,418200000,107600000,374000000,2500000,2500000,0.03,0.04,0.28,32700000,-6300000,-22500000,3900000,317800000,10100000,30.05,31.94,28.16,0.0414,0.0092,8.03,3.65,38.53,6.02,3.4429,0.1399,0.2269,0.0208,0.44,0.24,1.0065
2005-09-30,95200000,95200000,1,3385800000,2419800000,2601300000,2390600000,784500000,0,0,407300000,80700000,389900000,50500000,50500000,0.53,0.52,0.28,102200000,-6900000,-24500000,70800000,313900000,1900000,28.16,29.78,26.54,0.1042,0.0233,8.24,3.59,33.93,5.74,1.3213,0.1029,0.2317,0.0517,0.45,1.05,1.0122
2005-06-30,94600000,94600000,1,3444400000,2475900000,2701500000,2491800000,742900000,0,0,400300000,81700000,371100000,51800000,51800000,0.55,0.54,0.28,40000000,11000000,-20200000,30800000,243100000,6200000,27.81,29.15,26.48,0.111,0.025,7.85,3.79,35.65,5.46,1.2142,0.11,0.2157,0.0549,0.46,0.36,0.9936
2005-03-31,93200000,93200000,1,3227700000,2217000000,2545000000,2281700000,682700000,0,0,372900000,138300000,348900000,-74000000,-74000000,-0.8,-0.8,0.28,13900000,-12400000,-13800000,-12300000,212300000,4600000,30.7,32.85,28.55,0.1049,0.0237,7.33,3.72,15.43,5.17,1.2592,0.2026,0.2115,0.0508,0.47,0.1,0.9716
2004-12-31,92125000,92125000,1,3237900000,2227800000,2476900000,2212100000,761000000,0,0,374200000,140000000,386900000,49100000,49100000,0.53,0.52,0.25,42100000,-75200000,-39600000,-72700000,224600000,7400000,29.26,34.1,24.42,0.2647,0.0607,8.26,3.64,14.63,4.89,0.487,0.184,0.235,0.1273,0.48,0.38,1.0071
2004-09-30,92400000,92400000,1,3085000000,2181800000,2342100000,2094900000,742900000,0,0,293900000,141700000,373000000,54400000,54400000,0.59,0.57,0.25,94200000,-20000000,-35200000,39000000,297300000,11000000,31.19,33.5,28.87,0.2787,0.0625,8.04,4.11,15.99,4.64,0.4505,0.1907,0.2408,0.1293,0.48,0.9,1.0415
2004-06-30,91876000,91876000,1,3218200000,2343400000,2521400000,2276500000,696800000,0,0,269300000,143400000,378900000,46100000,46100000,0.51,0.49,0.25,77400000,-19500000,-11100000,46800000,258300000,6400000,32.05,33.97,30.13,0.2867,0.0627,7.58,4.49,17.32,4.39,0.4264,0.2058,0.2165,0.128,0.49,0.77,1.0294
2004-03-31,90792000,90792000,1,2873000000,2049300000,2225000000,2004500000,648000000,0,0,253400000,121300000,341500000,38900000,38900000,0.43,0.41,0.25,63500000,-24300000,-21300000,17900000,211500000,4200000,32.51,34.25,30.77,0.2851,0.0623,7.14,4.73,20.71,4.14,0.4123,0.1872,0.2255,0.1282,0.49,0.65,1.0223
2003-12-31,89997000,89997000,1,2901600000,2107900000,2282500000,2061300000,619100000,0,0,222900000,122100000,365500000,49200000,49200000,0.56,0.53,0.18,84500000,-30100000,-39000000,15400000,193600000,7400000,29.74,32.74,26.74,0.2513,0.0545,6.88,4.53,21.09,3.9,0.4441,0.1972,0.2134,0.1157,0.47,0.86,1.0226
2003-09-30,90070826,90070826,1,2695100000,1975600000,2104500000,1907800000,590600000,0,0,168000000,125900000,345000000,48900000,48900000,0.54,0.52,0.18,88500000,-7200000,-52100000,29200000,178200000,5300000,26.85,29.06,24.64,0.242,0.0526,6.56,4.25,23.35,3.71,0.4586,0.2132,0.2191,0.1123,0.47,0.92,1.0355
2003-06-30,90581464,90581464,1,2644300000,1952000000,2071800000,1881900000,572500000,0,0,155500000,126700000,299000000,36200000,36200000,0.4,0.39,0.18,-2300000,-1500000,-12300000,-16100000,149000000,2700000,26.18,29,23.35,0.2057,0.0441,6.32,4.33,22.77,3.53,0.5381,0.2213,0.2165,0.0972,0.45,-0.06,1.0372
2003-03-31,90066153,90066153,1,2492400000,1804500000,1947600000,1759300000,544800000,0,0,153400000,127500000,254300000,11900000,11900000,0.13,0.13,0.18,58300000,-7000000,-38800000,12500000,165100000,9900000,26.52,29.75,23.28,0.2113,0.0443,6.05,4.46,18.81,3.35,0.5185,0.234,0.2186,0.0976,0.45,0.54,1.0257
2002-12-31,88809000,88809000,1,2463574000,1773610000,1935419000,1749604000,528155000,0,0,135062000,0,306782000,38293000,38293000,0.45,0.37,0.15,56468000,-15048000,-17528000,23892000,152536000,12986000,25.95,29.8,22.1,0.2727,0.055,5.95,4.68,17.77,3.17,0.406,0,0.2144,0.1178,0.47,0.49,1.0137
2002-09-30,87971772,87971772,1,2350570000,1690678000,1862758000,1689240000,487812000,0,0,109053000,0,268187000,23310000,23310000,0.26,0.26,0.15,82437000,-9587000,-54795000,18055000,128644000,10507000,28.3,34.9,21.7,0.2938,0.0608,5.55,5.17,16.75,3.02,0.3935,0,0.2075,0.1206,0.5,0.82,1.0009
2002-06-30,88333342,88333342,1,2448529000,1745886000,1965761000,1787235000,482768000,0,0,107042000,135457000,277091000,34461000,34461000,0.39,0.39,0.15,-545000,-6304000,14241000,7392000,110589000,10694000,34.67,37.2,32.15,0.3667,0.0809,5.47,7.38,22.08,2.87,0.3288,0.2806,0.1972,0.1428,0.57,-0.13,0.9769
2002-03-31,86087701,86087701,1,2172612000,1576991000,1768038000,1628083000,404574000,0,0,72845000,99683000,249162000,33675000,33675000,0.39,0.39,0.15,11323000,-17788000,11132000,4667000,103197000,11243000,34.12,37.24,31,0.3729,0.0899,4.7,7.86,23.21,2.72,0.3395,0.2464,0.1862,0.1411,0.64,0,0.9686
2001-12-31,85577000,85577000,1,1471823000,1024266000,1100210000,1066555000,371613000,0,0,65341000,0,268842000,36835000,36835000,0.42,0.42,0.13,37923000,-51966000,-12861000,-26904000,97334000,8762000,35.86,38.82,32.9,0.3653,0.1027,4.34,8.85,26.18,2.57,0.3478,0,0.2525,0.1376,0.75,0.34,0.9603
2001-09-30,84700220,84700220,1,1165910000,849202000,822746000,795798000,343164000,0,0,22867000,0,233297000,41903000,41903000,0.49,0.49,0.13,68809000,-4965000,-41660000,22184000,124238000,6030000,29.69,34,25.37,0.3513,0.1033,4.05,7.48,23.29,2.44,0.3569,0,0.2943,0.1318,0.78,0.74,1.0671
2001-06-30,84150478,84150478,1,1215239000,881816000,881448000,854155000,333791000,0,0,22609000,0,209092000,23056000,23056000,0.27,0.27,0.13,8614000,-7697000,-19769000,-18852000,100930000,5003000,25.71,29.2,22.23,0.3283,0.0984,3.97,6.41,21.42,2.31,0.3758,0,0.2747,0.1246,0.79,0.04,1.0324
2001-03-31,80651987,80651987,1,1026395000,707623000,703308000,678391000,323087000,0,0,17186000,0,198812000,23462000,23462000,0.29,0.29,0.13,14963000,-13195000,-22693000,-20925000,95972000,4524000,26.98,32.09,21.88,0.3181,0.0972,4.01,6.83,24.2,2.19,0.3859,0,0.3148,0.1221,0.8,0.13,1.0431
2000-12-31,79670000,79670000,1,1062298000,777722000,747926000,728751000,314372000,0,0,15931000,0,234535000,27030000,27030000,0.32,0.32,0.11,42908000,-18005000,-20269000,4634000,99904000,2841000,29.73,34.25,25.22,0.3089,0.0929,3.95,7.78,28.31,2.06,0.4004,0,0.2959,0.1185,0.78,0.5,1.0672
2000-09-30,39351024,78702048,2,938122000,654812000,637160000,618751000,300962000,0,0,14612000,0,195347000,30858000,30858000,0.79,0.79,0.23,53880000,-4489000,-23273000,26118000,92741000,2806000,25.16,30.25,20.06,0.2996,0.0886,3.82,7.11,26.01,1.95,0.4238,0,0.3208,0.1178,0.75,0.65,1.0583
2000-06-30,38151261,76302522,2,928751000,674968000,658924000,642744000,269827000,0,0,12658000,0,158444000,14733000,14733000,0.39,0.39,0.23,5450000,-9760000,-2169000,-6479000,63237000,4900000,18.33,21.72,14.94,0.2882,0.0825,3.54,5.42,19.4,1.83,0.4468,0,0.2905,0.1121,0.74,0.01,1.0501
2000-03-31,37215908,74431816,2,848551000,604696000,596927000,580296000,251624000,0,0,14031000,0,152270000,15155000,15155000,0.41,0.41,0.23,33991000,-20723000,-9790000,3478000,65935000,4021000,13.98,16.44,11.53,0.2954,0.0828,3.38,4.28,15.15,1.72,0.4395,0,0.2965,0.1118,0.74,0.4,1.042
1999-12-31,37088000,74176000,2,884146000,642842000,641679000,625681000,242467000,0,0,10895000,0,171062000,19014000,19014000,0.51,0.51,0.2,3308000,-4215000,-4150000,-5057000,61088000,2895000,14.43,16.56,12.31,0.3027,0.0838,3.27,4.55,16.31,1.6,0.4316,0,0.2742,0.1118,0.75,0.01,1.0274
1999-09-30,18370912,73483648,4,821261000,586163000,587958000,573717000,233303000,0,0,11126000,0,159326000,22946000,22946000,1.25,1.25,0.4,51665000,-16345000,-16562000,18758000,65699000,5157000,13.22,14.13,12.31,0.3097,0.0855,3.17,4.47,15.51,1.5,0.4237,0,0.2841,0.1093,0.78,0.63,1.0217
1999-06-30,18194294,72777176,4,808205000,578500000,592544000,578049000,215661000,0,0,11926000,0,140333000,12521000,12521000,0.69,0.69,0.4,1679000,-9181000,10436000,2934000,46851000,4310000,12.05,12.61,11.5,0.3078,0.0836,2.96,4.26,14.74,1.4,0.4274,0,0.2668,0.1068,0.78,-0.04,1.0008
1999-03-31,17989797,71959188,4,720438000,499853000,516552000,504097000,203886000,0,0,12451000,0,135115000,13272000,13272000,0.73,0.73,0.4,7002000,-10141000,-17413000,-20552000,43917000,4198000,11.61,12.66,10.56,0.3036,0.0822,2.83,4.09,14.51,1.3,0.4291,0,0.283,0.1049,0.78,0.04,0.9916
1998-12-31,18100066,72400264,4,758435000,542665000,552888000,539935000,205547000,0,0,12541000,0,173074000,17713000,17713000,0.87,0.87,0.35,21340000,-11672000,-19395000,-9727000,64469000,5787000,10.21,11.69,8.72,0.302,0.0815,2.84,3.69,13.35,1.2,0.4246,0,0.271,0.1035,0.79,0.21,1.0051
1998-09-30,17280729,69122916,4,720998000,519948000,529430000,516755000,191568000,0,0,10143000,0,140115000,19337000,19337000,1.12,1.12,0.35,29784000,-18464000,-9845000,1475000,61663000,3081000,10.3,11.44,9.16,0.2917,0.0776,2.77,3.83,13.73,1.11,0.4424,0,0.2657,0.1026,0.76,0.39,1.0062
1998-06-30,17241933,68967732,4,706290000,518729000,520955000,508371000,185335000,0,0,9926000,0,120994000,9370000,9370000,0.55,0.55,0.35,-6159000,-2017000,20360000,12184000,60188000,2579000,11.05,11.64,10.47,0.3027,0.0803,2.69,4.22,13.9,1.03,0.4308,0,0.2624,0.103,0.78,-0.13,1.0204
1998-03-31,16994047,67976188,4,630628000,444170000,452837000,438193000,177791000,0,0,10246000,0,120279000,10972000,10972000,0.66,0.66,0.35,9553000,-16544000,-12183000,-19174000,48004000,1780000,9.96,11.53,8.39,0.3469,0.0891,2.62,4.03,13.06,0.94,0.3865,0,0.2819,0.1108,0.8,0.11,1.0136
1997-12-31,16609073,66436292,4,641752000,468841000,477845000,466038000,163907000,0,0,10370000,0,129572000,12721000,12721000,0.73,0.73,0.31,11586000,-9259000,10974000,13301000,67178000,4395000,9.07,9.56,8.59,0.3613,0.0897,2.47,3.86,12.13,0.85,0.3827,0,0.2554,0.1092,0.82,0.11,1.006
1997-09-30,16490357,65961428,4,592102000,446558000,436887000,424502000,155215000,0,0,10353000,0,130401000,18565000,18565000,1.06,1.06,0.31,18957000,-11150000,-11569000,-3762000,53877000,2358000,8.98,9.41,8.56,0.3785,0.0913,2.35,4.26,12.14,0.77,0.3785,0,0.2621,0.1083,0.84,0.25,1.052
1997-06-30,16350726,65402904,4,606837000,471013000,469034000,457317000,137803000,0,0,10589000,0,116578000,12792000,12792000,0.73,0.73,0.31,24310000,-7774000,-7126000,9410000,57639000,2736000,8.52,9.44,7.59,0.3951,0.0916,2.11,4.18,12.81,0.7,0.3744,0,0.2271,0.1092,0.84,0.33,1.0299
1997-03-31,16371915,65487660,4,536535000,404315000,403211000,391725000,133324000,0,0,10854000,0,111477000,9238000,9238000,0.53,0.53,0.31,10794000,-7413000,-12169000,-8788000,48229000,1806000,7.91,8.38,7.44,0.371,0.0857,2.04,3.92,12.12,0.62,0.4066,0,0.2485,0.1002,0.86,0.14,1.0321
1996-12-31,16653426,66613704,4,590424000,463940000,455894000,444742000,134530000,0,0,11093000,0,131683000,12476000,12476000,0.67,0.67,0.29,-9477000,-946000,6099000,-4324000,56990000,2534000,7.92,8.56,7.28,0.3704,0.0862,2.02,4.06,11.48,0.54,0.4039,0,0.2279,0.1003,0.86,-0.18,1.0432
1996-09-30,16226860,64907440,4,561484000,439500000,434973000,424698000,126511000,0,0,7196000,0,121696000,18057000,18057000,1.03,1.03,0.29,22203000,-2447000,-11489000,8267000,61314000,2446000,8.31,8.75,7.88,0.3963,0.0933,1.95,4.59,12.45,0.47,0.3709,0,0.2253,0.1066,0.88,0.3,1.0349
1996-06-30,15280385,61121540,4,497655000,386078000,387038000,376476000,110617000,0,0,6926000,0,102583000,7061000,7061000,0.43,0.43,0.29,5659000,-1901000,-19149000,-15391000,47962000,2458000,8.29,9.09,7.5,0.3827,0.0912,1.81,4.21,12.75,0.4,0.3744,0,0.2223,0.1032,0.88,0.05,1.0255
1996-03-31,15637408,62549632,4,475819000,363182000,352798000,341563000,123021000,0,0,7401000,0,100717000,8209000,8209000,0.48,0.48,0.29,15220000,-2097000,-3534000,9589000,63353000,2617000,9.43,9.88,8.97,0.3766,None,1.97,4.99,14.97,0.32,0.3707,0,0.2585,0.1028,0.86,0.2,1.0633
1995-12-31,15611379,62445516,4,495794000,381654000,377652000,363851000,118142000,0,0,7576000,0,119670000,14058000,14058000,0.82,0.82,0.25,-3794000,-703000,-12190000,-16687000,53545000,1361000,8.82,9.5,8.13,0.3768,None,1.89,4.72,None,0.25,0.3691,0,0.2383,0.1007,0.86,-0.08,1.0489
1995-09-30,15551510,62206040,4,494217000,389293000,378103000,365529000,116114000,0,0,7772000,0,110641000,15432000,15432000,0.94,0.94,0.25,21316000,-2231000,-3694000,15391000,70232000,2586000,9.08,9.5,8.66,None,None,1.87,5.28,None,0.19,None,0,0.2349,None,None,0.3,1.065
1995-06-30,15083560,60334240,4,487073000,382638000,383143000,370965000,103930000,0,0,7771000,0,91164000,5721000,5721000,0.36,0.36,0.25,12157000,-1864000,-5519000,4774000,50290000,2588000,8.79,9.09,8.5,None,None,1.72,5.17,None,0.13,None,0,0.2134,None,None,0.16,1.0315
1995-03-31,15016858,60067432,4,438868000,336937000,336626000,324393000,102242000,0,0,7750000,0,90523000,6280000,6280000,0.4,0.4,0.25,11775000,-3887000,-2061000,5827000,45516000,2898000,8.27,9,7.53,None,None,1.7,5.14,None,0.06,None,0,0.233,None,None,0.15,1.0387
1994-12-31,14987193,59948772,4,451110000,351072000,354379000,341726000,96731000,0,0,7896000,3390000,None,None,None,None,None,0,None,None,None,None,39689000,0,7.9,8.38,7.41,None,None,1.61,None,None,0,None,0.035,0.2144,None,None,None,1.0273
