"Quarter end","Shares","Shares split adjusted","Split factor","Assets","Current Assets","Liabilities","Current Liabilities","Shareholders equity","Non-controlling interest","Preferred equity","Goodwill & intangibles","Long-term debt","Revenue","Earnings","Earnings available for common stockholders","EPS basic","EPS diluted","Dividend per share","Cash from operating activities","Cash from investing activities","Cash from financing activities","Cash change during period","Cash at end of period","Capital expenditures","Price","Price high","Price low","ROE","ROA","Book value of equity per share","P/B ratio","P/E ratio","Cumulative dividends per share","Dividend payout ratio","Long-term debt to equity ratio","Equity to assets ratio","Net margin","Asset turnover","Free cash flow per share","Current ratio"
2019-06-30,70800000,70800000,1,3561400000,1839900000,3832200000,1251700000,-284800000,14000000,0,654100000,2019700000,1508700000,-7000000,-7000000,-0.1,-0.1,0.03,12900000,-29400000,-53100000,-71900000,240900000,39000000,3.39,4.86,1.92,None,-0.0012,-4.02,None,None,85.19,None,None,None,None,1.77,-0.37,1.4699
2019-03-31,70800000,70800000,1,3667400000,1926200000,3917400000,1205800000,-264500000,14500000,0,659300000,2133700000,1521900000,-8800000,-8800000,-0.12,-0.12,0.03,-130000000,-38100000,74800000,-90800000,312800000,37400000,5.09,6.34,3.84,None,-0.0028,-3.74,None,None,85.16,None,None,None,None,1.8,-2.36,1.5974
2018-12-31,70444352,70444352,1,3640800000,2099700000,3886200000,1550900000,-260100000,14700000,0,666700000,1875300000,1763400000,-22700000,-22700000,-0.33,-0.33,0.03,267400000,-33300000,-123900000,107400000,403600000,31700000,5.12,6.75,3.49,None,-0.003,-3.69,None,None,85.13,None,None,None,None,1.85,3.35,1.3539
2018-09-30,70400000,70400000,1,3698000000,2145200000,3917500000,1510100000,-233900000,14400000,0,674500000,1955300000,1649500000,34300000,34300000,0.49,0.49,0.03,64100000,29000000,-79600000,9700000,296200000,24700000,5.36,6.23,4.48,None,-0.011,-3.32,None,None,85.1,None,None,None,None,1.85,0.56,1.4206
2018-06-30,70400000,70400000,1,3653800000,2085800000,3901300000,1412300000,-261800000,14300000,0,681400000,2034100000,1679500000,-13000000,-13000000,-0.18,-0.18,0.14,12300000,-30800000,60200000,27100000,281300000,26500000,7.53,9.56,5.49,None,-0.022,-3.72,None,94.12,85.07,None,None,None,None,1.84,-0.2,1.4769
2018-03-31,70300000,70300000,1,3680600000,2036300000,3868900000,1429100000,-202800000,14500000,0,727000000,1969400000,1707800000,-9600000,-9600000,-0.14,-0.14,0.14,-140300000,27700000,66100000,-42100000,259400000,21500000,8.15,9.79,6.51,None,0.0016,-2.88,None,None,84.93,6.4373,None,None,0.0009,1.81,-2.3,1.4249
2017-12-31,70083915,70083915,1,3904500000,2216900000,4107400000,1553000000,-217600000,14700000,0,731800000,2098900000,1882400000,-52800000,-52800000,-0.76,-0.76,0.14,230500000,-23300000,-155200000,57300000,301500000,31300000,0.14,0.14,0.14,None,-0.0088,-3.1,None,None,84.79,None,None,None,None,1.78,2.84,1.4275
2017-09-30,70100000,70100000,1,3956700000,2218600000,4119700000,1478300000,-176900000,13900000,0,738100000,2232200000,1734900000,-8000000,-8000000,-0.11,-0.11,0.14,39200000,-25200000,-16800000,1800000,225800000,23000000,10.7,12.74,8.66,None,-0.1241,-2.52,None,None,84.65,None,None,None,None,1.68,0.23,1.5008
2017-06-30,70000000,70000000,1,3831800000,2062500000,3993300000,1340400000,-175100000,13600000,0,764600000,2233400000,1646000000,76500000,76500000,1.09,1.09,0.14,-33200000,-22300000,29100000,-20300000,224000000,28100000,12.71,14.2,11.21,None,-0.1015,-2.5,None,None,84.51,None,None,None,None,1.59,-0.88,1.5387
2017-03-31,70000000,70000000,1,3907300000,2138000000,4081400000,1412300000,-188100000,14000000,0,767600000,2234900000,1676300000,-50100000,-50100000,-0.71,-0.71,0.14,-18600000,95500000,-151400000,-73200000,244300000,26100000,14.82,18.28,11.35,None,-0.103,-2.69,None,None,84.37,None,None,None,None,1.55,-0.64,1.5138
2016-12-31,69885993,69885993,1,4284700000,2516900000,4376900000,1551100000,-105700000,13500000,0,773900000,2379200000,1645600000,-514100000,-514100000,-7.33,-7.33,0.14,117400000,-42600000,-158400000,-94300000,317500000,24200000,19.75,23.81,15.7,None,-0.0765,-1.51,2.63,15.43,84.23,None,None,None,None,1.51,1.33,1.6227
2016-09-30,69800000,69800000,1,7472500000,3312500000,6934100000,2221600000,524400000,14000000,0,2190600000,3635300000,2772400000,-7100000,-7100000,-0.1,-0.1,20.13,108100000,-95800000,111200000,121200000,411800000,46500000,28.48,31.14,25.81,0.1429,0.0123,7.51,3.28,17.91,84.09,17.5815,6.9323,0.0702,0.008,1.53,0.88,1.491
2016-06-30,209500000,69833263,0.333333,7088200000,2974300000,6468700000,2443300000,605800000,13700000,0,2150700000,2943800000,2729700000,-14500000,-14500000,-0.07,-0.07,0.26,92500000,-42600000,-15800000,26900000,290600000,53300000,27.45,29.47,25.44,0.1688,0.0153,8.67,2.8,11.3,63.96,1.9661,4.8594,0.0855,0.0099,1.54,0.56,1.2173
2016-03-31,209400000,69799930,0.333333,7086100000,2937000000,6388600000,2423100000,683800000,13700000,0,2167500000,2942900000,2651400000,39800000,39800000,0.19,0.19,0.26,-192800000,-29500000,92000000,-125900000,263700000,48100000,24.07,27.68,20.46,0.2466,0.023,9.8,2.45,10.99,63.18,1.2885,4.3037,0.0965,0.0151,1.52,-3.45,1.2121
2015-12-31,208766693,69588828,0.333333,7279300000,3101700000,6582700000,2337300000,682700000,13900000,0,2181600000,3188300000,2934600000,71000000,71000000,0.34,0.34,0.26,447800000,-56100000,-247700000,132300000,389600000,54800000,47.43,51.66,43.2,0.233,0.0205,9.81,5.08,32.27,62.4,1.4226,4.6701,0.0938,0.0134,1.53,5.65,1.327
2015-09-30,208700000,69566597,0.333333,7470600000,3184500000,6807900000,2450300000,648900000,13800000,0,2203500000,3216100000,2828000000,14300000,14300000,0.07,0.07,0.26,143200000,-50700000,-124500000,-38100000,257300000,51700000,48.47,54,42.93,0.159,0.0134,9.33,4.69,22.13,61.62,2.1349,4.9562,0.0869,0.0087,1.53,1.32,1.2996
2015-06-30,208700000,69566597,0.333333,7492400000,3108100000,6754800000,2151200000,719300000,18300000,0,2248500000,3434100000,2748100000,43500000,43500000,0.21,0.21,0.26,205300000,-164600000,-16700000,26700000,295400000,52600000,56.34,60.39,52.29,0.2144,0.0197,10.34,6.94,22.36,60.84,1.4259,4.7742,0.096,0.0128,1.54,2.2,1.4448
2015-03-31,200600000,66866599,0.333333,7205300000,3043700000,6646700000,2030900000,542900000,15700000,0,2100400000,3431000000,2746100000,22300000,22300000,0.11,0.11,0.26,-144300000,-45700000,-47600000,-259200000,268700000,48500000,53.02,59.07,46.98,0.2306,0.0225,8.12,5.94,30.47,60.06,1.233,6.3198,0.0753,0.0144,1.56,-2.88,1.4987
2014-12-31,199811821,66603873,0.333333,7639300000,3373300000,7018900000,2367300000,593800000,26600000,0,2130300000,3429100000,3069300000,19500000,19500000,0.1,0.1,0.26,468800000,-36400000,-158400000,258700000,527900000,59100000,49.08,53.1,45.06,0.1445,0.0155,8.92,3.65,15.73,59.28,1.7695,5.7748,0.0777,0.0101,1.53,6.15,1.425
2014-09-30,199800000,66599933,0.333333,7566900000,3323400000,6648500000,2415700000,895400000,23000000,0,2187700000,3427300000,2957800000,62200000,62200000,0.31,0.31,0.26,184200000,-69100000,-124900000,-19700000,269200000,58200000,50.5,53.46,47.55,0.2457,0.027,13.44,3.76,20.78,58.5,1.0263,3.8277,0.1183,0.0179,1.51,1.89,1.3758
2014-06-30,199800000,66599933,0.333333,7546900000,3202900000,6632100000,2348400000,894400000,20400000,0,2218000000,3428900000,2902500000,64700000,64700000,0.32,0.32,0.26,150100000,-44300000,-125000000,-19500000,288900000,57300000,50.1,54.9,45.3,0.2562,0.0209,13.43,3.85,19.65,57.72,1.3116,3.8337,0.1185,0.0141,1.49,1.39,1.3639
2014-03-31,199600000,66533266,0.333333,7594400000,3178300000,6708900000,2198300000,865900000,19600000,0,2237800000,3627200000,2673800000,-29000000,-29000000,-0.15,-0.15,0.26,-80400000,-427400000,-196800000,-720000000,308400000,49000000,56.3,61.14,51.45,0.3983,0.0215,13.01,5.88,16.32,56.94,1.2753,4.1889,0.114,0.0146,1.47,-1.94,1.4458
2013-12-31,197791436,65930412,0.333333,7238200000,3561600000,6584500000,2228700000,631800000,21900000,0,1752200000,3587000000,2755300000,104000000,104000000,0.57,0.56,0.26,387700000,-86300000,263700000,565600000,1028400000,77000000,54.51,61.8,47.22,None,0.0299,9.58,175.84,None,56.16,0.9143,5.6774,0.0873,0.0202,1.48,4.71,1.5981
2013-09-30,181700000,60566606,0.333333,7102000000,3058600000,7065600000,2157000000,18900000,17500000,0,1770000000,3240100000,2614900000,14700000,14700000,0.08,0.08,0.26,249200000,-47500000,-96000000,108400000,462800000,55300000,50.23,57.78,42.69,None,-0.1049,0.31,73.87,None,55.38,None,171.4339,0.0027,None,1.47,3.2,1.418
2013-06-30,181700000,60566606,0.333333,6901600000,2807400000,6846500000,1934100000,40900000,14200000,0,1782300000,3515300000,2571600000,65400000,65400000,0.36,0.36,0.26,153700000,-45500000,-48600000,51500000,354400000,46400000,37.58,42.21,32.94,None,-0.093,0.68,61.61,None,54.6,None,85.9487,0.0059,None,1.39,1.77,1.4515
2013-03-31,181500000,60499939,0.333333,7006800000,2814400000,6956400000,1750900000,37100000,13300000,0,1798300000,3533800000,2538500000,27100000,27100000,0.15,0.15,0.26,-95800000,-33100000,3700000,-127800000,302900000,37900000,31.16,36.15,26.16,None,-0.0863,0.61,35.41,None,53.82,None,95.2507,0.0053,None,1.33,-2.21,1.6074
2012-12-31,180344198,60114672,0.333333,7262700000,2977400000,7194000000,2053900000,52800000,15900000,0,1819300000,3438600000,2659600000,-849000000,-849000000,-4.69,-4.69,0.26,522500000,-75000000,-410600000,37800000,430700000,11800000,29.55,33.36,25.74,-0.7855,-0.0817,0.88,1.57,None,53.04,None,65.125,0.0073,None,1.28,8.5,1.4496
2012-09-30,180300000,60099939,0.333333,8303900000,3138900000,7153700000,2288600000,1131300000,18900000,0,2816500000,3786400000,2508800000,71400000,71400000,0.39,0.39,0.26,159500000,-119900000,-29000000,23900000,392900000,66200000,35.79,39.78,31.8,-0.1199,-0.0157,18.82,2.03,None,52.26,None,3.3469,0.1362,None,1.25,1.55,1.3715
2012-06-30,180300000,60099939,0.333333,8099800000,2981200000,7020100000,2055100000,1060700000,19000000,0,2760900000,3761400000,2528600000,88800000,88800000,0.49,0.49,0.26,61900000,-43600000,-50400000,-46000000,369000000,48400000,34.3,38.55,30.06,-0.0341,-0.0051,17.65,1.92,None,51.48,None,3.5461,0.131,None,1.25,0.22,1.4506
2012-03-31,180300000,60099939,0.333333,8212800000,2974700000,7121000000,2079000000,1072400000,19400000,0,2796500000,3755300000,2524900000,37400000,37400000,0.21,0.21,0.26,-52000000,-46300000,52000000,-34700000,415000000,45300000,39.72,45.39,34.05,-0.0835,-0.0138,17.84,2.27,None,50.7,None,3.5018,0.1306,None,1.23,-1.62,1.4308
2011-12-31,178499353,59499724,0.333333,8281700000,2968600000,7219500000,2124000000,1042700000,19500000,0,2812400000,3660500000,2720800000,-326700000,-326700000,-1.77,-1.77,0.26,474500000,-70900000,-325200000,81600000,449700000,57100000,44.88,49.95,39.81,-0.0714,-0.0139,17.52,1.56,12.57,49.92,None,3.5106,0.1259,None,1.21,7.02,1.3976
2011-09-30,187800000,62599937,0.333333,8905900000,3182900000,7082000000,2375400000,1804300000,19600000,0,3325500000,3939200000,2683300000,158000000,158000000,0.84,0.83,0.26,303700000,-96100000,-191400000,5100000,368100000,65600000,50.66,61.32,39.99,0.1148,0.0257,28.82,1.77,27.68,49.14,0.8884,2.1832,0.2026,0.0218,1.18,3.8,1.3399
2011-06-30,187800000,62599937,0.333333,9026200000,3167700000,7219500000,2390100000,1787400000,19300000,0,3346800000,4077300000,2623400000,12200000,12200000,0.06,0.06,0.26,175300000,-144100000,-78000000,-36300000,363000000,81100000,59.88,64.02,55.74,0.0598,0.0141,28.55,1.85,20.58,48.36,1.6623,2.2811,0.198,0.0122,1.16,1.5,1.3253
2011-03-31,207500000,69166597,0.333333,8966400000,3112300000,6708700000,2022500000,2238100000,19600000,0,3308200000,3518200000,2583500000,33900000,33900000,0.16,0.16,0.26,-7200000,-64300000,-56400000,-119800000,399300000,47100000,55.32,58.17,52.47,0.0925,0.0229,32.36,1.71,17.4,47.58,1.0587,1.572,0.2496,0.0199,1.15,-0.79,1.5388
2010-12-31,206529392,68843061,0.333333,9083200000,3167300000,6837800000,1973400000,2224300000,21100000,0,3301800000,3530000000,2707100000,27000000,27000000,0.12,0.14,0.26,271400000,-522200000,31700000,-212500000,519100000,84500000,51.87,56.46,47.28,0.1022,0.0253,32.31,1.62,32.02,46.8,0.968,1.587,0.2449,0.0221,1.14,2.71,1.605
2010-09-30,206300000,68766597,0.333333,8824800000,3347800000,6601100000,1731400000,2201800000,21900000,0,2971300000,3415400000,2488100000,53300000,53300000,0.26,0.25,0.26,212000000,-50300000,-54400000,115800000,731600000,50400000,49.52,54.15,44.88,0.0537,0.0133,32.02,1.61,47.16,46.02,1.8606,1.5512,0.2495,0.0116,1.14,2.35,1.9336
2010-06-30,206300000,68766597,0.333333,8605800000,3085800000,6468100000,1615600000,2115600000,22100000,0,2994500000,3405900000,2408600000,88800000,88800000,0.43,0.42,0.26,193500000,-38700000,16300000,164500000,615800000,54600000,58.45,67.8,49.11,0.0345,0.0086,30.76,1.88,389.67,45.24,2.8544,1.6099,0.2458,0.0076,1.13,2.02,1.91
2010-03-31,206300000,68766597,0.333333,8570500000,2907800000,6412400000,1937500000,2135800000,22300000,0,3044700000,3318700000,2415100000,52600000,52600000,0.26,0.25,0.26,75600000,-63300000,-51600000,-47900000,451300000,39900000,63.31,69.57,57.06,0.0051,0.0013,31.06,2.03,None,44.46,18.7559,1.5538,0.2492,0.0012,1.12,0.52,1.5008
2009-12-31,205474233,68491342,0.333333,8747600000,2960900000,6586600000,2039700000,2134000000,27000000,0,3080700000,2982500000,2583100000,-79500000,-79500000,-0.38,-0.38,0.26,327300000,-103900000,-143600000,84300000,499200000,62100000,64.19,68.13,60.24,-0.0122,-0.003,31.16,1.91,None,43.68,None,1.3976,0.244,None,1.09,3.87,1.4516
2009-09-30,205300000,68433264,0.333333,8920800000,2966400000,6592400000,2138900000,2302200000,26200000,0,3230900000,2982400000,2463100000,13100000,13100000,0.06,0.06,0.26,247800000,-44600000,-268600000,-56000000,414900000,40800000,48.18,65.13,31.23,-0.2779,-0.0687,33.64,1.44,None,42.9,None,1.2955,0.2581,None,1.09,3.02,1.3869
2009-06-30,205300000,68433264,0.333333,8928800000,2890400000,6607200000,2046600000,2296200000,25400000,0,3244800000,3103500000,2355600000,25200000,25200000,0.12,0.12,0.26,312000000,-40200000,-865100000,-556700000,470900000,37200000,33.77,43.29,24.24,-0.1771,-0.048,33.55,1.04,None,42.12,None,1.3516,0.2572,None,1.05,4.02,1.4123
2009-03-31,205200000,68399931,0.333333,9595300000,3498100000,7352700000,2310100000,2217600000,25000000,0,3242200000,3603300000,2455600000,13900000,13900000,0.07,0.07,0.26,538700000,-72200000,249300000,703600000,1027600000,54900000,31.11,45.48,16.74,-0.1136,-0.0332,32.42,0.92,None,41.34,None,1.6249,0.2311,None,1.02,7.07,1.5143
2008-12-31,205208132,68402642,0.333333,9494300000,3281000000,7175800000,2486800000,2318500000,0,0,3257000000,3203300000,2796300000,-686900000,-686900000,-3.34,-3.34,0.26,326300000,-74400000,-329400000,-111700000,324000000,84200000,50.98,73.38,28.59,-0.0525,-0.0166,33.89,0.87,17.34,40.56,None,1.3816,0.2442,None,1.01,3.54,1.3194
2008-09-30,205000000,68333265,0.333333,11937100000,3547100000,7938700000,3076000000,3998400000,0,0,4445500000,3198100000,2864600000,168200000,168200000,0.8,0.8,0.26,318700000,-79800000,-212900000,400000,435700000,81300000,79.08,90,68.16,0.0508,0.0168,58.51,1.35,26.9,39.78,1.0749,0.7998,0.335,0.0172,0.98,3.47,1.1532
2008-06-30,210000000,69999930,0.333333,12170900000,3561900000,8077900000,3073200000,4093000000,0,0,4570700000,3198300000,2923600000,146300000,146300000,0.69,0.69,0.26,245900000,-27000000,-183600000,37600000,435300000,85500000,93.16,99.87,86.46,0.052,0.0172,58.47,1.63,None,39,1.0521,0.7814,0.3363,0.0177,0.97,2.29,1.159
2008-03-31,212300000,70766595,0.333333,12247200000,3589400000,8197900000,2822700000,4049300000,0,0,4609900000,3597800000,2997100000,182500000,182500000,0.85,0.85,0.26,125000000,-170000000,49100000,18700000,397700000,71900000,100.06,114.57,85.56,-0.0013,-0.0004,57.22,1.83,None,38.22,None,0.8885,0.3306,None,0.96,0.75,1.2716
2007-12-31,214860181,71619988,0.333333,12086700000,3521300000,8179400000,2765200000,3907300000,0,0,4588100000,3601900000,3088200000,-293300000,-293300000,-1.36,-1.36,0.26,393900000,-282700000,-82800000,36000000,379000000,160900000,113.98,122.94,105.03,-0.0118,-0.004,54.56,1.96,34.23,37.44,None,0.9218,0.3233,None,0.95,3.25,1.2734
2007-09-30,214600000,71533261,0.333333,12402900000,3494000000,8253100000,2787500000,4149800000,0,0,5070800000,3602500000,2910000000,175000000,175000000,0.8,0.8,0.26,346300000,-64700000,-247100000,41900000,343000000,84300000,116.76,135.75,97.77,0.0581,0.021,58.01,2.02,36.72,36.66,0.9313,0.8681,0.3346,0.0222,0.95,3.66,1.2535
2007-06-30,218000000,72666594,0.333333,12264600000,3273400000,8072000000,2570800000,4192600000,0,0,5103800000,3602200000,2796300000,-69400000,-69400000,-0.32,-0.32,0.26,214500000,-508600000,286900000,1500000,301100000,127400000,121.29,133.02,109.56,0.056,0.0213,57.7,2.08,20.73,35.88,0.9749,0.8592,0.3418,0.0225,0.95,1.2,1.2733
2007-03-31,220100000,73366593,0.333333,11995900000,3185200000,7719800000,2232200000,4276100000,0,0,5051300000,3601800000,2792600000,138800000,138800000,0.64,0.63,0.26,221400000,-1654900000,1519200000,88200000,299600000,109400000,109.94,116.13,103.74,0.1047,0.0417,58.28,1.94,20.03,35.1,0.5301,0.8423,0.3565,0.0434,0.96,1.53,1.4269
2006-12-31,218399255,72799678,0.333333,9635800000,2517000000,5511100000,1611800000,4124700000,0,0,4006600000,2358600000,2467300000,-1200000,-1200000,-0,0,0.26,337400000,-108100000,-269900000,-39300000,211400000,118300000,103.06,108,98.13,0.1012,0.0417,56.66,1.84,31.52,34.32,0.5631,0.5718,0.4281,0.043,0.97,3.01,1.5616
2006-09-30,216800000,72266594,0.333333,9764400000,2683600000,5717600000,1830800000,4046800000,0,0,4130800000,2358000000,2308700000,164700000,164700000,0.76,0.75,0.26,323300000,-88000000,-125200000,112200000,250700000,78300000,95.03,104.55,85.5,0.062,0.0251,56,1.76,39.11,33.54,0.9404,0.5827,0.4144,0.0259,0.97,3.39,1.4658
2006-06-30,216300000,72099927,0.333333,9600600000,2492100000,5711400000,1802600000,3889200000,0,0,4140800000,2357900000,2273700000,125200000,125200000,0.57,0.57,0.26,133800000,-322200000,3100000,-182200000,138500000,86800000,95.37,102.45,88.29,0.046,0.0185,53.94,1.82,48.17,32.76,1.2718,0.6063,0.4051,0.0194,0.96,0.65,1.3825
2006-03-31,216100000,72033261,0.333333,9382400000,2587000000,5601500000,1765100000,3780900000,0,0,3846600000,2351500000,2266900000,111900000,111900000,0.52,0.51,0.26,109000000,-90100000,-65800000,-46000000,320700000,90900000,98.81,104.46,93.15,0.0372,0.015,52.49,1.91,51.46,31.98,1.5777,0.6219,0.403,0.0162,0.92,0.25,1.4656
2005-12-31,215962432,71987405,0.333333,9373700000,2621700000,5649500000,1814100000,3724200000,0,0,3845000000,2365400000,2387900000,-162600000,-162600000,-0.74,-0.74,0.26,305100000,-187300000,-54100000,62400000,366700000,146800000,104.63,112.41,96.84,0.036,0.0149,51.73,1.9,17.53,31.2,1.6299,0.6351,0.3973,0.0163,0.91,2.2,1.4452
2005-09-30,215500000,71833261,0.333333,9728200000,2611000000,5777000000,1607200000,3951200000,0,0,4181300000,2590400000,2183700000,102100000,102100000,0.47,0.47,0.26,221800000,-272200000,-103500000,-147300000,304300000,100000000,109.22,114.81,103.62,0.1127,0.0484,55.01,2.04,17.93,30.42,0.5115,0.6556,0.4062,0.0563,0.86,1.7,1.6246
2005-06-30,214700000,71566595,0.333333,9510000000,2524900000,5683900000,1513900000,3826100000,0,0,4117000000,2575300000,1932100000,90700000,90700000,0.42,0.42,0.26,266700000,-1058200000,868200000,79800000,451600000,130400000,98.56,103.89,93.24,0.1169,0.0513,53.46,1.88,21.2,29.64,0.5017,0.6731,0.4023,0.0593,0.87,1.9,1.6678
2005-03-31,213300000,71099928,0.333333,8284800000,2364600000,4559900000,1546700000,3724900000,0,0,3124500000,1577500000,1926500000,106900000,106900000,0.5,0.49,0.26,153900000,-84800000,-332100000,-270000000,371800000,93800000,97.19,105.75,88.62,0.0904,0.0409,52.39,1.75,48.35,28.86,0.6555,0.4235,0.4496,0.0451,0.91,0.85,1.5288
2004-12-31,215396280,71798688,0.333333,8553700000,2600600000,4567100000,1487300000,3986600000,0,0,3138800000,1581200000,1712905000,136846000,136846000,0.63,0.61,0.26,None,None,None,225300000,641800000,120000000,98.88,106.11,91.65,0.047,0.0212,55.52,1.92,36.22,28.08,1.2706,0.3966,0.4661,0.0249,0.85,None,1.7485
2004-09-30,219600000,73199926,0.333333,8518200000,2510000000,4748700000,1659500000,3769500000,0,0,3244600000,1583200000,1968500000,112800000,112800000,0.51,0.51,0.26,None,None,None,141100000,416500000,51800000,93.7,99.42,87.99,0.0457,0.0197,51.5,1.83,35.9,27.3,1.4395,0.42,0.4425,0.0204,0.97,None,1.5125
2004-06-30,219100000,73033260,0.333333,8274700000,2258800000,4539700000,1372900000,3735000000,0,0,3325500000,1748500000,2028800000,-12500000,-12500000,-0.06,-0.06,0.26,185564000,-54360000,-28663000,101179000,275400000,66573000,92.46,99.81,85.11,0.0345,0.014,51.14,1.82,28.02,26.52,2.1573,0.4681,0.4514,0.0132,1.06,1.63,1.6453
2004-03-31,217242234,72414005,0.333333,8224468000,2142940000,4536891000,1364658000,3687577000,0,0,3266080000,1756750000,1446195000,-58846000,-58846000,-0.39,-0.39,0.26,143036000,80260000,-110737000,113421000,174258000,26827000,90.18,97.5,82.86,0.0694,0.0253,50.92,3.5,19.52,25.74,1.2872,0.4764,0.4484,0.0217,1.16,1.6,1.5703
2003-12-31,114392809,38130898,0.333333,3188950000,999510000,2205798000,883582000,983152000,0,0,399174000,752497000,1377109000,97685000,97685000,0.87,0.85,0.26,112191000,-58415000,-59336000,-4781000,60837000,61624000,82.35,90.45,74.25,0.1944,0.056,25.78,3.5,24.73,24.96,0.657,0.7654,0.3083,0.0369,1.52,1.33,1.1312
2003-09-30,113621530,37873805,0.333333,3193690000,970607000,2303328000,963959000,890362000,0,0,387673000,773835000,1193774000,53730000,53730000,0.47,0.47,0.26,87490000,-14123000,-58322000,15898000,65618000,40932000,75.97,82.77,69.18,0.1425,0.0404,23.51,3.21,23.89,24.18,0.9028,0.8691,0.2788,0.0267,1.51,1.23,1.0069
2003-06-30,113402536,37800807,0.333333,3111613000,841830000,2216454000,909361000,895159000,0,0,396908000,773928000,1142462000,19392000,19392000,0.17,0.17,0.25,86068000,-48515000,-28949000,9237000,49720000,50338000,66.96,79.41,54.51,0.1373,0.0383,23.68,2.93,20.29,23.4,0.9375,0.8646,0.2877,0.0256,1.5,0.95,0.9257
2003-03-31,113299795,37766560,0.333333,3107343000,824822000,2244971000,958988000,862372000,0,0,399566000,757994000,1073817000,5702000,5702000,0.05,0.05,0.25,68436000,-63926000,-24387000,-20060000,40483000,50022000,60.44,70.05,50.82,0.1435,0.0393,22.83,2.5,16.12,22.65,0.8955,0.879,0.2775,0.0265,1.48,0.49,0.8601
2002-12-31,113320074,37773320,0.333333,3151772000,866439000,2237178000,954730000,914594000,0,0,404836000,752870000,1335115000,48059000,48059000,0.43,0.42,0.25,163923000,-58498000,-117520000,-11605000,60543000,59328000,63.08,70.65,55.5,0.164,0.0438,24.21,2.8,42.05,21.9,0.7807,0.8232,0.2902,0.0299,1.47,2.77,0.9075
2002-09-30,113328348,37776078,0.333333,3269342000,912633000,2419774000,1103045000,849568000,0,0,415283000,775296000,1177280000,47742000,47742000,0.42,0.42,0.25,146540000,-49429000,-57877000,38196000,72148000,64430000,76.55,85.2,67.89,0.0656,0.0171,22.49,3.34,57.99,21.15,1.9447,0.9126,0.2599,0.0117,1.46,2.17,0.8274
2002-06-30,113313056,37770980,0.333333,3230423000,862664000,2365144000,1058595000,865279000,0,0,428208000,768031000,1148892000,23777000,23777000,0.21,0.21,0.24,25660000,-43425000,3920000,-15278000,33952000,52021000,86.79,96.3,77.28,0.0566,0.0149,22.91,3.9,103.32,20.4,2.1462,0.8876,0.2679,0.0103,1.45,-0.7,0.8149
2002-03-31,113269316,37756400,0.333333,3330066000,911955000,2490791000,1171558000,839275000,0,0,437250000,773611000,1093650000,22659000,22659000,0.2,0.2,0.24,72796000,-64774000,-7048000,615000,49230000,65818000,88.28,94.05,82.5,0.035,0.0094,22.23,3.74,147.13,19.68,3.2727,0.9218,0.252,0.0065,1.45,0.18,0.7784
2001-12-31,112948996,37649627,0.333333,3400017000,940194000,2511610000,984290000,888407000,0,0,445281000,881318000,1414823000,-37706000,-37706000,-0.33,-0.33,0.24,227566000,-98889000,-119819000,7908000,48615000,110534000,83,91.71,74.28,0.0247,0.0069,23.6,3.17,24.92,18.96,4.3331,0.992,0.2613,0.0047,1.46,3.11,0.9552
2001-09-30,114505102,38168329,0.333333,3653903000,1110760000,2655691000,1245286000,998212000,0,0,471451000,675144000,1288237000,42042000,42042000,0.36,0.36,0.24,100308000,-69489000,-77067000,-46592000,40707000,67751000,82.56,92.22,72.9,0.1222,0.0358,26.15,3.01,18.35,18.24,0.8086,0.6764,0.2732,0.0245,1.46,0.85,0.892
2001-06-30,116038823,38679568,0.333333,3655918000,1081294000,2594154000,1118430000,1061764000,0,0,495584000,740307000,1292050000,6147000,6147000,0.05,0.05,0.23,245263000,-55160000,-156730000,32485000,87299000,62509000,85.53,95.7,75.36,0.1608,0.048,27.45,3.04,14.93,17.52,0.5915,0.6972,0.2904,0.0328,1.46,4.72,0.9668
2001-03-31,117384052,39127978,0.333333,3793924000,1161697000,2691922000,1200694000,1102002000,0,0,505256000,750024000,1302650000,14505000,14505000,0.12,0.12,0.23,-24743000,-32872000,50879000,-6059000,54814000,32546000,82.65,91.8,73.5,0.2001,0.0598,28.16,2.66,12.7,16.83,0.4656,0.6806,0.2905,0.041,1.46,-1.46,0.9675
2000-12-31,119040062,39679980,0.333333,3914202000,1206449000,2681654000,1190561000,1232548000,0,0,520242000,739190000,1599560000,71551000,71551000,0.58,0.58,0.23,235079000,-58676000,-164363000,12081000,60873000,55956000,72.57,81,64.14,0.2269,0.0666,31.06,2.47,9.41,16.14,0.4087,0.5997,0.3149,0.0463,1.44,4.51,1.0133
2000-09-30,122041376,40680417,0.333333,4001203000,1265012000,2806395000,1318966000,1194808000,0,0,537253000,753093000,1433000000,92308000,92308000,0.76,0.75,0.23,204699000,-67766000,-147723000,-7471000,48792000,58616000,73.32,80.25,66.39,0.279,0.0806,29.37,2.56,9.82,15.45,0.3378,0.6303,0.2986,0.0571,1.41,3.59,0.9591
2000-06-30,121906661,40635513,0.333333,3996245000,1221204000,2834603000,1310537000,1161642000,0,0,547780000,753955000,1388805000,56340000,56340000,0.46,0.46,0.22,244960000,-53553000,-181850000,7993000,56263000,66434000,70.23,80.07,60.39,0.2784,0.079,28.59,2.56,9.63,14.76,0.3442,0.649,0.2907,0.0568,1.39,4.39,0.9318
2000-03-31,121906718,40635532,0.333333,4112659000,1292716000,2997012000,1474902000,1115647000,0,0,555637000,752231000,1342970000,46701000,46701000,0.38,0.38,0.22,55847000,-258222000,208615000,6397000,48270000,56101000,64.97,72.93,57,0.2793,0.0787,27.45,2.33,9.1,14.1,0.3484,0.6743,0.2713,0.0582,1.35,-0.01,0.8765
1999-12-31,122348993,40782956,0.333333,3853464000,1229850000,2715206000,1203463000,1138258000,0,0,397983000,748498000,1468279000,126260000,126260000,1,0.98,0.22,None,None,None,-24800000,41873000,77559000,79.59,90.75,68.43,0.2745,0.0794,27.91,3.03,13,13.44,0.3536,0.6576,0.2954,0.0595,1.34,None,1.0219
1999-09-30,126441429,42147100,0.333333,3979414000,1264969000,2870631000,926979000,1108783000,0,0,384429000,1300122000,1340143000,85587000,85587000,0.67,0.67,0.22,119223000,-73892000,-29682000,16299000,66673000,65094000,97.03,110.82,83.25,0.2358,0.071,26.31,3.78,15.55,12.78,0.4014,1.1726,0.2786,0.0532,1.33,1.28,1.3646
1999-06-30,127671691,42557187,0.333333,3865239000,1123693000,2773122000,810552000,1092117000,0,0,388062000,1292003000,1195170000,52487000,52487000,0.41,0.4,0.21,168852000,-172281000,-20827000,-24624000,50374000,68780000,103.98,113.82,94.14,0.2383,0.0751,25.66,3.93,16.58,12.12,0.3848,1.183,0.2825,0.0566,1.33,2.35,1.3863
1999-03-31,130805876,43601915,0.333333,3825995000,1176223000,2672160000,833023000,1153835000,0,0,389947000,1165428000,1179816000,43980000,43980000,0.33,0.33,0.21,110927000,-116858000,16338000,8772000,74998000,64393000,113.91,131.43,96.39,0.2299,0.0774,26.46,3.9,18.43,11.49,0.3801,1.01,0.3016,0.0584,1.32,1.07,1.412
1998-12-31,133657005,44552290,0.333333,3787819000,1144993000,2486941000,898300000,1300878000,0,0,381394000,998978000,1438978000,92394000,92394000,0.65,0.64,0.21,271317000,-96488000,-194353000,-19946000,66226000,66139000,118.03,134.07,102,0.2168,0.0761,29.2,4.15,28.72,10.86,0.3829,0.7679,0.3434,0.0587,1.3,4.61,1.2746
1998-09-30,135807414,45269092,0.333333,3860390000,1233533000,2572191000,908922000,1288199000,0,0,368503000,1086239000,1274479000,99243000,99243000,0.72,0.71,0.21,107431000,-45222000,-39600000,24331000,86172000,50654000,123.84,143.25,104.43,0.1353,0.0489,28.46,4.17,35.9,10.23,0.5872,0.8432,0.3337,0.0498,0.98,1.25,1.3571
1998-06-30,139150410,46383423,0.333333,3746972000,1067818000,2368569000,826755000,1378403000,0,0,375290000,957674000,1143583000,58737000,58737000,0.42,0.41,0.2,255975000,196704000,-452694000,4921000,61841000,53997000,132.47,138.75,126.18,0.1093,0.0398,29.72,4.27,44.16,9.6,0.6866,0.6948,0.3679,0.0399,1,4.35,1.2916
1998-03-31,141899978,47299945,0.333333,4084550000,1130462000,2615974000,757022000,1468576000,0,0,386597000,1274874000,1161396000,44206000,44206000,0.31,0.3,0.2,98112000,-70823000,-40520000,9106000,56920000,54432000,115.89,126.39,105.39,0.0914,0.033,31.05,3.52,42.92,9,0.7858,0.8681,0.3595,0.0321,1.03,0.92,1.4933
1997-12-31,144870461,48290105,0.333333,4134166000,1146571000,2542669000,812622000,1591497000,0,0,385512000,1153226000,312449000,-8544000,-8544000,-0.05,None,0.2,None,None,None,-8823000,47814000,38449000,105.39,112.89,97.89,0.0799,0.0285,32.96,3.09,21.82,8.4,0.8708,0.7246,0.385,0.0269,1.06,None,1.411
1997-09-30,145867433,48622429,0.333333,4757629000,1629538000,3098944000,1105104000,1658685000,0,0,498361000,1330919000,1557349000,72158000,72158000,0.49,None,0.2,132066000,-75623000,-59965000,-4208000,66462000,79055000,113.16,123.18,103.14,0.1437,0.0497,34.11,3.34,24.03,7.8,0.4758,0.8024,0.3486,0.0369,1.35,1.09,1.4746
1997-06-30,146296724,48765525,0.333333,4673992000,1532638000,3023931000,1045548000,1650061000,0,0,513232000,1334682000,1504997000,37676000,37676000,0.26,None,0.19,234241000,-111342000,-112571000,10731000,70670000,130539000,108.57,119.25,97.89,0.1407,0.0491,33.84,3.23,21.8,7.2,0.482,0.8089,0.353,0.0359,1.36,2.13,1.4659
1997-03-31,146354054,48784635,0.333333,4749776000,1643166000,3109531000,1051516000,1640245000,0,0,520122000,1417729000,1475238000,29341000,29341000,0.2,None,0.19,181572000,-123301000,-29016000,28797000,59939000,112152000,99.77,110.64,88.89,0.1476,0.053,33.62,2.97,None,6.63,0.449,0.8643,0.3453,0.0381,1.39,1.42,1.5627
1996-12-31,145649354,48549736,0.333333,4849004000,1752857000,3217723000,1147547000,1631281000,0,0,541319000,1430671000,1871935000,97150000,97150000,0.66,None,0.19,106272000,-19447000,-76937000,9575000,31142000,80949000,96.02,103.89,88.14,-0.0919,-0.0334,33.6,2.87,None,6.06,None,0.877,0.3364,None,1.4,0.52,1.5275
1996-09-30,150385660,50128503,0.333333,4649317000,1629673000,2972225000,1208680000,1677092000,0,0,560592000,1314358000,1602528000,67868000,67868000,0.45,None,0.19,145371000,-85588000,-68555000,-9126000,21567000,85678000,98.25,107.25,89.25,-0.0861,-0.0328,33.46,2.8,None,5.49,None,0.7837,0.3607,None,1.38,1.19,1.3483
1996-06-30,153238963,51079603,0.333333,4499867000,1474367000,2709088000,1054698000,1790779000,0,0,562661000,1228345000,1577500000,54277000,54277000,0.35,None,0.18,178321000,153044000,-340628000,-11055000,30693000,92135000,101.25,113.25,89.25,-0.069,-0.0269,35.06,2.95,None,4.92,None,0.6859,0.398,None,1.36,1.69,1.3979
1996-03-31,153988019,51329288,0.333333,4897255000,1698017000,3134557000,1118129000,1762698000,0,0,821203000,1540424000,1546995000,-376918000,-376918000,-2.45,None,0.18,216761000,-162899000,-47484000,8626000,41748000,143862000,111.02,119.64,102.39,-0.0617,-0.0242,34.34,2.62,18.98,4.38,None,0.8739,0.3599,None,1.3,1.42,1.5186
1995-12-31,154005326,51335057,0.333333,5384810000,1907959000,3211640000,1130374000,2173170000,0,0,1024954000,1560960000,1998271000,95433000,95433000,0.62,None,0.18,190138000,-83043000,-80183000,13891000,33122000,101998000,115.32,123,107.64,0.1434,0.0586,42.33,2.8,20.23,3.84,0.3498,0.7183,0.4036,0.0459,1.28,1.72,1.6879
1995-09-30,153628487,51209444,0.333333,5322644000,1867285000,3210132000,1065807000,2112512000,0,0,1023247000,1629243000,1704793000,92057000,92057000,0.6,None,0.18,165243000,-158824000,-972000,7679000,19231000,128925000,115.69,123.75,107.64,0.1429,0.0598,41.25,2.89,21.19,3.3,0.3483,0.7712,0.3969,0.0487,1.23,0.71,1.752
1995-06-30,153617459,51205768,0.333333,5068472000,1681534000,3020050000,908575000,2048422000,0,0,1026715000,1600335000,1490633000,64461000,64461000,0.42,None,0.16,918000,-119684000,109688000,-2959000,11552000,117056000,105.02,112.14,97.89,0.1398,0.0611,40,2.68,19.67,2.76,0.3521,0.7813,0.4041,0.0506,1.21,-2.27,1.8507
1995-03-31,153501871,51167239,0.333333,4613602000,1441501000,2611252000,815761000,2002350000,0,0,884660000,1327510000,1318089000,46842000,46842000,0.31,None,0.16,30946000,-128867000,98305000,-6058000,14511000,107683000,97.14,107.64,86.64,0.1392,None,39.13,2.5,18.5,2.28,0.3489,0.663,0.434,0.0531,1.2,-1.5,1.7671
1994-12-31,152987160,50995669,0.333333,4452143000,1353330000,2473774000,801850000,1978369000,0,0,887071000,1212332000,1457598000,87399000,87399000,0.57,None,0.16,-184460000,-102207000,289582000,-891000,20569000,86606000,89.82,97.5,82.14,0.1394,None,38.79,2.36,None,1.8,0.3432,0.6128,0.4444,0.0549,1.2,-5.32,1.6878
1994-09-30,153398170,51132672,0.333333,4111943000,1297682000,2166874000,817834000,1945069000,0,0,540780000,876389000,1242973000,80070000,80070000,0.52,None,0.16,119602000,-106395000,-9203000,1511000,21460000,1535000,88.13,93.75,82.5,None,None,38.04,2.37,None,1.32,None,0.4506,0.473,None,None,2.31,1.5867
1994-06-30,153864474,51288106,0.333333,3946887000,1162897000,2040183000,720014000,1906704000,0,0,541687000,841779000,1117338000,58338000,58338000,0.38,None,0.14,201903000,-210015000,6480000,-1621000,19949000,223127000,85.14,89.64,80.64,None,None,37.18,2.34,None,0.84,None,0.4415,0.4831,None,None,-0.41,1.6151
1994-03-31,154512788,51504211,0.333333,3762749000,1139762000,1885189000,658242000,1877560000,0,0,490732000,770555000,1070877000,42796000,42796000,0.28,None,0.14,50501000,-127034000,84962000,10854000,21570000,113922000,89.07,95.25,82.89,None,None,36.45,2.48,None,0.42,None,0.4104,0.499,None,None,-1.23,1.7315
1993-12-31,154221434,51407093,0.333333,3654026000,1109914000,1810035000,685441000,1843991000,0,0,493672000,673422000,None,None,None,None,None,0,None,None,None,None,10716000,0,87.77,93.39,82.14,None,None,35.87,None,None,0,None,0.3652,0.5046,None,None,None,1.6193
