"Quarter end","Shares","Shares split adjusted","Split factor","Assets","Current Assets","Liabilities","Current Liabilities","Shareholders equity","Non-controlling interest","Preferred equity","Goodwill & intangibles","Long-term debt","Revenue","Earnings","Earnings available for common stockholders","EPS basic","EPS diluted","Dividend per share","Cash from operating activities","Cash from investing activities","Cash from financing activities","Cash change during period","Cash at end of period","Capital expenditures","Price","Price high","Price low","ROE","ROA","Book value of equity per share","P/B ratio","P/E ratio","Cumulative dividends per share","Dividend payout ratio","Long-term debt to equity ratio","Equity to assets ratio","Net margin","Asset turnover","Free cash flow per share","Current ratio"
2016-10-01,285716462,285716462,1,12541000000,2816000000,8055000000,1457000000,4486000000,0,0,7786000000,5403000000,1499000000,212000000,212000000,0.74,0.73,0.31,442000000,-86000000,-362000000,-4000000,394000000,75000000,78.7,84,73.4,0.1557,0.0518,15.7,5.24,34.22,5.98,0.5278,1.2044,0.3577,0.1105,0.47,1.28,1.9327
2016-07-02,284929332,284929332,1,12658000000,2927000000,8377000000,1713000000,4281000000,0,0,7816000000,5431000000,1562000000,238000000,238000000,0.84,0.83,0.31,313000000,-58000000,-182000000,73000000,398000000,53000000,67.14,79.61,54.68,0.161,0.0535,15.02,4.66,26.96,5.67,0.5154,1.2686,0.3382,0.114,0.47,0.91,1.7087
2016-04-02,284277432,284277432,1,12552000000,2803000000,8453000000,1630000000,4099000000,0,0,7864000000,5591000000,1448000000,95000000,95000000,0.33,0.33,0.31,150000000,-71000000,-431000000,-342000000,325000000,61000000,52.41,56,48.83,0.1785,0.0615,14.42,3.68,17.07,5.36,0.4685,1.364,0.3266,0.1263,0.49,0.31,1.7196
2016-01-02,283616926,283616926,1,13064000000,3265000000,9022000000,2473000000,4042000000,0,0,7877000000,5229000000,1447000000,113000000,113000000,0.39,0.39,0.29,187000000,-3329000000,1296000000,-1868000000,667000000,62000000,64.42,68.97,59.88,0.2239,0.0814,14.25,4.56,18.25,5.05,0.3721,1.2937,0.3094,0.1588,0.51,0.44,1.3203
2015-10-03,282660279,282660279,1,11125000000,4991000000,7128000000,2858000000,3997000000,0,0,4297000000,3264000000,1339000000,215000000,215000000,0.76,0.75,0.29,411000000,-40000000,1254000000,1625000000,2535000000,44000000,70.92,80.84,61.01,0.2549,0.1002,14.14,5.2,19.7,4.76,0.3174,0.8166,0.3593,0.1829,0.55,1.3,1.7463
2015-07-04,281744682,281744682,1,9634000000,3426000000,5793000000,3014000000,3841000000,0,0,4321000000,1762000000,1410000000,290000000,290000000,1.03,1.02,0.29,207000000,-42000000,42000000,215000000,910000000,47000000,70.64,76.33,64.96,0.2591,0.1048,13.63,5.17,20.13,4.47,0.3057,0.4587,0.3987,0.186,0.56,0.57,1.1367
2015-04-04,281177315,281177315,1,9414000000,3193000000,5532000000,2766000000,3843000000,39000000,0,4334000000,1767000000,1345000000,262000000,262000000,0.93,0.91,0.29,234000000,-34000000,-900000000,-747000000,695000000,33000000,66.46,68.99,63.93,0.2519,0.1007,13.67,4.45,19.21,4.18,0.3069,0.4598,0.4082,0.1811,0.56,0.71,1.1544
2015-01-03,281281678,281281678,1,10207000000,3914000000,5963000000,2666000000,4199000000,45000000,0,4383000000,2273000000,1439000000,245000000,245000000,0.86,0.85,0.27,400000000,-60000000,-154000000,148000000,1442000000,51000000,62.52,70.24,54.8,0.2453,0.0973,14.93,4.37,20.7,3.89,0.3061,0.5413,0.4114,0.1782,0.55,1.24,1.4681
2014-09-27,285912859,285912859,1,10236000000,3836000000,6091000000,1988000000,4095000000,50000000,0,4483000000,3054000000,1372000000,238000000,238000000,0.83,0.82,0.27,340000000,-192000000,-404000000,-286000000,1294000000,48000000,66.45,71.9,61,0.215,0.0854,14.32,4.75,21.44,3.62,0.3429,0.7458,0.4001,0.157,0.54,1.02,1.9296
2014-06-28,284693423,284693423,1,10443000000,4220000000,6408000000,1827000000,3979000000,56000000,0,4352000000,3642000000,1448000000,270000000,270000000,0.95,0.93,0.27,291000000,-45000000,-110000000,134000000,1580000000,45000000,65.22,70.59,59.85,0.2187,0.0883,13.98,4.56,25.38,3.35,0.3291,0.9153,0.381,0.1623,0.54,0.86,2.3098
2014-03-29,284225072,284225072,1,10291000000,3979000000,6063000000,1257000000,4065000000,163000000,0,4424000000,3847000000,1363000000,249000000,249000000,0.88,0.86,0.27,273000000,-42000000,-159000000,73000000,1446000000,46000000,63.98,68.79,59.16,0.1827,0.0746,14.3,4.29,25.69,3.08,0.3904,0.9464,0.395,0.1355,0.55,0.8,3.1655
2013-12-28,283804872,283804872,1,10248000000,3910000000,5844000000,1380000000,4231000000,173000000,0,4435000000,3518000000,1422000000,123000000,123000000,0.42,0.41,0.25,290000000,-175000000,13000000,128000000,1373000000,51000000,57.47,63.15,51.79,0.1799,0.0741,14.91,3.94,23.36,2.81,0.3963,0.8315,0.4129,0.1314,0.56,0.84,2.8333
2013-09-28,291813213,291813213,1,9965000000,3745000000,5519000000,1042000000,4261000000,185000000,0,4281000000,3403000000,1338000000,262000000,262000000,0.91,0.9,0.25,275000000,-223000000,-36000000,25000000,1245000000,54000000,49.87,54.36,45.38,0.1807,0.0757,14.6,3.73,23.52,2.56,0.3898,0.7986,0.4276,0.1321,0.57,0.76,3.594
2013-06-29,287192149,287192149,1,9660000000,3701000000,5583000000,1568000000,3837000000,240000000,0,4016000000,3095000000,1403000000,115000000,115000000,0.41,0.4,0.25,213000000,-55000000,99000000,254000000,1220000000,52000000,43.62,47.45,39.79,0.1544,0.0683,13.36,3.3,17.45,2.31,0.4394,0.8066,0.3972,0.1166,0.59,0.56,2.3603
2013-03-30,283362731,283362731,1,9160000000,3345000000,5329000000,1602000000,3743000000,88000000,0,3886000000,2833000000,1338000000,223000000,223000000,0.78,0.78,0.25,183000000,-69000000,-333000000,-228000000,966000000,65000000,39.27,43.23,35.32,0.1783,0.0833,13.21,2.71,16.43,2.06,0.3657,0.7569,0.4086,0.1401,0.59,0.42,2.088
2012-12-29,282871216,282871216,1,9271000000,3551000000,5177000000,1775000000,4094000000,0,0,3765000000,2550000000,1372000000,120000000,120000000,0.39,0.38,0.23,396000000,-116000000,-136000000,143000000,1194000000,92000000,37,43.76,30.25,0.1691,0.0821,14.47,2.4,15.42,1.81,0.3728,0.6229,0.4416,0.1367,0.6,1.07,2.0006
2012-09-29,308177250,308177250,1,9019000000,3437000000,4272000000,1518000000,4747000000,0,0,3747000000,1983000000,1326000000,176000000,176000000,0.56,0.56,0.23,350000000,-56000000,-464000000,-163000000,1051000000,60000000,39.44,43.31,35.57,0.1667,0.0832,15.4,2.74,15.59,1.58,0.3733,0.4177,0.5263,0.1367,0.61,0.94,2.2642
2012-06-30,313970108,313970108,1,9186000000,3587000000,4657000000,1000000000,4529000000,0,0,3767000000,2882000000,1410000000,244000000,244000000,0.78,0.78,0.23,354000000,-78000000,-105000000,161000000,1214000000,58000000,39.46,44.1,34.82,0.1809,0.0886,14.42,2.8,15.98,1.35,0.3451,0.6363,0.493,0.1443,0.61,0.94,3.587
2012-03-31,313823325,313823325,1,9176000000,3519000000,4759000000,1064000000,4417000000,0,0,3806000000,2908000000,1395000000,212000000,212000000,0.67,0.67,0.23,235000000,-63000000,-108000000,67000000,1053000000,70000000,39.52,44.8,34.23,0.1771,0.0884,14.07,2.83,15.75,1.12,0.3427,0.6584,0.4814,0.1428,0.62,0.53,3.3073
2011-12-31,320457921,320457921,1,9005193000,3390566000,4530577000,1061725000,4474616000,0,0,3808950000,2713275000,1406874000,124999000,124999000,0.39,0.39,0.21,345690000,-68525000,-248400000,26281000,985807000,70489000,37.05,41.98,32.13,0.1807,0.0917,13.96,2.67,13.52,0.89,0.33,0.6064,0.4969,0.1472,0.62,0.86,3.1935
2011-10-01,318989032,318989032,1,9102111000,3395126000,4666693000,987874000,4435418000,0,0,3884291000,2917207000,1382558000,226472000,226472000,0.7,0.69,0.21,357330000,-86253000,-126448000,126709000,959526000,73380000,42.61,49.79,35.42,0.1996,0.1019,13.9,2.9,15.9,0.68,0.2262,0.6577,0.4873,0.1633,0.62,0.89,3.4368
2011-07-02,329503297,329503297,1,9095397000,3358516000,4259715000,1006322000,4835682000,0,0,3924886000,2486016000,1446751000,240894000,240894000,0.73,0.72,0.21,345001000,-109397000,-72196000,169020000,832817000,93135000,50.09,54.18,46.01,0.1983,0.105,14.68,3.63,18.35,0.47,0.1555,0.5141,0.5317,0.1643,0.64,0.76,3.3374
2011-04-02,328849827,328849827,1,8836085000,3133779000,4299212000,967181000,4536873000,0,0,3945058000,2558537000,1375513000,233428000,233428000,0.72,0.71,0.21,238822000,-72719000,-9250000,163461000,663797000,69490000,46.59,53.05,40.14,0.2134,0.1138,13.8,3.47,16.94,0.26,0.0765,0.5639,0.5134,0.1709,0.67,0.51,3.2401
2011-01-01,325522150,325522150,1,8566448000,2912148000,4194777000,1017250000,4371671000,0,0,3942662000,2431966000,1350401000,206444000,206444000,0.62,0.62,0,482811000,-611609000,-220230000,-351278000,500336000,78602000,40.18,42.98,37.38,0.2276,0.1229,13.43,3.16,14.88,0.05,0,0.5563,0.5103,0.1757,0.7,1.24,2.8628
2010-10-02,329296462,329296462,1,7385286000,3217512000,3194650000,730217000,4190636000,0,0,2545170000,1988266000,1239905000,208385000,208385000,0.63,0.63,0,296180000,-171270000,45117000,184560000,851614000,80547000,36.95,39.64,34.25,0.2391,0.1301,12.73,3.17,14.49,0.05,0,0.4745,0.5674,0.1775,0.73,0.65,4.4062
2010-07-03,327403538,327403538,1,6926298000,3027872000,3112992000,668434000,3813306000,0,0,2413347000,1961837000,1312769000,254038000,254038000,0.78,0.77,0,302906000,-185422000,27772000,137180000,667054000,70167000,38.44,42.87,34,0.2375,0.1264,11.65,3.51,15.95,0.05,0,0.5145,0.5506,0.172,0.74,0.71,4.5298
2010-04-03,326776228,326776228,1,6647885000,2759651000,3073084000,891660000,3574801000,0,0,2443168000,1711038000,1261696000,238569000,238569000,0.73,0.73,0,192475000,-112083000,60788000,136947000,529874000,75585000,39.24,41.76,36.73,0.2284,0.1238,10.94,3.84,17.36,0.05,0,0.4786,0.5377,0.1694,0.73,0.36,3.095
2010-01-02,325431377,325431377,1,6425811000,2560206000,3102260000,1067313000,3323551000,0,0,2461993000,1587615000,1203462000,189650000,189650000,0.58,0.57,0,315498000,-224118000,-497193000,-405354000,392927000,90082000,35.24,38.82,31.66,0.2201,0.1214,10.21,3.28,31.19,0.05,0,0.4777,0.5172,0.166,0.73,0.69,2.3987
2009-10-03,334255249,334255249,1,6869741000,3031993000,3281733000,1233550000,3588008000,0,0,2490232000,1632551000,1159606000,166935000,166935000,0.49,0.48,0,194916000,-100256000,210818000,311712000,798281000,77850000,37.94,40.16,35.73,0.112,0.0631,10.73,3.49,31.62,0.05,0,0.455,0.5223,0.0853,0.74,0.35,2.4579
2009-07-04,347981258,347981258,1,6363823000,2623813000,2585465000,1243318000,3778358000,0,0,2460222000,961022000,1184412000,219370000,219370000,0.63,0.63,0,224755000,-76499000,3921000,161318000,486569000,77631000,37.27,41.96,32.57,0.1205,0.0699,10.86,3.76,32.41,0.05,0,0.2543,0.5937,0.0924,0.76,0.42,2.1103
2009-04-04,346354898,346354898,1,5945952000,2292690000,2512793000,975206000,3433159000,0,0,2451964000,1196992000,1133793000,201271000,201271000,0.58,0.58,0,133706000,-89712000,151758000,188808000,325251000,80845000,34.2,39.55,28.86,0.1205,0.0689,9.91,3.66,31.09,0.05,0,0.3487,0.5774,0.0893,0.77,0.15,2.351
2009-01-03,346153801,346153801,1,5722504000,2080063000,2486598000,1028524000,3235906000,0,0,2478101000,1126084000,1132617000,-194456000,-194456000,-0.56,-0.56,0,297218000,-523614000,-212748000,-442799000,136443000,124028000,34.51,44.04,24.98,0.1174,0.067,9.35,3.43,17.34,0.05,0,0.348,0.5655,0.0881,0.76,0.5,2.0224
2008-09-27,344182233,344182233,1,5952331000,2521010000,2487543000,1903117000,3464788000,0,0,2248347000,196611000,1084136000,192943000,192943000,0.56,0.55,0,268075000,-182439000,108449000,181761000,579242000,83234000,44.28,48.49,40.06,0.218,0.1236,10.07,4.77,23.31,0.05,0,0.0567,0.5821,0.1641,0.75,0.54,1.3247
2008-06-28,341792335,341792335,1,5638684000,2341131000,2464724000,1867737000,3173960000,0,0,2150963000,193529000,1135760000,201059000,201059000,0.59,0.58,0,185487000,-90667000,-256144000,-160787000,397481000,72667000,42.67,45.77,39.58,0.2199,0.1221,9.29,4.49,24.95,0.05,0,0.061,0.5629,0.1624,0.75,0.33,1.2535
2008-03-29,338858132,338858132,1,5645376000,2394804000,2424495000,1837009000,3220881000,0,0,2165239000,210348000,1010738000,184781000,184781000,0.54,0.53,0,194812000,-74353000,37950000,169174000,558268000,63983000,41.58,44.65,38.51,0.2107,0.113,9.51,4.89,26.15,0.05,0,0.0653,0.5705,0.1532,0.74,0.39,1.3036
2007-12-29,344018717,344018717,1,5329404000,2128183000,2401394000,1849229000,2928010000,0,0,2156013000,182493000,1018123000,118274000,118274000,0.34,0.33,0,378841000,-77444000,-6367000,299046000,389094000,75300000,41.96,47.02,36.9,0.2097,0.1094,8.51,5.21,25.74,0.05,0,0.0623,0.5494,0.1479,0.74,0.88,1.1508
2007-09-29,342354623,342354623,1,5156212000,1923324000,2396967000,587676000,2759245000,0,0,2189467000,1414064000,926840000,160239000,160239000,0.47,0.46,0,232457000,-93612000,-160844000,-18213000,90048000,90376000,44.3,48.1,40.5,0.2225,0.1197,8.06,6.15,29.73,0.05,0,0.5125,0.5351,0.1642,0.73,0.42,3.2728
2007-06-30,339796163,339796163,1,5049781000,1872661000,2602008000,578516000,2447773000,0,0,2191385000,1656862000,947336000,134800000,134800000,0.4,0.39,0,141702000,-72650000,-72710000,-3174000,108261000,66168000,41.08,44.91,37.26,0.2058,0.1134,7.2,5.5,27.76,0.05,0,0.6769,0.4847,0.1565,0.72,0.22,3.237
2007-03-31,338321454,338321454,1,4905964000,1767570000,2378599000,885903000,2527365000,0,0,2205636000,1112175000,886978000,145725000,145725000,0.42,0.41,0,112569000,-62609000,-19563000,31547000,111435000,55313000,39.18,43.46,34.9,0.2052,0.1159,7.47,4.55,27.4,0.05,0,0.4401,0.5152,0.1636,0.71,0.17,1.9952
2006-12-30,344240198,344240198,1,4789794000,1690165000,1820807000,676207000,2968987000,0,0,2209857000,859376000,863831000,154610000,154610000,0.44,0.37,0,238971000,-87383000,-144086000,9599000,79888000,69373000,35.73,39.07,32.4,0.192,0.1147,8.62,4.57,33.39,0.05,0,0.2895,0.6199,0.166,0.69,0.49,2.4995
2006-09-30,353469239,353469239,1,4675064000,1635698000,1913513000,1267030000,2761551000,0,0,2199331000,358197000,821278000,115540000,115540000,0.33,0.32,0,164138000,-78507000,-331368000,-244666000,70289000,60513000,35.75,40,31.5,0.1406,0.0831,7.81,4.85,30.04,0.05,0,0.1297,0.5907,0.1234,0.67,0.29,1.291
2006-06-30,352649031,352649031,1,4854850000,1848125000,2255032000,1277713000,2599818000,0,0,2193749000,714344000,832922000,141032000,141032000,0.39,0.38,0,132441000,-77866000,-135712000,-77720000,314955000,70672000,36.6,42,31.2,0.1583,0.0988,7.37,4.28,33.89,0.05,0,0.2748,0.5355,0.1433,0.69,0.18,1.4464
2006-03-31,360959083,360959083,1,4805333000,1846317000,1715421000,1277120000,3089912000,0,0,2196919000,177113000,784416000,137069000,137069000,0.37,0.36,0,113261000,-81883000,-175075000,-141893000,392675000,67338000,47.52,54.75,40.3,0.1444,0.0974,8.56,6.08,45.69,0.05,0,0.0573,0.643,0.1355,0.72,0.13,1.4457
2005-12-31,369113808,369113808,1,4844840000,1941141000,1961795000,1534382000,2883045000,0,0,2207219000,176970000,789936000,4871000,4871000,0.01,0.01,0,241933000,-1320461000,905192000,-177883000,534568000,51339000,48.4,52.8,44,0.1458,0.1008,7.81,6.29,35.85,0.05,0,0.0614,0.5951,0.135,0.75,0.52,1.2651
2005-09-30,366580362,366580362,1,3743377000,2016156000,925479000,682383000,2817898000,0,0,1110168000,184502000,737780000,167787000,167787000,0.46,0.44,0,209898000,-48694000,35898000,195001000,712451000,38163000,45.63,48.36,42.89,0.2002,0.1465,7.69,6.39,39.34,0.05,0,0.0655,0.7528,0.1874,0.78,0.47,2.9546
2005-06-30,364600174,364600174,1,3485407000,1779715000,881935000,635653000,2603472000,0,0,1107845000,188986000,723655000,101481000,101481000,0.28,0.27,0,162883000,-126927000,-196373000,-168740000,517450000,38923000,39.49,44.5,34.48,0.1839,0.1318,7.14,5.75,34.19,0.05,0,0.0726,0.747,0.1693,0.78,0.34,2.7998
2005-03-31,362306374,362306374,1,3542815000,1919817000,1053703000,593515000,2489112000,0,0,1040403000,418158000,663909000,119351000,119351000,0.33,0.32,0,101599000,-314688000,223453000,-1850000,686190000,30343000,38.83,41.85,35.8,0.1969,0.1374,6.87,6,35.46,0.05,0,0.168,0.7026,0.1799,0.76,0.2,3.2347
2004-12-31,360900825,360900825,1,3230747000,1863217000,896819000,605393000,2333928000,0,0,800895000,234865000,610676000,124209000,124209000,0.34,0.32,0,227338000,-101704000,-45302000,102854000,688040000,26422000,39.27,42.9,35.65,0.2024,0.1402,6.47,6.82,38.13,0.05,0,0.1006,0.7224,0.1787,0.78,0.56,3.0777
2004-09-30,357539476,357539476,1,2974953000,1679645000,913932000,553709000,2061021000,0,0,743583000,305704000,578319000,91178000,91178000,0.26,0.25,0,150558000,-55118000,-32976000,63745000,585186000,23135000,34.6,38.07,31.13,0.2055,0.1374,5.76,6.36,34.26,0.05,0,0.1483,0.6928,0.1719,0.8,0.36,3.0334
2004-06-30,176996914,353993828,2,2874215000,1611106000,949442000,501625000,1924773000,0,0,738397000,374664000,556602000,98843000,98843000,0.56,0.53,0,123125000,-211825000,125176000,34821000,521441000,23514000,37.23,39.45,35,0.2198,0.1423,5.44,7.37,38.78,0.05,0,0.1947,0.6697,0.177,0.8,0.28,3.2118
2004-03-31,176162244,352324488,2,2617142000,1526787000,836715000,462926000,1780427000,0,0,566226000,277096000,548576000,95704000,95704000,0.55,0.52,0,103261000,-39161000,-36144000,25367000,486620000,16397000,34.71,39.52,29.9,0.2114,0.1403,5.05,7.58,37.93,0.05,0,0.1556,0.6803,0.1741,0.81,0.25,3.2981
2003-12-31,175022856,350045712,2,2556094000,1492337000,951847000,510315000,1604247000,0,0,561417000,351813000,518583000,92851000,92851000,0.54,0.51,0,148511000,-26385000,-101025000,33220000,461253000,15938000,29.13,32,26.25,0.2041,0.1416,4.58,6.89,33.87,0.05,0,0.2193,0.6276,0.1756,0.81,0.38,2.9243
2003-09-30,172528443,345056886,2,2413521000,1370701000,952951000,448186000,1460570000,0,0,557893000,447927000,477454000,84621000,84621000,0.48,0.46,0,115583000,-27928000,-250470000,-161109000,428033000,11379000,26.8,29.55,24.05,0.1929,0.1423,4.23,5.18,32.48,0.05,0,0.3067,0.6052,0.1752,0.81,0.3,3.0583
2003-06-30,181016664,362033328,2,2538701000,1514374000,666070000,441075000,1872631000,0,0,549375000,176757000,495093000,81932000,81932000,0.45,0.43,0,124856000,-269602000,231891000,92039000,589142000,14074000,27.77,31.8,23.75,0.1847,0.1454,5.17,5.83,34.71,0.05,0,0.0944,0.7376,0.1751,0.83,0.31,3.4334
2003-03-31,179934229,359868458,2,2076518000,1237663000,362401000,362401000,1714117000,0,0,414640000,0,441384000,79987000,79987000,0.45,0.43,0,85335000,-22685000,29485000,95243000,497103000,8174000,22.06,24.74,19.38,0.191,0.1534,4.76,5.01,29.22,0.05,0,0,0.8255,0.1772,0.87,0.21,3.4152
2002-12-31,179168532,358337064,2,1951379000,1114317000,374652000,374652000,1576727000,0,0,415066000,0,409531000,72974000,72974000,0.41,0.4,0,130286000,-21280000,12193000,125739000,401860000,14071000,17.88,20.18,15.58,0.1931,0.1518,4.4,4.3,25.73,0.05,0,0,0.808,0.1738,0.87,0.32,2.9743
2002-09-30,177559849,355119698,2,1868436000,986252000,391126000,391126000,1477310000,0,0,409047000,0,404857000,71680000,71680000,0.4,0.39,0,126087000,-34986000,12906000,103230000,276121000,23254000,17.88,20.5,15.26,0.1903,0.1458,4.16,4.54,30.43,0.05,0,0,0.7907,0.1659,0.88,0.29,2.5216
2002-06-30,176889862,353779724,2,1775274000,908303000,382136000,382136000,1393138000,0,0,404068000,0,404348000,69555000,69555000,0.39,0.38,0,124825000,-26546000,-70493000,34009000,172891000,11746000,19.84,21.57,18.1,0.1722,0.1278,3.94,5.48,38.15,0.05,0,0,0.7847,0.146,0.88,0.32,2.3769
2002-03-31,88111873,352447492,4,1685101000,835213000,408135000,408135000,1276966000,0,0,398433000,0,371193000,62076000,62076000,0.71,0.68,0,36002000,-32952000,-11729000,-9453000,138882000,13105000,19.14,20.4,17.88,0.1635,0.1159,3.62,5.68,39.67,0.05,0,0,0.7578,0.1347,0.86,0.06,2.0464
2001-12-31,87754141,351016564,4,1628727000,797546000,444982000,321854000,1183745000,0,0,389929000,123128000,348200000,50265000,50265000,0.58,0.56,0,107361000,-12487000,-25708000,66145000,148335000,11447000,18.13,19.52,16.74,0.1605,0.1095,3.37,5.74,39.41,0.05,0,0.104,0.7268,0.1281,0.85,0.27,2.478
2001-09-30,87054512,348218048,4,1587462000,780190000,486969000,324569000,1100493000,0,0,429567000,162400000,337029000,31434000,31434000,0.36,0.35,0,77601000,-25622000,-43410000,12925000,82190000,15783000,16.23,18.02,14.44,0.1611,0.1053,3.16,5.46,33.64,0.05,0,0.1476,0.6932,0.1263,0.83,0.18,2.4038
2001-06-30,86545526,346182104,4,1570371000,745491000,542107000,312707000,1028264000,0,0,429849000,229400000,336062000,43819000,43819000,0.51,0.49,0,75083000,-31178000,-12138000,29115000,69265000,18466000,14.45,16.5,12.4,0.1762,0.1106,2.97,5.02,31.41,0.05,0,0.2231,0.6548,0.1366,0.81,0.16,2.384
2001-03-31,85725239,342900956,4,1517444000,691453000,529031000,277881000,988413000,0,0,429375000,251150000,326065000,47074000,47074000,0.55,0.53,0,50090000,-25506000,-32175000,-10289000,40150000,17433000,13.63,16.14,11.12,0.1746,0.1046,2.88,4.96,36.35,0.05,0,0.2541,0.6514,0.1326,0.79,0.1,2.4883
2000-12-31,85640177,342560708,4,1532716000,704642000,591867000,297367000,940849000,0,0,430896000,294500000,295399000,41148000,41148000,0.48,0.47,0,78361000,-5550000,-40631000,33341000,50439000,16657000,13.62,15.63,11.6,0.1478,0.0835,2.75,5.14,37.57,0.05,0,0.313,0.6138,0.1095,0.76,0.18,2.3696
2000-09-30,85001843,340007372,4,1530278000,713100000,628701000,278701000,901577000,0,0,0,350000000,286969000,37999000,37999000,0.45,0.44,0,67486000,257000,-60915000,6158000,17098000,4567000,11.07,12.91,9.22,0.1483,0.0799,2.65,4.43,77.68,0.05,0,0.3882,0.5892,0.1065,0.75,0.19,2.5587
2000-06-30,84170252,336681008,4,1549426000,697657000,707203000,346528000,842223000,0,0,0,360675000,300939000,34119000,34119000,0.41,0.4,0,25001000,-7794000,-33294000,-16224000,10940000,9487000,8.55,11.06,6.05,0.0608,0.0314,2.5,3.55,56.07,0.05,0,0.4282,0.5436,0.0425,0.74,0.05,2.0133
2000-03-31,83828478,335313912,4,1573898000,717174000,765605000,404930000,808293000,0,0,0,360675000,295499000,15828000,15828000,0.19,0.19,0,33123000,-16546000,1151000,17509000,27164000,8988000,6.86,7.81,5.91,0.0652,0.0334,2.41,2.89,98,0.05,0,0.4462,0.5136,0.0456,0.73,0.07,1.7711
1999-12-31,83823073,335292292,4,1554038000,690299000,760017000,282522000,794021000,0,0,452519000,477495000,281342000,36073000,36073000,0.43,0.42,0,87028000,-20307000,-65590000,948000,9655000,10760000,6.97,7.67,6.28,0.0306,0.0156,2.37,3.02,126.73,0.05,0,0.6014,0.5109,0.0217,0.72,0.23,2.4433
1999-09-30,84152345,336609380,4,1560495000,694634000,782234000,252339000,778261000,0,0,0,529895000,275814000,-36994000,-36994000,-0.44,-0.44,0,62758000,-89567000,30897000,4414000,8707000,20889000,8.81,10.19,7.44,0.0234,0.0123,2.31,3.66,34.89,0.05,0,0.6809,0.4987,0.0172,0.72,0.12,2.7528
1999-06-30,84656775,338627100,4,1548214000,704034000,731881000,246386000,816333000,0,0,0,485495000,290659000,37205000,37205000,0.44,0.44,0,57020000,-36396000,-30378000,-9931000,4293000,28095000,7.78,9.58,5.97,0.1073,0.0576,2.41,3.38,29.92,0.05,0,0.5947,0.5273,0.0806,0.71,0.09,2.8574
1999-03-31,84265398,337061592,4,1532506000,702932000,758599000,237804000,773907000,0,0,0,520795000,266734000,-12057000,-12057000,-0.14,-0.14,0,49261000,-184162000,146638000,10449000,14224000,9675000,6.54,7.34,5.74,0.1134,0.0605,2.3,2.74,17.44,0.05,0,0.6729,0.505,0.0857,0.71,0.12,2.9559
1998-12-31,84246363,336985452,4,1384612000,682464000,578392000,203397000,806220000,0,0,0,374995000,248452000,30423000,30423000,0.36,0.36,0,49810000,-14982000,-42344000,-7047000,3775000,19379000,6.38,7.97,4.8,0.169,0.0902,2.39,2.79,22.79,0.05,0,0.4651,0.5823,0.127,0.71,0.09,3.3553
1998-09-30,84162387,336649548,4,1435757000,713647000,663192000,245697000,772565000,0,0,0,417495000,248822000,29450000,29450000,0.35,0.35,0,45569000,10481000,-72618000,-16410000,10822000,7840000,6.98,9.16,4.8,0.1195,0.0667,2.29,3.14,28.78,0.05,0,0.5404,0.5381,0.0932,0.72,0.11,2.9046
1998-06-30,84165410,336661640,4,1458393000,719190000,711186000,220686000,747207000,0,0,0,490500000,261232000,40034000,40034000,0.48,0.47,0,3948000,-5545000,7146000,5846000,27232000,27000000,9.09,9.92,8.27,0.0997,0.0588,2.22,4.19,61.63,0.05,0,0.6564,0.5123,0.0839,0.7,-0.07,3.2589
1998-03-31,83992884,335971536,4,1448101000,705586000,718094000,230594000,730007000,0,0,0,487500000,257488000,29175000,29175000,0.32,0.32,0,9142000,19289000,-34898000,-7144000,21386000,19978000,8.38,9.5,7.26,0.0598,0.0375,2.17,2.85,54.95,0.05,0,0.6678,0.5041,0.0533,0.7,-0.03,3.0599
1997-12-31,83962846,335851384,4,1458616000,743282000,471594000,251594000,987022000,0,0,0,220000000,270073000,-1968000,-1968000,-0.02,-0.02,0,47038000,-29958000,-10410000,6219000,28530000,21820000,7.76,8.77,6.76,0.0565,0.0377,2.94,2.92,68.98,0.05,0,0.2229,0.6767,0.0534,0.71,0.08,2.9543
1997-09-30,91874119,367496476,4,1466636000,730656000,487312000,257812000,979324000,0,0,0,229500000,233189000,18552000,18552000,0.2,0.2,0,4326000,-4809000,-5464000,-6019000,22311000,27557000,9.55,10.72,8.38,0.0428,0.0282,2.66,3.7,55.36,0.05,0,0.2343,0.6677,0.0407,0.69,-0.06,2.8341
1997-06-30,91823448,367293792,4,1437761000,717271000,489025000,247525000,948736000,0,0,0,241500000,261456000,8765000,8765000,0.09,0.09,0,-26433000,21168000,5172000,-507000,28330000,29450000,8.61,9.94,7.28,0.0644,0.0444,2.58,3.29,32.8,0.05,0,0.2545,0.6599,0.062,0.72,-0.15,2.8978
1997-03-31,81049304,324197216,4,1274697000,650505000,425431000,240431000,849266000,0,0,0,185000000,229678000,27791000,27791000,0.34,0.34,0,-46787000,13315000,13794000,-20551000,20573000,8811000,9.46,10.6,8.31,0.0996,0.0716,2.62,3.67,31.27,0.05,0,0.2178,0.6662,0.099,0.72,-0.17,2.7056
1996-12-31,81027862,324111448,4,1301367000,664610000,465342000,293342000,836025000,0,0,0,172000000,223616000,-16484000,-16484000,-0.18,-0.18,0,12953000,-162287000,168197000,18682000,41124000,36781000,9.78,10.81,8.75,0.1124,0.083,2.58,3.65,21.15,0.05,0,0.2057,0.6424,0.114,0.73,-0.07,2.2656
1996-09-30,80985671,323942684,4,1059265000,540650000,191977000,191977000,867288000,0,0,0,0,193846000,36295000,36295000,0.44,0.44,0,61574000,-36507000,-46369000,-21360000,22442000,23136000,8.89,10.38,7.41,0.181,0.1371,2.68,3.47,19.12,0.05,0,0,0.8188,0.1858,0.74,0.12,2.8162
1996-06-30,80850529,323402116,4,1066167000,547099000,237386000,188386000,828781000,0,0,0,49000000,203217000,36597000,36597000,0.45,0.45,0,40855000,-15101000,-18929000,6946000,43802000,24480000,9.1,9.88,8.31,0.1871,0.1361,2.56,3.43,19.4,0.05,0,0.0591,0.7773,0.1844,0.74,0.05,2.9041
1996-03-31,70647285,282589140,4,1015095000,536531000,265685000,184685000,749410000,0,0,0,81000000,188101000,35773000,35773000,0.5,0.5,0,19138000,16642000,-33477000,2089000,15527000,10621000,10.3,11.5,9.1,0.1959,0.1362,2.65,4.12,22.76,0.05,0,0.1081,0.7383,0.1841,0.74,0.03,2.9051
1995-12-31,70299660,281198640,4,1015934000,520154000,312628000,192628000,703306000,0,0,0,120000000,181510000,33783000,33783000,0.47,0.46,0,42903000,-24973000,-20619000,-2949000,13438000,19673000,9.47,10.81,8.13,0.1999,0.1333,2.5,3.96,27.65,0.05,0,0.1706,0.6923,0.1789,0.75,0.08,2.7003
1995-09-30,69970635,279882540,4,962006000,476396000,291883000,151883000,670123000,0,0,0,140000000,175953000,31927000,31927000,0.45,0.45,0,64360000,-1100000,-63912000,-566000,16387000,9698000,9.41,10.67,8.14,0.1602,0.1031,2.39,4.22,29.72,0.05,0,0.2089,0.6966,0.1383,0.75,0.2,3.1366
1995-06-30,46632415,279794490,6,959847000,474613000,334874000,129874000,624973000,0,0,0,205000000,185551000,33124000,33124000,0.7,0.7,0,27179000,-9804000,-17529000,16000,16953000,8031000,7.84,8.92,6.77,0.1557,0.0966,2.23,3.7,26.73,0.05,0.0515,0.328,0.6511,0.1523,0.63,0.07,3.6544
1995-03-31,46527329,279163974,6,945065000,460114000,354228000,129228000,590837000,0,0,0,225000000,180499000,30584000,30584000,0.65,0.65,0,41036000,-8115000,-28426000,5146000,16937000,5559000,6.56,7.21,5.92,0.15,None,2.12,3.31,23.43,0.05,0.1116,0.3808,0.6252,0.1759,0.57,0.13,3.5605
1994-12-31,46491032,278946192,6,919898000,125763000,367680000,92079000,552218000,0,0,0,255000000,163751000,2004000,2004000,0.03,0.03,-0,13580000,-28103000,4856000,-9774000,11791000,6858000,6.23,6.83,5.63,0.1483,None,1.98,3.16,None,0.05,0.176,0.4618,0.6003,0.2203,0.49,0.02,1.3658
1994-09-30,46481622,278889732,6,909450000,389509000,359887000,108223000,549563000,0,0,0,250000000,62468000,24489000,24489000,0.52,0.52,0.1,25778000,-358930000,245441000,-87228000,21565000,6787000,5.52,6.04,5,None,None,1.97,2.92,None,0.05,None,0.4549,0.6043,None,None,0.07,3.5991
1994-06-30,46481122,278886732,6,570287000,492512000,41899000,None,528388000,0,0,0,0,66736000,26204000,26204000,0.56,0.56,0.1,18626000,15612000,-4096000,30140000,108793000,2289000,4.78,5.42,4.13,None,None,1.89,2.63,None,0.03,None,0,0.9265,None,None,0.06,None
1994-03-31,46463761,278782566,6,557653000,480086000,51085000,None,506568000,0,0,0,0,66685000,26537000,26537000,0.57,0.57,0.1,30949000,25016000,-4492000,51666000,78653000,2855000,4.71,5.08,4.33,None,None,1.82,2.71,None,0.02,None,0,0.9084,None,None,0.1,None
1993-12-31,46457761,278746566,6,526817000,449910000,42576000,40912000,484241000,0,0,0,0,None,None,None,None,None,0,None,None,None,None,26987000,0,4.56,4.96,4.17,None,None,1.74,None,None,0,None,0,0.9192,None,None,None,10.997
