"Quarter end","Shares","Shares split adjusted","Split factor","Assets","Current Assets","Liabilities","Current Liabilities","Shareholders equity","Non-controlling interest","Preferred equity","Goodwill & intangibles","Long-term debt","Revenue","Earnings","Earnings available for common stockholders","EPS basic","EPS diluted","Dividend per share","Cash from operating activities","Cash from investing activities","Cash from financing activities","Cash change during period","Cash at end of period","Capital expenditures","Price","Price high","Price low","ROE","ROA","Book value of equity per share","P/B ratio","P/E ratio","Cumulative dividends per share","Dividend payout ratio","Long-term debt to equity ratio","Equity to assets ratio","Net margin","Asset turnover","Free cash flow per share","Current ratio"
2019-06-30,7635409400,7635409400,1,286556000000,175552000000,184226000000,69420000000,102330000000,0,0,49776000000,66662000000,33717000000,13187000000,13187000000,1.72,1.7,0.46,16108000000,-7257000000,-8686000000,144000000,11356000000,4051000000,128.25,138.4,118.1,0.4182,0.1472,13.4,10.36,28.5,16.98,0.3593,0.6514,0.3571,0.3118,0.47,1.58,2.5288
2019-03-31,7662817920,7662817920,1,263281000000,159887000000,168417000000,53861000000,94864000000,0,0,49964000000,66585000000,30571000000,8809000000,8809000000,1.15,1.14,0.46,13520000000,-1363000000,-7601000000,4574000000,11212000000,2565000000,109.01,120.82,97.2,0.3928,0.1345,12.38,9.08,25.29,16.52,0.3953,0.7019,0.3603,0.2858,0.47,1.43,2.9685
2018-12-31,7672213446,7672213446,1,258859000000,156874000000,166731000000,50318000000,92128000000,0,0,50059000000,69653000000,32471000000,8420000000,8420000000,1.09,1.08,0.46,8900000000,-4200000000,-13216000000,-8499000000,6638000000,3707000000,105.07,116.18,93.96,0.3945,0.1314,12.01,9.38,43.6,16.06,0.4027,0.756,0.3559,0.2831,0.46,0.68,3.1177
2018-09-30,7676218736,7676218736,1,257619000000,164195000000,171652000000,56277000000,85967000000,0,0,43434000000,69733000000,29084000000,8824000000,8824000000,1.15,1.14,0.46,13657000000,-2953000000,-7384000000,3191000000,15137000000,3602000000,106.65,115.29,98,0.2307,0.0739,11.2,9.88,50.55,15.6,0.7021,0.8112,0.3337,0.1638,0.45,1.31,2.9176
2018-06-30,7668217316,7668217316,1,258848000000,169662000000,176130000000,58488000000,82718000000,0,0,43736000000,72242000000,30085000000,8873000000,8873000000,1.16,1.14,0.42,11418000000,-2670000000,-6039000000,2725000000,11946000000,3980000000,95.1,102.69,87.51,0.2009,0.0657,10.79,9.22,52.54,15.14,0.7798,0.8734,0.3196,0.1502,0.44,0.97,2.9008
2018-03-31,7683197503,7683197503,1,245497000000,156659000000,166258000000,46133000000,79239000000,0,0,44126000000,73480000000,26819000000,7424000000,7424000000,0.96,0.95,0.42,12151000000,3844000000,-19658000000,-3638000000,9221000000,2934000000,90.53,97.24,83.83,0.1778,0.0573,10.31,8.89,61.59,14.72,0.894,0.9273,0.3228,0.1372,0.42,1.2,3.3958
2017-12-31,7699792852,7699792852,1,256003000000,167633000000,177643000000,58099000000,78360000000,0,0,44389000000,73348000000,28918000000,-6302000000,-6302000000,-0.82,-0.82,0.42,7875000000,-331000000,-1552000000,5975000000,12859000000,2586000000,80.6,87.5,73.71,0.1495,0.0477,10.18,6.94,27.32,14.3,1.0777,0.936,0.3061,0.1172,0.41,0.69,2.8853
2017-09-30,7714590195,7714590195,1,249097000000,161031000000,159450000000,51615000000,89647000000,0,0,44987000000,76255000000,24538000000,6576000000,6576000000,0.85,0.84,0.42,12440000000,-6904000000,-6341000000,-779000000,6884000000,2132000000,72,75.97,68.02,0.3073,0.0983,11.62,7.66,26.57,13.88,0.5313,0.8506,0.3599,0.2455,0.4,1.34,3.1198
2017-06-30,7702243979,7702243979,1,241086000000,159851000000,168692000000,64527000000,72394000000,0,0,45228000000,78473000000,23317000000,6513000000,6513000000,0.85,0.84,0.39,11005000000,-7369000000,-2701000000,950000000,7663000000,2283000000,68.87,72.89,64.85,0.3015,0.0939,9.4,7.63,29.81,13.46,0.5688,1.084,0.3003,0.2357,0.4,1.13,2.4773
2017-03-31,7720514731,7720514731,1,225017000000,146313000000,155288000000,52005000000,69729000000,0,0,45215000000,77922000000,22090000000,4801000000,4801000000,0.62,0.61,0.39,10660000000,-6191000000,-6236000000,-1755000000,6713000000,1695000000,64.07,66.19,61.95,0.258,0.0847,9.03,7.2,29.53,13.07,0.6548,1.1175,0.3099,0.2076,0.41,1.16,2.8134
2016-12-31,7727529820,7727529820,1,224610000000,144949000000,155801000000,70787000000,68809000000,0,0,45525000000,60806000000,24090000000,5200000000,5200000000,0.67,0.66,0.39,6293000000,-14751000000,3016000000,-5460000000,8468000000,1988000000,60.21,64.1,56.32,0.2388,0.084,8.9,6.65,28.27,12.68,0.6843,0.8837,0.3063,0.1992,0.42,0.56,2.0477
2016-09-30,7775350501,7775350501,1,212524000000,157909000000,142152000000,58810000000,70372000000,0,0,21429000000,61154000000,20453000000,4690000000,4690000000,0.6,0.6,0.39,11549000000,-18470000000,14329000000,7418000000,13928000000,2163000000,54.55,58.7,50.39,0.2295,0.0878,9.05,5.9,25.98,12.29,0.6826,0.869,0.3311,0.1975,0.44,1.21,2.6851
2016-06-30,7792515573,7792515573,1,193694000000,139660000000,121697000000,59357000000,71997000000,0,0,21605000000,40783000000,20614000000,3424000000,3424000000,0.43,0.44,0.36,8766000000,-10073000000,669000000,-660000000,6510000000,2655000000,44.83,49.54,40.12,0.2232,0.0922,9.24,4.71,35.3,11.9,0.6762,0.5665,0.3717,0.1969,0.47,0.78,2.3529
2016-03-31,7860466856,7860466856,1,181869000000,128421000000,107063000000,44354000000,74806000000,0,0,22407000000,40896000000,20531000000,3756000000,3756000000,0.48,0.47,0.36,10367000000,-5483000000,-4916000000,-15000000,7170000000,2308000000,44.07,47.91,40.23,0.1317,0.0573,9.52,4.54,31.26,11.54,1.0838,0.5467,0.4113,0.1172,0.49,1.03,2.8954
2015-12-31,7909302774,7909302774,1,180098000000,127812000000,103318000000,42643000000,76780000000,0,0,22055000000,40679000000,23796000000,4998000000,4998000000,0.63,0.62,0.36,5598000000,-3328000000,-498000000,1754000000,7185000000,2024000000,50.3,56.85,43.75,0.1406,0.0646,9.71,5.19,33.53,11.18,0.9388,0.5298,0.4263,0.1295,0.5,0.45,2.9973
2015-09-30,7987913152,7987913152,1,172896000000,121656000000,95451000000,49399000000,77445000000,0,0,21887000000,27819000000,20379000000,4620000000,4620000000,0.58,0.57,0.36,8594000000,-5066000000,-3648000000,-164000000,5431000000,1356000000,44.06,48.41,39.72,0.1446,0.0701,9.7,4.4,29.97,10.82,0.8479,0.3592,0.4479,0.1352,0.52,0.91,2.4627
2015-06-30,7997980969,7997980969,1,176223000000,124712000000,96140000000,49858000000,80083000000,0,0,21774000000,27808000000,22180000000,-3195000000,-3195000000,-0.39,-0.39,0.31,6816000000,-5067000000,-3571000000,-1819000000,5595000000,1781000000,44.83,49.54,40.12,0.1385,0.0699,10.01,4.02,18.6,10.46,0.8272,0.3472,0.4544,0.1303,0.54,0.63,2.5013
2015-03-31,8089575277,8089575277,1,176683000000,118398000000,86551000000,40748000000,90132000000,0,0,28691000000,27644000000,21729000000,4985000000,4985000000,0.61,0.61,0.31,9570000000,-5481000000,-3065000000,988000000,7414000000,1391000000,44.07,47.91,40.23,0.221,0.1153,11.14,3.93,17.77,10.15,0.4957,0.3067,0.5101,0.211,0.55,1.01,2.9056
2014-12-31,8203785341,8203785341,1,174848000000,116362000000,82969000000,47415000000,91879000000,0,0,29154000000,18260000000,26470000000,5863000000,5863000000,0.71,0.71,0.31,4340000000,-4716000000,534000000,124000000,6426000000,1490000000,46.08,50.05,42.1,0.2302,0.1229,11.2,4.21,18.07,9.84,0.4701,0.1987,0.5255,0.2212,0.56,0.35,2.4541
2014-09-30,8242852827,8242852827,1,169656000000,112439000000,79486000000,44694000000,90170000000,0,0,26774000000,18472000000,23201000000,4540000000,4540000000,0.55,0.54,0.31,8354000000,-7737000000,-2978000000,-2367000000,6302000000,1282000000,44.31,47.57,41.05,0.2425,0.1312,10.94,4.07,16.85,9.53,0.4445,0.2049,0.5315,0.2335,0.56,0.86,2.5158
2014-06-30,8239848789,8239848789,1,172384000000,114246000000,82600000000,45625000000,89784000000,0,0,27108000000,20645000000,23382000000,4612000000,4612000000,0.56,0.55,0.28,9514000000,-8910000000,-3309000000,-2903000000,8669000000,1330000000,40.4,42.29,38.51,0.2567,0.1414,10.9,3.82,15.25,9.22,0.4205,0.2299,0.5208,0.2542,0.56,0.99,2.504
2014-03-31,8260411967,8260411967,1,156119000000,109006000000,68695000000,33903000000,87424000000,0,0,17652000000,20679000000,20403000000,5660000000,5660000000,0.68,0.68,0.28,10099000000,-4284000000,-4304000000,1513000000,11572000000,1192000000,38.06,41.5,34.63,0.2693,0.1509,10.58,3.71,14.15,8.94,0.3964,0.2365,0.56,0.2691,0.56,1.08,3.2152
2013-12-31,8300723725,8300723725,1,153543000000,106870000000,68443000000,33742000000,85100000000,0,0,17625000000,20676000000,24519000000,6558000000,6558000000,0.79,0.78,0.28,4413000000,-1025000000,2615000000,6036000000,10059000000,1732000000,35.89,38.98,32.8,0.2832,0.1595,10.25,3.67,13.44,8.66,0.3724,0.243,0.5542,0.2735,0.58,0.32,3.1673
2013-09-30,8347968348,8347968348,1,142348000000,99450000000,60707000000,34623000000,81641000000,0,0,17649000000,12632000000,18529000000,5244000000,5244000000,0.63,0.62,0.28,8205000000,-4614000000,-3396000000,219000000,4023000000,1231000000,33.63,36.43,30.84,0.2923,0.1654,9.78,3.55,13.03,8.38,0.3578,0.1547,0.5735,0.2817,0.59,0.84,2.8724
2013-06-30,8329956402,8329956402,1,142431000000,101466000000,63487000000,37417000000,78944000000,0,0,17738000000,12601000000,19896000000,4965000000,4965000000,0.6,0.57,0.23,5903000000,-5839000000,-1469000000,-1436000000,3804000000,1794000000,31.95,35.78,28.11,0.2944,0.1659,9.48,3.48,16.38,8.1,0.3521,0.1596,0.5543,0.2808,0.59,0.49,2.7118
2013-03-31,8351106590,8351106590,1,134105000000,93524000000,57417000000,31929000000,76688000000,0,0,17922000000,11949000000,20489000000,6055000000,6055000000,0.72,0.72,0.23,9666000000,-7660000000,-2744000000,-777000000,5240000000,930000000,27.47,28.66,26.28,0.2307,0.1297,9.18,3.17,15.01,7.87,0.4547,0.1558,0.5719,0.2158,0.6,1.05,2.9291
2012-12-31,8376244910,8376244910,1,128683000000,89574000000,56107000000,31910000000,72576000000,0,0,18068000000,11947000000,21456000000,6377000000,6377000000,0.76,0.76,0.23,4780000000,-2593000000,-1221000000,981000000,6017000000,930000000,28.26,30.25,26.26,0.2237,0.1262,8.66,3.45,15.28,7.64,0.467,0.1646,0.564,0.212,0.6,0.46,2.8071
2012-09-30,8416462491,8416462491,1,121876000000,84051000000,53040000000,31402000000,68836000000,0,0,17889000000,9714000000,16008000000,4466000000,4466000000,0.53,0.53,0.23,8484000000,-7719000000,-2714000000,-1902000000,5036000000,603000000,30.07,31.61,28.54,0.2344,0.1327,8.18,3.8,15.04,7.41,0.4438,0.1411,0.5648,0.2171,0.61,0.94,2.6766
2012-06-30,8383396575,8383396575,1,121271000000,85084000000,54908000000,32688000000,66363000000,0,0,16622000000,10713000000,18059000000,-492000000,-492000000,-0.06,-0.06,0.2,7677000000,-4662000000,-2421000000,550000000,6938000000,622000000,30.61,32.89,28.32,0.2627,0.148,7.92,3.75,11.13,7.18,0.3957,0.1614,0.5472,0.2303,0.64,0.84,2.6029
2012-03-31,8400866103,8400866103,1,118010000000,76860000000,49351000000,26170000000,68659000000,0,0,22454000000,11938000000,17407000000,5108000000,5108000000,0.61,0.6,0.2,9594000000,-12241000000,-1605000000,-4222000000,6388000000,749000000,29.67,32.95,26.39,0.3746,0.2092,8.17,3.88,10.75,6.98,0.2734,0.1739,0.5818,0.3196,0.65,1.05,2.937
2011-12-31,8390771388,8390771388,1,112243000000,72513000000,48122000000,25373000000,64121000000,0,0,22251000000,11932000000,20885000000,6624000000,6624000000,0.79,0.78,0.2,5862000000,-5568000000,-2513000000,-2271000000,10610000000,498000000,25.88,27.5,24.26,0.4011,0.2193,7.64,3.67,9.41,6.78,0.2578,0.1861,0.5713,0.3257,0.67,0.64,2.8579
2011-09-30,8412182277,8412182277,1,107415000000,75271000000,48024000000,25543000000,59391000000,0,0,13563000000,11927000000,17372000000,5738000000,5738000000,0.68,0.68,0.2,8493000000,-2315000000,-2869000000,3271000000,12881000000,436000000,25.97,28.15,23.79,0.43,0.2301,7.06,3.81,9.65,6.58,0.2435,0.2008,0.5529,0.3301,0.7,0.96,2.9468
2011-06-30,8378265782,8378265782,1,108704000000,74918000000,51621000000,28774000000,57083000000,0,0,13325000000,11921000000,17367000000,5874000000,5874000000,0.7,0.69,0.16,5942000000,-950000000,-2423000000,2589000000,9610000000,642000000,25.26,26.87,23.65,0.4496,0.2361,6.81,3.98,10.06,6.38,0.2334,0.2088,0.5251,0.331,0.71,0.63,2.6037
2011-03-31,8432767307,8432767307,1,99727000000,66263000000,46275000000,24042000000,53452000000,0,0,13394000000,11915000000,16428000000,5232000000,5232000000,0.62,0.61,0.16,8672000000,-7139000000,1437000000,2998000000,7021000000,658000000,27.07,29.46,24.68,0.4469,0.2358,6.34,4.69,11.52,6.22,0.238,0.2229,0.536,0.3176,0.74,0.95,2.7561
2010-12-31,8402382031,8402382031,1,92306000000,59684000000,43825000000,24312000000,48481000000,0,0,13494000000,9671000000,19953000000,6634000000,6634000000,0.78,0.77,0.16,4186000000,-1570000000,-6751000000,-4138000000,4023000000,491000000,26.33,28.87,23.78,0.4392,0.2318,5.77,4.8,11.35,6.06,0.242,0.1995,0.5252,0.3084,0.75,0.44,2.4549
2010-09-30,8555523242,8555523242,1,91540000000,59581000000,44598000000,25857000000,46942000000,0,0,13548000000,9665000000,16195000000,5410000000,5410000000,0.63,0.62,0.16,8194000000,-4957000000,-639000000,2656000000,8161000000,564000000,24.57,26.41,22.73,0.4499,0.239,5.49,4.6,11.7,5.9,0.2318,0.2059,0.5128,0.3132,0.76,0.89,2.3043
2010-06-30,8653567331,8653567331,1,86113000000,55676000000,39938000000,26147000000,46175000000,0,0,13552000000,4939000000,16039000000,4518000000,4518000000,0.52,0.51,0.13,5604000000,-4119000000,-4098000000,-2650000000,5505000000,758000000,27.27,31.58,22.95,0.423,0.2242,5.34,5.22,14.13,5.74,0.243,0.107,0.5362,0.3002,0.75,0.56,2.1293
2010-03-31,8763839329,8763839329,1,84910000000,54518000000,39200000000,26424000000,45710000000,0,0,13745000000,3746000000,14503000000,4006000000,4006000000,0.46,0.45,0.13,7393000000,-5904000000,-2726000000,-1267000000,8155000000,408000000,29.41,31.24,27.57,0.4049,0.2118,5.22,5.82,16.25,5.61,0.2656,0.082,0.5383,0.2903,0.73,0.8,2.0632
2009-12-31,8770460922,8770460922,1,82096000000,52487000000,37813000000,25715000000,44283000000,0,0,13714000000,3746000000,19022000000,6662000000,6662000000,0.75,0.74,0.13,4969000000,-92000000,-4277000000,599000000,9422000000,376000000,27.96,31.5,24.43,0.4014,0.2095,5.05,6.03,18.16,5.48,0.2835,0.0846,0.5394,0.277,0.76,0.52,2.0411
2009-09-30,8879121378,8879121378,1,81612000000,52231000000,40400000000,28761000000,41212000000,0,0,14235000000,3746000000,12920000000,3574000000,3574000000,0.4,0.4,0.13,6107000000,-1199000000,-2190000000,2747000000,8823000000,435000000,24.13,26.25,22,0.3619,0.1873,4.64,5.43,14.9,5.35,0.3359,0.0909,0.505,0.2446,0.77,0.64,1.816
2009-06-30,8910673817,8910673817,1,77888000000,49280000000,38330000000,27034000000,39558000000,0,0,14262000000,3746000000,13099000000,3045000000,3045000000,0.35,0.34,0.13,3841000000,-7857000000,2699000000,-1209000000,6076000000,867000000,21.26,24.34,18.18,0.4031,0.2099,4.44,5.12,12.29,5.22,0.3054,0.0947,0.5079,0.2493,0.84,0.33,1.8229
2009-03-31,8899720022,8899720022,1,68853000000,40724000000,31910000000,23823000000,36943000000,0,0,14310000000,0,13648000000,2977000000,2977000000,0.33,0.33,0.13,6044000000,-6009000000,-1060000000,-1061000000,7285000000,632000000,17.93,21,14.87,0.4479,0.2322,4.15,4.62,9.59,5.09,0.2715,0,0.5365,0.2586,0.9,0.61,1.7094
2008-12-31,8890562873,8890562873,1,65786000000,37730000000,31308000000,23710000000,34478000000,0,0,14305000000,0,16629000000,4174000000,4174000000,0.47,0.47,0.13,5782000000,-2499000000,-3858000000,-658000000,8346000000,842000000,22.48,27.47,17.5,0.4857,0.2512,3.88,5.95,11.83,4.96,0.2416,0,0.5241,0.278,0.9,0.56,1.5913
2008-09-30,8895572720,8895572720,1,65117000000,37202000000,31523000000,24383000000,33594000000,0,0,14190000000,0,15061000000,4373000000,4373000000,0.48,0.48,0.11,3370000000,595000000,-5244000000,-1335000000,9004000000,778000000,26,28.5,23.5,0.5009,0.2575,3.78,6.55,13.9,4.83,0.2269,0,0.5159,0.2878,0.89,0.29,1.5257
2008-06-30,9130293074,9130293074,1,72793000000,43242000000,36507000000,29886000000,36286000000,0,0,14081000000,0,15837000000,4297000000,4297000000,0.47,0.45,0.11,4085000000,-503000000,-5072000000,-1481000000,10339000000,1218000000,29.61,32.1,27.11,0.5037,0.2558,3.97,7.35,17.12,4.72,0.2256,0,0.4985,0.2926,0.87,0.31,1.4469
2008-03-31,9313292833,9313292833,1,70747000000,41489000000,33193000000,27028000000,37554000000,0,0,11985000000,0,14454000000,4388000000,4388000000,0.47,0.47,0.11,7082000000,-778000000,-1986000000,4360000000,11820000000,759000000,31.41,35.96,26.87,0.4857,0.2461,4.03,8.49,17.85,4.61,0.2388,0,0.5308,0.2833,0.87,0.68,1.535
2007-12-31,9306979746,9306979746,1,67339000000,37775000000,32908000000,22058000000,34431000000,0,0,12026000000,0,16367000000,4707000000,4707000000,0.5,0.5,0.11,4567000000,-1049000000,-2723000000,823000000,7460000000,695000000,33.39,37.5,29.29,0.5114,0.2608,3.7,9.73,21.97,4.5,0.2273,0,0.5113,0.2929,0.89,0.42,1.7125
2007-09-30,9355438912,9355438912,1,65645000000,35853000000,33510000000,22744000000,32135000000,0,0,11869000000,0,13762000000,4289000000,4289000000,0.46,0.45,0.1,5878000000,-2257000000,-3153000000,526000000,6637000000,510000000,29.68,31.84,27.51,0.4413,0.2297,3.43,8.94,20.9,4.39,0.2561,0,0.4895,0.2751,0.83,0.57,1.5764
2007-06-30,9375492496,9375492496,1,63171000000,40168000000,32074000000,23754000000,31097000000,0,0,5638000000,0,13371000000,3035000000,3035000000,0.31,0.31,0.1,4402000000,1075000000,-6983000000,-1500000000,6111000000,820000000,29.36,31.16,27.56,0.4053,0.2174,3.32,8.02,21.12,4.29,0.2672,0,0.4923,0.2751,0.79,0.38,1.691
2007-03-31,9566808383,9566808383,1,63891000000,42783000000,28918000000,21627000000,34973000000,0,0,4916000000,0,14398000000,4926000000,4926000000,0.51,0.5,0.1,7291000000,511000000,-7063000000,752000000,7611000000,461000000,29.04,31.48,26.6,0.375,0.209,3.66,7.76,24.61,4.19,0.2683,0,0.5474,0.2796,0.75,0.71,1.9782
2006-12-31,9792314405,9792314405,1,66371000000,45180000000,29737000000,22215000000,36634000000,0,0,4934000000,0,12542000000,2626000000,2626000000,0.27,0.26,0.1,2042000000,-1958000000,-2323000000,-2217000000,6859000000,572000000,28.7,30.26,27.15,0.3076,0.1776,3.74,7.82,22.78,4.09,0.309,0,0.552,0.2586,0.69,0.15,2.0338
2006-09-30,9830460093,9830460093,1,65354000000,45358000000,29253000000,21972000000,36101000000,0,0,4873000000,0,10811000000,3478000000,3478000000,0.35,0.35,0.09,4061000000,6461000000,-8175000000,2362000000,9076000000,411000000,24.88,27.52,22.23,0.3185,0.1923,3.67,6.19,20.73,3.99,0.2726,0,0.5524,0.2852,0.67,0.37,2.0644
2006-06-30,9969991800,9969991800,1,69597000000,49010000000,29493000000,22442000000,40104000000,0,0,4405000000,0,11804000000,2828000000,2828000000,0.28,0.28,0.09,3281000000,3739000000,-4684000000,2363000000,6714000000,745000000,24.7,27.94,21.46,0.2885,0.1831,4.02,6,19.6,3.9,0.2773,0,0.5762,0.2845,0.64,0.25,2.1839
2006-03-31,10201202877,10201202877,1,66854000000,46628000000,24816000000,18367000000,42038000000,0,0,4070000000,0,10900000000,2977000000,2977000000,0.29,0.29,0.09,4563000000,833000000,-5135000000,268000000,4351000000,302000000,27.24,28.38,26.1,0.295,0.195,4.12,6.36,22.7,3.81,0.2564,0,0.6288,0.3159,0.62,0.42,2.5387
2005-12-31,10333368967,10333368967,1,67257000000,46694000000,23049000000,16747000000,44208000000,0,0,4019000000,0,11837000000,3653000000,3653000000,0.35,0.34,0.08,2231000000,6692000000,-7802000000,1109000000,4083000000,318000000,26.25,28.25,24.25,0.2778,0.1894,4.28,5.78,22.25,3.72,0.2604,0,0.6573,0.3157,0.6,0.19,2.7882
2005-09-30,10644674213,10644674213,1,71462000000,49831000000,23135000000,17022000000,48327000000,0,0,4006000000,0,9741000000,3141000000,3141000000,0.29,0.29,0.08,4329000000,-3261000000,-2941000000,-1877000000,2974000000,213000000,26.22,27.94,24.5,0.2694,0.1882,4.54,5.84,23.41,3.64,2.8044,0,0.6763,0.319,0.59,0.39,2.9274
2005-06-30,10712706028,10712706028,1,70815000000,48737000000,22700000000,16877000000,48115000000,0,0,3808000000,0,10161000000,3700000000,3700000000,0.34,0.34,0.08,3976000000,1539000000,-3710000000,1749000000,4851000000,260000000,25.09,26.07,24.12,0.2242,0.1654,4.49,5.73,24.36,3.56,2.9462,0,0.6794,0.308,0.54,0.35,2.8878
2005-03-31,10804353235,10804353235,1,66275000000,46593000000,18902000000,16139000000,47373000000,0,0,3579000000,0,9620000000,2563000000,2563000000,0.24,0.23,0.08,5003000000,-1813000000,-2958000000,224000000,3782000000,203000000,25.38,26.84,23.92,0.1833,0.1415,4.38,5.85,27.59,3.48,3.1346,0,0.7148,0.2889,0.49,0.44,2.887
2004-12-31,10880222153,10880222153,1,64941000000,44399000000,17709000000,15045000000,47232000000,0,0,3599000000,0,10818000000,3463000000,3463000000,0.32,0.32,3.08,3619000000,23414000000,-33672000000,-6585000000,4556000000,176000000,28.26,29.98,26.53,0.1489,0.1171,4.34,4.04,38.19,3.4,3.4395,0,0.7273,0.2598,0.45,0.32,2.9511
2004-09-30,10871589882,10871589882,1,94268000000,72896000000,18322000000,15811000000,75946000000,0,0,3649000000,0,9189000000,2528000000,2528000000,0.23,0.23,0.08,4007000000,-8113000000,-738000000,-4841000000,11141000000,173000000,27.94,29,26.88,0.1112,0.0892,6.99,4.06,37.25,0.32,0.3213,0,0.8056,0.2138,0.42,0.35,4.6105
2004-06-30,10872704667,10872704667,1,92389000000,70566000000,17564000000,14969000000,74825000000,0,0,3684000000,0,9292000000,2690000000,2690000000,0.26,0.25,0,1658000000,3690000000,1296000000,6634000000,15982000000,557000000,26.82,28.57,25.08,0.1161,0.0927,6.88,4.1,40.03,0.24,0.2114,0,0.8099,0.2217,0.42,0.1,4.7141
2004-03-31,10794692690,10794692690,1,89767000000,65270000000,19187000000,15984000000,70580000000,0,0,3709000000,0,9175000000,1315000000,1315000000,0.12,0.12,0,4970000000,-738000000,-1040000000,3199000000,9348000000,213000000,26.48,28.8,24.15,0.1106,0.0872,6.54,4.12,32.69,0.24,0.2334,0,0.7863,0.2078,0.42,0.44,4.0835
2003-12-31,10794392603,10794392603,1,85937000000,62400000000,16594000000,13927000000,69343000000,0,0,3455000000,0,10153000000,1549000000,1549000000,0.14,0.14,0.16,4574000000,-1949000000,-2270000000,381000000,6149000000,172000000,27.23,29.35,25.1,0.1391,0.1095,6.42,4.41,30.09,0.24,0.2913,0,0.8069,0.2591,0.42,0.41,4.4805
2003-09-30,10812468881,10812468881,1,84281000000,60910000000,17601000000,15098000000,66680000000,0,0,3506000000,0,8215000000,2614000000,2614000000,0.24,0.24,0,3424000000,-3748000000,-350000000,-670000000,5768000000,167000000,27.75,29.96,25.54,0.1635,0.1272,6.17,4.92,30.33,0.08,0.0869,0,0.7912,0.3026,0.42,0.3,4.0343
2003-06-30,10813984831,10813984831,1,79571000000,58973000000,18551000000,13974000000,61020000000,0,0,3512000000,0,8065000000,1921000000,1921000000,0.18,0.17,0,2689000000,-90000000,-483000000,2138000000,6438000000,273000000,25.02,26.37,23.67,0.1748,0.1347,5.64,4.61,28.27,0.08,0.086,0,0.7669,0.3105,0.43,0.22,4.2202
2003-03-31,10736261053,10736261053,1,74482000000,54672000000,16200000000,13161000000,58282000000,0,0,3357000000,0,7835000000,2794000000,2794000000,0.26,0.26,0.08,4169000000,-4207000000,-1211000000,-1252000000,4300000000,182000000,25.64,28.49,22.8,0.1747,0.1348,5.43,4.91,29.47,0.08,0.0895,0,0.7825,0.3059,0.44,0.37,4.1541
2002-12-31,5350692651,10701385302,2,72359000000,52931000000,16547000000,13617000000,55812000000,0,0,3364000000,0,8541000000,2552000000,2552000000,0.48,0.47,0,2767000000,-2019000000,-571000000,214000000,5552000000,276000000,25.51,29.12,21.89,0.1768,0.137,5.22,5.1,30.37,0,0,0,0.7713,0.3099,0.44,0.23,3.8871
2002-09-30,5346449872,10692899744,2,70235000000,50043000000,16719000000,13757000000,53516000000,0,0,3497000000,0,7746000000,2726000000,2726000000,0.51,0.5,0,6172000000,-897000000,-2958000000,2322000000,5338000000,160000000,24.43,27.43,21.42,0.1753,0.1365,5,5.04,34.65,0,0,0,0.762,0.3092,0.44,0.56,3.6376
2002-06-30,5378746853,10757493706,2,67646000000,48576000000,15466000000,12744000000,52180000000,0,0,1669000000,0,7253000000,1525000000,1525000000,0.28,0.28,0,3434000000,-1700000000,-3841000000,-2100000000,3016000000,282000000,27.25,30.19,24.31,0.1516,0.1192,4.85,5.44,47.81,0,0,0,0.7714,0.276,0.43,0.29,3.8117
2002-03-31,5415462752,10830925504,2,68379000000,47827000000,14079000000,11842000000,54300000000,0,0,1710000000,0,7245000000,2738000000,2738000000,0.51,0.49,0,4121000000,-3996000000,-251000000,-140000000,5116000000,166000000,31.96,34.93,29,0.1263,0.1001,5.01,6.71,58.64,0,0,0,0.7941,0.231,0.43,0.37,4.0388
2001-12-31,5416006543,10832013086,2,65387000000,47988000000,13839000000,11567000000,51548000000,0,0,1855000000,0,7741000000,2283000000,2283000000,0.42,0.41,0,3565000000,-1680000000,254000000,2143000000,5256000000,172000000,30.32,34.75,25.9,0.1245,0.099,4.76,6.77,52.73,0,0,0,0.7884,0.2271,0.44,0.31,4.1487
2001-09-30,5416006543,10832013086,2,61367000000,44332000000,12862000000,12862000000,48505000000,0,0,1905000000,0,6126000000,1283000000,1283000000,0.24,0.23,0,3389000000,-3469000000,-734000000,-809000000,3113000000,150000000,30.57,36.29,24.86,0.135,0.108,4.48,6.98,46.32,0,0,0,0.7904,0.2507,0.43,0.3,3.4467
2001-06-30,5401944951,10803889902,2,59257000000,39637000000,11968000000,11132000000,47289000000,0,0,0,0,6455000000,65000000,65000000,0.01,0.01,0,3579000000,-2149000000,-1631000000,-227000000,3922000000,322000000,31.41,36.84,25.97,0.157,0.1263,4.38,7.03,36.1,0,0,0,0.798,0.2904,0.43,0.3,3.5606
2001-03-31,5382101906,10764203812,2,59605000000,37789000000,11515000000,9740000000,48090000000,0,0,0,0,6456000000,2451000000,2451000000,0.46,0.44,0,4014000000,-2381000000,-1023000000,618000000,4149000000,264000000,27.02,32.34,21.69,0.2139,0.1719,4.47,6.21,31.24,0,0,0,0.8068,0.3932,0.44,0.35,3.8798
2000-12-31,5335390864,10670781728,2,57691000000,35016000000,11269000000,9625000000,46422000000,0,0,0,0,6585000000,2624000000,2624000000,0.49,0.47,0,2869000000,-268000000,-1636000000,890000000,3531000000,272000000,28.09,35.44,20.75,0.2226,0.1775,4.35,6.61,33.05,0,0,0,0.8047,0.4036,0.44,0.24,3.638
2000-09-30,5332337924,10664675848,2,56089000000,31393000000,10746000000,9306000000,45343000000,0,0,0,0,5800000000,2206000000,2206000000,0.42,0.4,0,2960000000,-3936000000,-1296000000,-2205000000,2641000000,245000000,35.58,41,30.16,0.2343,0.1848,4.25,9.22,41.86,0,0,0,0.8084,0.4037,0.46,0.25,3.3734
2000-06-30,5355376816,10710753632,2,52150000000,30308000000,10782000000,9755000000,41368000000,0,0,0,0,5804000000,2409000000,2409000000,0.45,0.43,0,7554000000,-4334000000,-3531000000,-346000000,4846000000,262000000,39.22,48.25,30.19,0.2562,0.2006,3.86,10.38,47.25,0,0,0,0.7933,0.4104,0.49,0.68,3.1069
2000-03-31,5262405409,10524810818,2,50895000000,25217000000,11103000000,11103000000,39792000000,0,0,0,0,5656000000,2385000000,2385000000,0.46,0.43,0,2269000000,-4336000000,2183000000,160000000,5192000000,246000000,51.69,59.31,44.06,0.2747,0.2133,3.78,15.57,65.43,0,0,0,0.7818,0.3892,0.55,0.19,2.2712
1999-12-31,5204853333,10409706666,2,45093000000,22020000000,10504000000,10504000000,34589000000,0,0,0,0,6112000000,2436000000,2436000000,0.47,0.44,0,2148000000,-137000000,-1769000000,243000000,5032000000,232000000,51.08,59.97,42.19,0.2913,0.225,3.32,16.8,67.88,0,0,0,0.7671,0.3913,0.58,0.18,2.0963
1999-09-30,5160024593,10320049186,2,39672000000,21963000000,8332000000,8332000000,31340000000,0,0,0,0,5384000000,2191000000,2191000000,0.43,0.4,0,1990000000,-3120000000,925000000,-186000000,4789000000,139000000,45.59,50.38,40.81,0.3069,0.2362,3.04,16.46,64.44,0,0,0,0.79,0.3916,0.6,0.18,2.636
1999-06-30,5141508124,10283016248,2,37156000000,20233000000,8718000000,8718000000,28438000000,0,0,0,0,6525000000,2202000000,2202000000,0.42,0.39,0,2611000000,-3548000000,-304000000,-1228000000,4975000000,292000000,42.78,47.81,37.75,0.3245,0.2465,2.77,16.98,66.33,0,0,0,0.7654,0.3939,0.63,0.23,2.3208
1999-03-31,5103859232,10207718464,2,33561000000,24058000000,7839000000,7839000000,25722000000,0,0,0,0,4331000000,1917000000,1917000000,0.38,0.35,0,2684000000,-3723000000,1148000000,90000000,6203000000,50000000,40.66,47.31,34,0.3299,0.2489,2.52,18.15,68.34,0,0,0,0.7664,0.4027,0.62,0.26,3.069
1998-12-31,2523459482,10093837928,4,30049000000,21809000000,7471000000,7471000000,22578000000,0,0,0,0,4938000000,1983000000,1983000000,0.79,0.73,0,2151000000,-2048000000,780000000,922000000,6113000000,135000000,30.04,36,24.07,0.3477,0.2609,2.24,15.65,58.05,0,0,0,0.7514,0.3809,0.68,0.2,2.9192
1998-09-30,2493566949,9974267796,4,25569000000,18964000000,6445000000,6445000000,19124000000,0,0,0,0,3953000000,1683000000,1676000000,0.68,0.62,0,2584000000,-1872000000,621000000,1352000000,5191000000,106000000,26.77,29.91,23.63,0.3502,0.2614,1.92,16.03,62.99,0,0,0,0.7479,0.3591,0.73,0.25,2.9424
1998-06-30,2484635670,9938542680,4,22357000000,15889000000,5730000000,5730000000,16627000000,0,0,0,0,3995000000,1357000000,1357000000,0.53,None,0,1434000000,-1959000000,232000000,-271000000,3839000000,241000000,23.8,27.14,20.47,0.3249,0.2423,1.67,15.97,60.83,0,0,0,0.7437,0.309,0.78,0.12,2.7729
1998-03-31,2464072255,9856289020,4,19545000000,13735000000,4869000000,4869000000,14676000000,0,0,0,0,3774000000,1337000000,1330000000,0.55,0.5,0,2102000000,-1428000000,872000000,1528000000,4110000000,147000000,19.14,22.73,15.55,0.3391,0.2534,1.49,15.31,52.44,0,0,0,0.7509,0.3056,0.83,0.2,2.8209
1997-12-31,2464072255,9856289020,4,16840000000,11636000000,4496000000,4496000000,12344000000,0,0,0,0,3585000000,1133000000,1133000000,0.47,0.42,0,1664000000,-2694000000,-316000000,-1363000000,2582000000,151000000,16.54,18.33,14.75,0.3551,0.2631,1.25,13.9,49.93,0,0,0,0.733,0.2963,0.88,0.15,2.5881
1997-09-30,1206691442,9653531536,8,15366000000,10838000000,3902000000,3902000000,11464000000,0,0,0,0,3130000000,663000000,656000000,0.5,None,0,1680000000,-1191000000,-234000000,239000000,3945000000,117000000,17.13,18.84,15.41,0.3402,0.2541,1.19,15.43,52.21,0,0,0,0.7461,0.2861,0.88,0.16,2.7775
1997-06-30,1212567717,9700541736,8,14387000000,10373000000,3610000000,3610000000,10777000000,0,0,0,0,3175000000,1057000000,1057000000,0.79,None,0,1070000000,-1713000000,466000000,-146000000,3706000000,173000000,14.05,16.87,11.22,0.3743,0.2734,1.11,14.79,49.52,0,0,0,0.7491,0.3034,0.9,0.09,2.8734
1997-03-31,1198327269,9586618152,8,12613000000,10224000000,3479000000,3479000000,9134000000,0,0,0,0,3208000000,1042000000,1035000000,0.79,None,0,1618000000,631000000,-1463000000,756000000,3852000000,110000000,11.52,12.94,10.09,0.3578,0.2558,0.95,11.52,48,0,0,0,0.7242,0.2824,0.9,0.16,2.9388
1996-12-31,1203155525,9625244200,8,12786000000,10442000000,3144000000,3144000000,9642000000,0,0,0,0,2680000000,741000000,740000000,0.57,None,0,1218000000,-2011000000,872000000,78000000,3096000000,117000000,9.47,10.77,8.18,0.3254,0.2292,1,12.46,42.09,0,0,0,0.7541,0.2623,0.87,0.11,3.3212
1996-09-30,597593969,9561503504,16,10740000000,8232000000,3338000000,2663000000,7277000000,125000000,0,0,0,2295000000,614000000,614000000,0.95,None,0,783000000,4000000,-376000000,417000000,3018000000,99000000,7.69,8.66,6.72,0.3427,0.2338,0.76,10.68,35.87,0,0,0,0.6776,0.2581,0.91,0.07,3.0913
1996-06-30,596226947,9539631152,16,10093000000,7839000000,3060000000,2425000000,6908000000,125000000,0,0,0,2255000000,559000000,559000000,0.87,None,0,913000000,-1032000000,-232000000,-336000000,2601000000,158000000,7.05,7.87,6.23,0.3454,0.2376,0.72,10.22,35.92,0,0,0,0.6844,0.2531,0.94,0.08,3.2326
1996-03-31,598249261,9571988176,16,9590000000,7696000000,2870000000,2264000000,6595000000,125000000,0,0,0,2205000000,562000000,562000000,0.88,None,0,905000000,-325000000,55000000,614000000,2937000000,132000000,5.84,6.69,4.99,0.3361,0.2353,0.69,8.98,32.33,0,0,0,0.6877,0.2493,0.94,0.08,3.3993
1995-12-31,594003653,9504058448,16,9106000000,7103000000,2801000000,2241000000,6180000000,125000000,0,0,0,2195000000,575000000,575000000,0.9,None,0,1401000000,-729000000,-255000000,417000000,2323000000,88000000,5.74,6.46,5.02,0.3314,0.2366,0.65,9.41,35.46,0,0,0,0.6787,0.2477,0.96,0.14,3.1696
1995-09-30,592305901,9476894416,16,8160000000,6417000000,2296000000,1759000000,5739000000,125000000,0,0,0,2016000000,499000000,499000000,0.78,None,0,500000000,-584000000,27000000,-56000000,1906000000,116000000,6.07,6.83,5.31,0.3201,0.2344,0.61,10.84,41.86,0,0,0,0.7033,0.244,0.96,0.04,3.6481
1995-06-30,589952132,9439234112,16,7210000000,5620000000,1752000000,1347000000,5333000000,125000000,0,0,0,1621000000,368000000,368000000,0.58,None,0,512000000,110000000,144000000,757000000,1962000000,223000000,2.99,3.41,2.56,0.3037,0.2288,0.56,5.64,None,0,0,0,0.7397,0.2447,0.93,0.03,4.1722
1995-03-31,585640217,9370243472,16,6592000000,5287000000,1662000000,1185000000,4930000000,0,0,0,0,1587000000,396000000,396000000,0.63,None,0,643000000,-441000000,60000000,288000000,1205000000,102000000,2.62,2.79,2.44,None,None,0.53,5.46,None,0,None,0,0.7479,None,None,0.06,4.4616
1994-12-31,581228389,9299654224,16,5961000000,4696000000,1518000000,1096000000,4443000000,0,0,0,0,1482000000,373000000,373000000,0.6,None,0,445000000,-630000000,-220000000,-409000000,917000000,103000000,2.54,2.7,2.38,None,None,0.48,5.29,None,0,None,0,0.7453,None,None,0.04,4.2847
1994-09-30,582384075,9318145200,16,5637000000,4554000000,1207000000,1004000000,4430000000,0,0,0,0,1247000000,316000000,316000000,0.51,None,0,390000000,-415000000,-122000000,-151000000,1326000000,67000000,2.49,2.77,2.2,None,None,0.48,5.19,None,0,None,0,0.7859,None,None,0.03,4.5359
1994-06-30,580345861,9285533776,16,5363000000,4312000000,913000000,913000000,4450000000,0,0,0,0,None,None,None,None,None,0,505000000,-265000000,92000000,325000000,1477000000,87000000,2.78,3.06,2.49,None,None,0.48,6.32,None,0,None,0,0.8298,None,None,0.05,4.7229
1994-03-31,287948000,9214336000,32,4926000000,3912000000,914000000,914000000,4012000000,0,0,0,0,1244000000,256000000,256000000,0.84,None,0,423000000,-228000000,1000000,201000000,1152000000,69000000,2.67,2.95,2.4,None,None,0.44,6.51,None,0,None,0,0.8145,None,None,0.04,4.2801
1993-12-31,285955294,9150569408,32,4486000000,3482000000,740000000,740000000,3746000000,0,0,0,0,1129000000,289000000,289000000,0.95,None,0,None,None,None,None,951000000,0,2.67,2.97,2.37,None,None,0.41,None,None,0,None,0,0.835,None,None,None,4.7054
