"Quarter end","Shares","Shares split adjusted","Split factor","Assets","Current Assets","Liabilities","Current Liabilities","Shareholders equity","Non-controlling interest","Preferred equity","Goodwill & intangibles","Long-term debt","Revenue","Earnings","Earnings available for common stockholders","EPS basic","EPS diluted","Dividend per share","Cash from operating activities","Cash from investing activities","Cash from financing activities","Cash change during period","Cash at end of period","Capital expenditures","Price","Price high","Price low","ROE","ROA","Book value of equity per share","P/B ratio","P/E ratio","Cumulative dividends per share","Dividend payout ratio","Long-term debt to equity ratio","Equity to assets ratio","Net margin","Asset turnover","Free cash flow per share","Current ratio"
2019-06-29,55210205,55210205,1,5545400000,2306600000,2236700000,930800000,3288100000,20600000,0,227900000,0,951300000,180400000,180400000,3.27,3.22,0.95,145500000,-65200000,-73100000,7600000,164000000,27800000,162.38,174,150.75,0.2185,0.128,59.56,2.81,13.3,35.59,0.2929,0,0.5929,0.1753,0.73,2.13,2.4781
2019-03-30,55404447,55404447,1,5490900000,2265300000,2273100000,936000000,3197600000,20200000,0,1131400000,946700000,1007300000,177900000,177900000,3.21,3.16,0.95,201300000,-38700000,-147600000,15500000,156400000,20000000,155.2,168.91,141.5,0.2214,0.1293,57.71,2.79,13.07,34.64,0.2847,0.2961,0.5823,0.1712,0.76,3.27,2.4202
2018-12-29,55616137,55616137,1,5373100000,2216900000,2254500000,952000000,3098800000,19800000,0,1135100000,946000000,1035200000,175000000,175000000,3.14,3.08,0.95,215900000,-60800000,-135100000,18700000,140900000,22000000,161.51,187.73,135.29,0.2186,0.1276,55.72,2.87,14.64,33.69,0.2817,0.3053,0.5767,0.167,0.76,3.49,2.3287
2018-09-29,56175480,56175480,1,5354800000,2214600000,2170700000,956800000,3164400000,19700000,0,1151700000,944800000,980100000,163200000,163200000,2.9,2.85,0.82,129800000,-48600000,-71300000,9900000,122200000,30100000,172.23,189.46,155,0.2064,0.1197,56.33,3.14,16.45,32.74,0.292,0.2986,0.5909,0.1551,0.77,1.77,2.3146
2018-06-30,56402181,56402181,1,5272000000,2155400000,2160400000,927000000,3093200000,18400000,0,1151900000,945400000,1036600000,178700000,178700000,3.17,3.12,0.82,186900000,-63700000,-105300000,14800000,112300000,20500000,153.09,164.56,141.63,0.2007,0.1146,54.84,2.81,15.39,31.92,0.2971,0.3056,0.5867,0.1477,0.78,2.95,2.3251
2018-03-31,56595222,56595222,1,5317600000,2168400000,2215300000,951600000,3083900000,18400000,0,1193100000,946300000,1018500000,163000000,163000000,2.87,2.82,0.82,231900000,-37100000,-190500000,5500000,97500000,17600000,165.57,185.47,145.67,0.1961,0.1109,54.49,3.18,17.39,31.1,0.3009,0.3069,0.5799,0.1428,0.78,3.79,2.2787
2017-12-30,56721048,56721048,1,5249100000,2119300000,2276800000,1193300000,2953900000,18400000,0,1177800000,753600000,1054500000,129500000,129500000,2.29,2.24,0.82,193500000,-59000000,-136600000,-2100000,92000000,24600000,161.89,175.88,147.9,0.1943,0.1091,52.08,3.16,16.62,30.28,0.3031,0.2551,0.5627,0.1394,0.78,2.98,1.776
2017-09-30,57007188,57007188,1,5256200000,2145900000,2316200000,1222800000,2921800000,18200000,0,1182300000,755000000,982800000,133400000,133400000,2.33,2.29,0.71,95500000,-62100000,-29500000,5100000,94100000,22400000,150.26,159.02,141.51,0.2063,0.1153,51.25,3.03,15.54,29.46,0.2849,0.2584,0.5559,0.1469,0.78,1.28,1.7549
2017-07-01,57584456,57584456,1,5067100000,2034100000,2194100000,1073800000,2854900000,18100000,0,1155500000,755600000,999100000,153200000,153200000,2.65,2.6,0.71,127100000,-138600000,-23400000,-34000000,89000000,15900000,164.25,175.26,153.24,0.2104,0.1189,49.58,3.46,17.42,28.75,0.2769,0.2647,0.5634,0.1495,0.8,1.93,1.8943
2017-04-01,57949110,57949110,1,4877800000,1974100000,2112000000,971500000,2747700000,18100000,0,1100200000,755400000,963900000,141600000,141600000,2.45,2.39,0.71,192400000,-81700000,-66600000,45400000,123000000,17600000,173.22,181.53,164.91,0.2108,0.1197,47.42,3.84,18.83,28.04,0.2736,0.2749,0.5633,0.1483,0.81,3.02,2.032
2016-12-31,57970318,57970318,1,4723200000,1884000000,2088000000,989500000,2617200000,18000000,0,1080100000,708800000,964000000,146300000,146300000,2.51,2.46,0.71,160500000,-229300000,30800000,-38000000,77600000,17400000,161.08,176.2,145.97,0.2104,0.1197,45.15,3.5,17.98,27.33,0.2699,0.2708,0.5541,0.1472,0.81,2.47,1.904
2016-10-01,58025101,58025101,1,4600100000,1908700000,1911500000,878600000,2670600000,18000000,0,973800000,713400000,905700000,131700000,131700000,2.27,2.22,0.61,111900000,-69200000,-44900000,-2200000,117500000,16000000,154.73,162.7,146.76,0.2088,0.1179,46.02,3.48,17.74,26.62,0.2667,0.2671,0.5806,0.1451,0.81,1.65,2.1724
2016-07-02,58086536,58086536,1,4505100000,1852400000,1903500000,853100000,2583600000,18000000,0,977400000,715200000,941600000,140100000,140100000,2.41,2.36,0.61,162100000,-95300000,-52600000,13600000,119900000,19400000,156.21,164.39,148.03,0.2093,0.1153,44.48,3.61,18.62,26.01,0.2654,0.2768,0.5735,0.1419,0.81,2.46,2.1714
2016-04-02,58146364,58146364,1,4436400000,1841500000,1901300000,837200000,2517100000,18000000,0,990000000,714600000,900500000,128300000,128300000,2.21,2.16,0.61,141600000,-79600000,-49300000,13500000,106300000,19300000,151.97,168.53,135.41,0.2071,0.1115,43.29,3.66,18.76,25.4,0.2669,0.2839,0.5674,0.1376,0.81,2.1,2.1996
2016-01-02,58092025,58092025,1,4486900000,1898700000,2056200000,670500000,2412700000,18000000,0,985100000,861700000,914800000,131400000,131400000,2.26,2.22,0.61,144400000,-74600000,-94900000,-26400000,92800000,13100000,164.33,174.09,154.57,0.2072,0.1086,41.53,4.04,20.96,24.79,0.267,0.3572,0.5377,0.1332,0.82,2.26,2.8318
2015-10-03,58073994,58073994,1,4491400000,1952900000,2112600000,785500000,2361000000,17800000,0,994100000,864100000,882600000,116800000,116800000,2.01,1.98,0.53,113700000,-86900000,-30900000,-5400000,119200000,18400000,159.44,169.99,148.9,0.2051,0.1062,40.66,4.04,20.92,24.18,0.2658,0.366,0.5257,0.1289,0.82,1.64,2.4862
2015-07-04,58172308,58172308,1,4390700000,1897900000,2074500000,739800000,2298500000,17700000,0,985800000,861400000,910500000,120000000,120000000,2.07,2.03,0.53,160300000,-85400000,-64900000,10200000,124600000,27300000,154.18,162.19,146.16,0.2012,0.1046,39.51,4.13,20.86,23.65,0.262,0.3748,0.5235,0.1261,0.83,2.29,2.5654
2015-04-04,58093809,58093809,1,4262400000,1843300000,2074100000,726500000,2170600000,17700000,0,977100000,864400000,885200000,110500000,110500000,1.9,1.87,0.53,78100000,-59500000,-35300000,-18500000,114400000,18100000,139.87,148.29,131.45,0.1959,0.1023,37.36,3.68,19.59,23.12,0.2583,0.3982,0.5092,0.1233,0.83,1.03,2.5372
2015-01-03,58124176,58124176,1,4310100000,1858600000,2084800000,718700000,2207800000,17500000,0,1014000000,862700000,916800000,116200000,116200000,2,1.96,0.53,97200000,-46000000,-41200000,8200000,132900000,17100000,126.31,139.35,113.28,0.189,0.0998,37.98,3.22,18.63,22.59,0.255,0.3908,0.5122,0.1208,0.83,1.38,2.5861
2014-09-27,58107602,58107602,1,4268500000,1860200000,1974000000,733900000,2277000000,17500000,0,1035600000,860500000,859900000,103700000,103700000,1.78,1.76,0.44,88000000,-56600000,-21500000,8900000,124700000,22200000,122.43,127.01,117.84,0.1812,0.0958,39.19,3.15,18.98,22.06,0.2557,0.3779,0.5334,0.117,0.82,1.13,2.5347
2014-06-28,58115201,58115201,1,4228300000,1808800000,1955500000,696700000,2255400000,17400000,0,1059100000,861500000,878200000,106100000,106100000,1.83,1.8,0.44,124400000,-119700000,-17100000,-12000000,115800000,22400000,114.41,119.46,109.36,0.1784,0.0921,38.81,3.05,18.6,21.62,0.2594,0.382,0.5334,0.1135,0.81,1.76,2.5962
2014-03-29,58239150,58239150,1,4104100000,1769700000,1900400000,632900000,2186700000,17000000,0,1031400000,859900000,837700000,95900000,95900000,1.65,1.62,0.44,88300000,-50900000,-127100000,-89800000,127800000,18100000,105.71,114.18,97.23,0.178,0.0893,37.55,2.91,17.83,21.18,0.2625,0.3932,0.5328,0.1105,0.81,1.21,2.7962
2013-12-28,58122647,58122647,1,4110000000,1796200000,1979600000,715400000,2113200000,17200000,0,1029300000,858900000,844900000,94500000,94500000,1.63,1.6,0.44,122500000,-44500000,-42700000,35100000,217600000,12200000,102.25,108.88,95.63,0.1794,0.0872,36.36,2.99,17.75,20.74,0.2624,0.4064,0.5142,0.1082,0.81,1.9,2.5108
2013-09-28,58149740,58149740,1,4101000000,1783100000,2094900000,725700000,1989200000,16900000,0,1029900000,861100000,798300000,84600000,84600000,1.45,1.43,0.38,84300000,-51900000,-25300000,7800000,182500000,19100000,95.74,100.98,90.5,0.1816,0.0858,34.21,2.96,17.13,20.3,0.26,0.4329,0.4851,0.1029,0.83,1.12,2.4571
2013-06-29,58169131,58169131,1,3961500000,1686200000,2065600000,696100000,1878800000,17100000,0,1016100000,861400000,808600000,88400000,88400000,1.52,1.5,0.38,110100000,-107500000,-40500000,-38900000,174700000,16500000,86.9,92.92,80.88,0.182,0.0844,32.3,2.77,16.12,19.92,0.2613,0.4585,0.4743,0.1024,0.82,1.61,2.4224
2013-03-30,58272882,58272882,1,3903200000,1675800000,2056800000,669700000,1829500000,16900000,0,985800000,868000000,785700000,82800000,82800000,1.42,1.4,0.38,75700000,-46500000,-29300000,-900000,213600000,14400000,79.88,82.7,77.06,0.1815,0.0825,31.4,2.58,15.36,19.54,0.2638,0.4744,0.4687,0.1009,0.82,1.05,2.5023
2012-12-29,58271454,58271454,1,3902300000,1669000000,2083300000,589200000,1802100000,16900000,0,994600000,970400000,914500000,84600000,84600000,1.45,1.43,0.38,102900000,-19500000,-44900000,38400000,214500000,19700000,75.66,80.03,71.28,0.1806,0.0804,30.93,2.53,15.01,19.16,0.2662,0.5385,0.4618,0.0988,0.81,1.43,2.8327
2012-09-29,58231199,58231199,1,3871900000,1623900000,2115600000,621600000,1739700000,16600000,0,987400000,971200000,711600000,74100000,74100000,1.28,1.26,0.34,69700000,-46800000,-21500000,2500000,176100000,19500000,66.67,73.43,59.9,0.1818,0.0789,29.88,2.37,13.52,18.78,0.2677,0.5583,0.4493,0.0971,0.81,0.86,2.6125
2012-06-30,58160400,58160400,1,3741700000,1554800000,2091800000,596100000,1633400000,16500000,0,972200000,970200000,737900000,76400000,76400000,1.31,1.3,0.34,91700000,-57500000,-20100000,12000000,173600000,17700000,60.94,64.24,57.63,0.1831,0.0785,28.08,2.21,12.29,18.44,0.2694,0.594,0.4365,0.0955,0.82,1.27,2.6083
2012-03-31,58104624,58104624,1,3709900000,1534600000,2090000000,565900000,1603400000,16500000,0,993300000,965500000,735200000,71000000,71000000,1.22,1.21,0.34,65000000,-49300000,-40500000,-24000000,161600000,19900000,56.65,62.18,51.12,0.186,0.0785,27.6,2.16,12.03,18.1,0.264,0.6022,0.4322,0.0964,0.81,0.78,2.7118
2011-12-31,58394314,58394314,1,3672900000,1530700000,2125600000,583800000,1530900000,16400000,0,984100000,967900000,860900000,74300000,74300000,1.28,1.27,0.34,72300000,-49400000,-22100000,-100000,185600000,13900000,49.26,56.06,42.45,0.1799,0.0738,26.22,1.84,11.12,17.76,0.274,0.6322,0.4168,0.0928,0.8,1,2.622
2011-10-01,58176102,58176102,1,3630100000,1523300000,2055900000,569400000,1557900000,16300000,0,998000000,968000000,697200000,67800000,67800000,1.16,1.15,0.32,42000000,-48900000,-222900000,-232500000,185700000,13000000,54.25,64.09,44.4,0.1732,0.0692,26.78,2.02,13.33,17.42,0.2867,0.6213,0.4292,0.0923,0.75,0.5,2.6753
2011-07-02,58193741,58193741,1,3826500000,1735900000,2243600000,771000000,1566600000,16300000,0,1020200000,955500000,726700000,78000000,78000000,1.34,1.33,0.32,-13700000,-61500000,-24800000,-99100000,418200000,12200000,59.51,63.63,55.39,0.1638,0.0643,26.92,2.32,16.86,17.1,0.3074,0.6099,0.4094,0.0861,0.75,-0.45,2.2515
2011-04-02,58197452,58197452,1,3840000000,1803300000,2334400000,874900000,1489700000,15900000,0,1016800000,953000000,693700000,56200000,56200000,0.97,0.96,0.32,27900000,-59800000,-23900000,-54900000,517300000,18400000,58.16,61.28,55.03,0.1495,0.0574,25.6,2.44,18.17,16.78,0.3504,0.6397,0.3879,0.0765,0.75,0.16,2.0611
2011-01-01,58284971,58284971,1,3729400000,1765500000,2325000000,881100000,1388500000,15900000,0,991200000,954800000,696900000,57900000,57900000,1,0.99,0.32,64300000,-76900000,224600000,212300000,572200000,28200000,51.84,57.39,46.3,0.141,0.054,23.82,2.18,18.25,16.46,0.38,0.6876,0.3723,0.0712,0.76,0.62,2.0037
2010-10-02,58157515,58157515,1,3457800000,1531900000,2060900000,847400000,1381300000,15600000,0,1005700000,712300000,653100000,46500000,46500000,0.8,0.79,0.3,10200000,-69900000,-13100000,-70900000,359900000,4500000,43.4,46.92,39.88,0.1273,0.0489,23.75,2.02,17.43,16.14,0.421,0.5157,0.3995,0.065,0.75,0.1,1.8078
2010-07-03,58094741,58094741,1,3313300000,1486100000,2049000000,646400000,1248700000,15600000,0,968100000,909800000,647600000,45300000,45300000,0.78,0.79,0.3,55500000,-85400000,-10500000,-41500000,430800000,4900000,44.95,49.54,40.36,0.1125,0.043,21.49,2.04,19.13,15.84,0.4817,0.7286,0.3769,0.0584,0.74,0.87,2.299
2010-04-03,57814475,57814475,1,3306200000,1507000000,2018800000,617700000,1271800000,15600000,0,998400000,900600000,621600000,36800000,36800000,0.64,0.63,0.3,10400000,-70800000,-166200000,-227100000,472300000,5600000,42.51,44.9,40.12,0.106,0.0416,22,1.9,18.32,15.54,0.5089,0.7081,0.3847,0.0565,0.74,0.08,2.4397
2010-01-02,57761069,57761069,1,3447400000,1676100000,2141800000,739900000,1290000000,15600000,0,1020500000,902100000,618100000,36600000,36600000,0.63,0.63,0.3,96700000,-85100000,-21400000,-9600000,699400000,15100000,38.81,43.57,34.05,0.1069,0.0424,22.33,1.7,14.37,15.24,0.516,0.6993,0.3742,0.0568,0.75,1.41,2.2653
2009-10-03,57730125,57730125,1,3337300000,1658700000,2006800000,642600000,1315000000,15500000,0,1030700000,902400000,581800000,25400000,25400000,0.44,0.44,0.3,80100000,-126300000,229500000,184600000,709000000,14500000,32.56,38.63,26.5,0.1271,0.0524,22.78,1.49,10.18,14.94,0.4427,0.6862,0.394,0.0648,0.81,1.14,2.5812
2009-07-04,57713549,57713549,1,3007000000,1444300000,1720800000,621100000,1262400000,23800000,0,1019800000,652600000,590000000,37400000,37400000,0.65,0.65,0.3,155600000,-19300000,-15000000,123700000,524400000,19600000,30.75,34.7,26.79,0.1488,0.0646,21.87,1.54,8.31,14.64,0.3725,0.517,0.4198,0.0733,0.88,2.36,2.3254
2009-04-04,57605983,57605983,1,2876800000,1356400000,1703100000,603900000,1153600000,20100000,0,994500000,652900000,572600000,34800000,34800000,0.61,0.6,0.3,14700000,-11000000,282500000,284900000,400700000,13900000,30.87,41.07,20.66,0.1674,0.0753,20.03,1.49,7.58,14.34,0.321,0.566,0.401,0.0795,0.95,0.01,2.2461
2009-01-03,57460513,57460513,1,2710300000,1140700000,1523800000,547500000,1186500000,0,0,1020100000,503400000,667800000,58600000,58600000,1.03,1.01,0.3,46300000,-26200000,-19900000,-2500000,115800000,22800000,40.64,52.66,28.62,0.1763,0.0827,20.65,1.69,10.03,14.04,0.2915,0.4243,0.4378,0.083,1,0.41,2.0835
2008-09-27,57438885,57438885,1,2879500000,1281500000,1499300000,655800000,1380200000,0,0,1060400000,500600000,697800000,54600000,54600000,0.95,0.94,0.3,20400000,-15400000,-25200000,-22300000,118300000,15000000,54.86,59.73,50,0.1724,0.0819,24.03,2.23,14.4,13.74,0.2934,0.3627,0.4793,0.0805,1.02,0.09,1.9541
2008-06-28,57438381,57438381,1,2945600000,1307800000,1530300000,672200000,1415300000,0,0,1094100000,500500000,766100000,66900000,66900000,1.16,1.15,0.3,73900000,-15800000,-31400000,26300000,140600000,11100000,56.25,61.92,50.57,0.1683,0.0782,24.64,2.34,16.54,13.44,0.3037,0.3536,0.4805,0.0763,1.02,1.09,1.9456
2008-03-29,57651061,57651061,1,2910300000,1264900000,1523400000,655100000,1386900000,0,0,1096900000,502700000,721600000,56600000,56600000,0.98,0.97,0.3,74400000,-28700000,-26500000,21300000,114300000,14500000,46.39,53.01,39.78,0.1591,0.0719,24.06,2.09,15.01,13.14,0.331,0.3625,0.4765,0.0697,1.03,1.04,1.9309
2007-12-29,57690539,57690539,1,2765100000,1187400000,1485000000,639200000,1280100000,0,0,1053600000,502000000,738900000,57300000,57300000,1,0.99,0.3,54200000,-17600000,-36700000,400000,93000000,16500000,47.64,50.68,44.59,0.1541,0.0669,22.19,2.3,17.39,12.84,0.3541,0.3922,0.4629,0.0638,1.05,0.65,1.8576
2007-09-29,57612420,57612420,1,2725900000,1150600000,1533300000,632400000,1192600000,0,0,1040400000,501600000,680700000,41100000,41100000,0.71,0.7,0.27,59400000,-10300000,-29800000,20600000,92600000,10300000,50.85,55.61,46.09,0.1439,0.0604,20.7,2.59,20.18,12.54,0.3877,0.4206,0.4375,0.0587,1.03,0.85,1.8194
2007-06-30,57972816,57972816,1,2660300000,1103400000,1523300000,623700000,1137000000,0,0,1028800000,501400000,711900000,43800000,43800000,0.75,0.74,0.27,90500000,-13600000,-66800000,10700000,72000000,7600000,51.87,56.2,47.54,0.1374,0.0586,19.61,2.75,26.2,12.27,0.4226,0.441,0.4274,0.0557,1.05,1.43,1.7691
2007-03-31,57974406,57974406,1,2680400000,1128400000,1587200000,686800000,1093200000,0,0,1026800000,503900000,709700000,39000000,39000000,0.67,0.66,0.27,27000000,-11400000,-18100000,-2100000,61300000,11400000,49.18,51.51,46.85,0.1114,0.0487,18.86,2.69,29.1,12,0.5384,0.4609,0.4078,0.0452,1.08,0.27,1.643
2006-12-30,58900490,58900490,1,2654500000,1113200000,1578200000,682000000,1076300000,0,0,1033900000,505600000,656000000,38000000,38000000,0.66,0.64,0.27,52500000,-525900000,289500000,-182600000,63400000,18500000,46.55,48.31,44.8,0.098,0.0445,18.27,2.63,30.83,11.73,0.6296,0.4698,0.4055,0.0405,1.1,0.58,1.6323
2006-09-30,58376921,58376921,1,2169500000,1211800000,1138100000,600000000,1031400000,0,0,484800000,198100000,599500000,28200000,28200000,0.48,0.48,0.27,76900000,-11400000,-10000000,55900000,246000000,11400000,40.51,44.63,36.39,0.0901,0.0428,17.67,2.35,29.14,11.46,0.6894,0.1921,0.4754,0.0374,1.14,1.12,2.0197
2006-07-01,58051396,58051396,1,2107200000,1155300000,1106300000,567500000,1000900000,0,0,481800000,196700000,624400000,11800000,11800000,0.2,0.2,0.27,46500000,-700000,-39500000,7200000,190100000,700000,39.71,41.99,37.43,0.0828,0.0394,17.24,2.36,24.07,11.19,0.7342,0.1965,0.475,0.0349,1.13,0.79,2.0358
2006-04-01,58107442,58107442,1,2072000000,1134800000,1095100000,556800000,976900000,0,0,467000000,197200000,593500000,22100000,22100000,0.38,0.37,0.27,27500000,-8200000,-7000000,12500000,182900000,8200000,38.76,40.13,37.39,0.0968,0.0461,16.81,2.35,24.38,10.92,0.6097,0.2019,0.4715,0.0414,1.11,0.33,2.0381
2005-12-31,58301841,58301841,1,2008400000,1072900000,1046200000,506100000,962200000,0,0,462300000,201700000,573600000,27400000,27400000,0.48,0.46,0.25,104400000,-10500000,-101000000,-7900000,170400000,10800000,36.77,38.54,35,0.0904,0.0432,16.5,2.06,23.88,10.65,0.6239,0.2096,0.4791,0.0393,1.1,1.61,2.1199
2005-10-01,57930116,57930116,1,2160600000,1162900000,1125800000,613800000,1034800000,0,0,466600000,202200000,567200000,21000000,21000000,0.36,0.36,0.25,65600000,-6300000,-11700000,47700000,178300000,6300000,35.65,37.33,33.97,0.084,0.0403,17.86,1.99,22.71,10.4,0.6461,0.1954,0.4789,0.0373,1.08,1.02,1.8946
2005-07-02,57815074,57815074,1,2177700000,1168200000,1139800000,633600000,1037900000,0,0,467000000,203200000,608600000,26600000,26600000,0.46,0.46,0.25,31800000,-7900000,-34500000,-14800000,130600000,7900000,32.79,34.88,30.7,0.0864,0.0412,17.95,1.76,22.01,10.15,0.6323,0.1958,0.4766,0.038,1.08,0.41,1.8438
2005-04-02,57793146,57793146,1,2252400000,1198900000,1176200000,673500000,1076200000,0,0,492200000,202100000,612800000,17900000,17900000,0.31,0.31,0.25,19300000,-6200000,-14400000,-4600000,145400000,6200000,33.18,35.2,31.16,0.0834,0.0393,18.62,1.73,23.7,9.9,0.6643,0.1878,0.4778,0.0362,1.09,0.23,1.7801
2005-01-01,57779014,57779014,1,2290100000,1192600000,1179400000,674200000,1110700000,0,0,511100000,203200000,610000000,24000000,24000000,0.42,0.41,0.25,12600000,-6800000,-13000000,-3300000,150000000,6800000,31.34,34.36,28.33,0.0799,0.0373,19.22,1.8,24.29,9.65,0.7077,0.1829,0.485,0.0339,1.1,0.1,1.7689
2004-10-02,57539316,57539316,1,2150500000,1181700000,1148400000,557700000,1002100000,0,0,478800000,303500000,568800000,22800000,22800000,0.39,0.39,0.25,43200000,-100000,-17200000,26700000,153300000,100000,30.34,33.42,27.26,0.0752,0.0349,17.42,1.79,25.28,9.4,0.7721,0.3029,0.466,0.0313,1.11,0.75,2.1189
2004-07-03,57809240,57809240,1,2146100000,1179700000,1165800000,592800000,980300000,0,0,475700000,302700000,612100000,22200000,22200000,0.38,0.38,0.25,57200000,-7600000,-29900000,19000000,126600000,8200000,33.3,34.3,32.3,0.0714,0.0326,16.96,1.95,27.75,9.15,0.8311,0.3088,0.4568,0.0297,1.1,0.85,1.99
2004-04-03,58136804,58136804,1,2171800000,1194700000,1176400000,604400000,995400000,0,0,478400000,303800000,616300000,12700000,12700000,0.22,0.22,0.25,33800000,-6300000,-15600000,11500000,107600000,6300000,32.17,33.76,30.59,0.0725,0.0328,17.12,1.85,23.83,8.9,0.8318,0.3052,0.4583,0.0304,1.08,0.47,1.9767
2004-01-03,58154389,58154389,1,2138500000,1131700000,1127600000,567200000,1010900000,0,0,487100000,303000000,599300000,17300000,17300000,0.3,0.3,0.25,37000000,-6000000,-23000000,10700000,96100000,6000000,29.97,32.34,27.6,0.0845,0.0376,17.38,1.88,18.61,8.65,0.74,0.2997,0.4727,0.0352,1.07,0.53,1.9952
2003-09-27,58264700,58264700,1,2107900000,1130900000,1179800000,558500000,928100000,0,0,466100000,303900000,525600000,17700000,17700000,0.3,0.3,0.25,84400000,-5500000,-16200000,62600000,85400000,5500000,28.54,29.91,27.17,0.1067,0.0459,15.93,1.8,17.4,8.4,0.6162,0.3274,0.4403,0.0433,1.06,1.35,2.0249
2003-06-28,58345284,58345284,1,2105800000,1115900000,1178900000,570800000,926900000,0,0,465900000,305000000,565200000,22300000,22300000,0.38,0.38,0.25,37000000,-3500000,-28500000,7400000,22800000,3500000,28.44,32.12,24.76,0.1109,0.0473,15.89,1.93,16.16,8.15,0.6009,0.3291,0.4402,0.0444,1.06,0.57,1.955
2003-03-29,58189891,58189891,1,2023500000,1065100000,1166000000,569500000,857500000,0,0,441800000,304200000,543100000,21400000,21400000,0.37,0.37,0.25,18600000,-5600000,-17100000,-3000000,15400000,5700000,25.86,28.82,22.9,0.1216,0.0509,14.74,1.81,14.29,7.9,0.555,0.3548,0.4238,0.048,1.06,0.22,1.8702
2002-12-28,58142484,58142484,1,1994100000,1051000000,1163700000,552400000,830400000,0,0,432100000,304300000,549500000,33100000,33100000,0.57,0.56,0.25,98300000,-16400000,-71000000,11500000,18400000,9300000,25.86,30.22,21.5,0.1279,0.0527,14.28,1.78,26.94,7.65,0.5332,0.3664,0.4164,0.0503,1.05,1.53,1.9026
2002-09-28,58404556,58404556,1,1997200000,1132700000,1149700000,638600000,847500000,0,0,416600000,304800000,502400000,19200000,19200000,0.33,0.33,0.24,63400000,-8300000,-54200000,700000,6900000,8300000,26.2,29.9,22.5,0.0681,0.0276,14.51,1.8,40.94,7.4,1.0074,0.3596,0.4243,0.0265,1.04,0.94,1.7737
2002-06-29,58351758,58351758,1,2074600000,1196300000,1224100000,586700000,850500000,0,0,418800000,430400000,547200000,29200000,29200000,0.5,0.5,0.24,57000000,-12300000,-45000000,800000,6200000,12300000,31.56,34.12,29,0.0457,0.0183,14.58,2.34,108.83,7.16,1.512,0.5061,0.41,0.0176,1.04,0.77,2.039
2002-03-30,58173891,58173891,1,1983900000,1161100000,1198200000,539900000,785700000,0,0,393900000,459100000,510000000,24500000,24500000,0.42,0.42,0.24,5400000,-10700000,4100000,-1300000,5400000,9900000,32.92,34.96,30.88,0.0207,0.0083,13.51,2.46,99.76,6.92,3.3558,0.5843,0.396,0.008,1.04,-0.08,2.1506
2001-12-29,58037218,58037218,1,1974300000,1139400000,1198500000,549400000,775800000,0,0,391900000,445500000,534600000,-17400000,-17400000,-0.29,-0.29,0.24,89200000,-18500000,-69400000,1200000,6700000,18500000,27.95,34.21,21.68,0.0234,0.0095,13.37,1.98,20.55,6.68,2.9272,0.5742,0.3929,0.0091,1.04,1.22,2.0739
2001-09-29,57900940,57900940,1,2015900000,1191200000,1199200000,524800000,816700000,0,0,401200000,490200000,508100000,600000,600000,0.01,0.01,0.24,48200000,-9100000,-40000000,-1000000,5500000,9100000,24.48,27.31,21.65,0.0964,0.0394,14.11,1.72,13.52,6.44,0.6945,0.6002,0.4051,0.0378,1.04,0.68,2.2698
2001-06-30,57997385,57997385,1,2016600000,1197400000,1190900000,499700000,825700000,0,0,393000000,508500000,525600000,8900000,8900000,0.15,0.15,0.24,15400000,-11800000,-1900000,1700000,6500000,11800000,27.55,30.93,24.16,0.1279,0.052,14.24,1.91,11.43,6.2,0.5235,0.6158,0.4095,0.0501,1.04,0.06,2.3962
2001-03-31,57798503,57798503,1,2028800000,1189600000,1195100000,528900000,833700000,0,0,405800000,475900000,527400000,26900000,26900000,0.46,0.46,0.24,10900000,-8200000,-3600000,-1300000,4800000,7300000,29.06,30.75,27.38,0.1686,0.068,14.42,1.99,11.49,5.96,0.3901,0.5708,0.4109,0.0656,1.04,0.06,2.2492
2000-12-30,57795506,57795506,1,2050400000,1186400000,1206400000,538000000,844000000,0,0,424600000,473000000,556324000,43598000,43598000,0.75,0.74,0.24,75079000,1545000,-79127000,-2851000,6100000,11665000,24.75,28.5,21,0.1763,0.0701,14.6,1.76,10.95,5.72,0.3692,0.5604,0.4116,0.0683,1.03,1.1,2.2052
2000-09-30,58187552,58187552,1,2075420000,1185102000,1255624000,446136000,819796000,0,0,414540000,563382000,511830000,26869000,26869000,0.46,0.46,0.24,59428000,-16400000,-41330000,913000,8968000,12977000,27.13,32.44,21.81,0.158,0.0618,14.09,1.85,10.77,5.48,0.4112,0.6872,0.395,0.0605,1.02,0.8,2.6564
2000-07-01,58766771,58766771,1,2178289000,1240563000,1316419000,486111000,861870000,0,0,454577000,579908000,563201000,44189000,44189000,0.75,0.75,0.23,61484000,-18311000,-49887000,-6842000,8055000,13238000,27.34,30.31,24.38,0.1772,0.068,14.67,1.9,12.48,5.24,0.3642,0.6728,0.3957,0.0696,0.98,0.82,2.552
2000-04-01,58569234,58569234,1,2168963000,1225967000,1325743000,446846000,843220000,0,0,453598000,622188000,544345000,33844000,33844000,0.58,0.58,0.23,-5791000,-9134000,12244000,-2720000,14897000,8020000,24.29,27.69,20.88,0.1589,0.0629,14.4,1.72,11.25,5.01,0.4134,0.7379,0.3888,0.0632,0.99,-0.24,2.7436
2000-01-01,58551912,58551912,1,2149822000,1206341000,1324561000,452749000,825261000,0,0,526231000,607476000,566726000,27437000,27437000,0.47,0.47,0.23,32643000,54388000,-91221000,-4082000,17617000,8010000,29.47,32.5,26.44,0.161,0.0664,14.09,2.13,15.68,4.78,0.4136,0.7361,0.3839,0.0654,1.01,0.42,2.6645
1999-10-02,58518811,58518811,1,2206946000,1298954000,1396161000,504282000,810785000,0,0,454256000,669715000,453157000,42550000,42550000,0.73,0.72,0.23,53715000,-416067000,368098000,6035000,21699000,4572000,34.28,37.81,30.75,0.1432,0.0617,13.86,2.63,None,4.55,0.4697,0.826,0.3674,0.0598,1.03,0.84,2.5758
1999-07-03,58469617,58469617,1,1670178000,1040040000,907213000,456671000,762965000,0,0,308624000,252856000,473153000,24999000,24999000,0.43,0.42,0.22,20884000,-31165000,8452000,-3574000,15664000,8185000,33,37.44,28.56,-0.0054,-0.0025,13.05,2.53,None,4.32,None,0.3314,0.4568,None,1.1,0.22,2.2774
1999-04-03,58321765,58321765,1,1642129000,1037031000,880396000,441190000,761733000,0,0,280296000,246288000,452585000,32241000,32241000,0.55,0.55,0.22,128362000,-55433000,-69772000,4197000,19238000,8156000,32.41,36.75,28.06,-0.0082,-0.0039,13.06,2.5,None,4.1,None,0.3233,0.4639,None,1.08,2.06,2.3505
1999-01-02,58744926,58744926,1,1674920000,1079832000,912653000,458053000,762267000,0,0,262919000,246644000,476760000,11094000,11094000,0.19,0.19,0.22,2057000,-8270000,7318000,1571000,15041000,4882000,32.44,36,28.88,-0.0059,-0.0029,12.98,2.47,81.1,3.88,None,0.3236,0.4551,None,1.06,-0.05,2.3574
1998-10-03,58874019,58874019,1,1672884000,1068946000,898708000,439986000,774176000,0,0,262928000,246096000,427272000,-72460000,-72460000,-1.23,-1.23,0.22,62285000,-29776000,-31017000,1508000,13470000,7028000,31.5,37.5,25.5,0.0309,0.0157,13.15,2.18,14.25,3.66,1.9269,0.3179,0.4628,0.0146,1.07,0.94,2.4295
1998-07-04,59116804,59116804,1,1695254000,1081411000,840217000,386160000,855037000,0,0,284987000,245120000,442176000,22661000,22661000,0.38,0.38,0.21,36333000,-51774000,18510000,2972000,11962000,8469000,40.41,46.44,34.38,0.1533,0.0806,14.46,2.76,16.36,3.44,0.3745,0.2867,0.5044,0.0764,1.06,0.47,2.8004
1998-04-04,59186810,59186810,1,1661886000,1070593000,795523000,390738000,866363000,0,0,267683000,204191000,426429000,33926000,33926000,0.57,0.56,0.21,-25644000,-19822000,28786000,-16689000,8990000,9720000,41.7,46.22,37.19,0.1718,0.0915,14.64,2.8,16.88,3.23,0.3327,0.2357,0.5213,0.0873,1.05,-0.6,2.7399
1998-01-03,60005182,60005182,1,1641357000,1021709000,749220000,352530000,892137000,0,0,298184000,151016000,496523000,42027000,42027000,0.69,None,0.21,None,None,None,None,None,0,43.91,46.31,41.5,0.1728,0.092,14.87,3.02,18.45,3.02,0.3312,0.1693,0.5435,0.0899,1.02,None,2.8982
1997-09-27,60883551,60883551,1,1658234000,1070785000,772739000,363727000,885495000,0,0,271197000,200061000,391162000,35514000,35514000,0.58,None,0.21,20390000,-16942000,2292000,5594000,15422000,13298000,42.03,44.88,39.19,0.1696,0.0903,14.54,2.99,18.19,2.81,0.3405,0.2259,0.534,0.0914,0.99,0.12,2.9439
1997-06-28,61171393,61171393,1,1617981000,1050813000,759303000,367864000,858678000,0,0,253968000,182624000,409231000,38971000,38971000,0.64,None,0.2,23796000,-9527000,-13333000,699000,9828000,9527000,38.13,41,35.25,0.1679,0.0892,14.04,2.75,17.05,2.6,0.3477,0.2127,0.5307,0.0909,0.98,0.23,2.8565
1997-03-29,60895421,60895421,1,1617688000,1052046000,773582000,370746000,844106000,0,0,255004000,200065000,375299000,33854000,33854000,0.56,None,0.2,25117000,-60056000,28997000,-6221000,9129000,11091000,38.31,42.38,34.25,0.1662,0.0882,13.86,2.8,17.71,2.4,0.3501,0.237,0.5218,0.0895,0.99,0.23,2.8376
1996-12-28,60609152,60609152,1,1520788000,1017324000,692627000,341371000,828161000,0,0,202757000,149804000,409159000,36508000,36508000,0.6,None,0.2,18805000,-10524000,-12554000,-4111000,15350000,11485000,35.06,38.25,31.88,0.1648,0.0895,13.66,2.65,16.94,2.2,0.3522,0.1809,0.5446,0.0885,1.01,0.12,2.9801
1996-09-28,60906026,60906026,1,1524097000,998524000,717965000,355689000,806132000,0,0,216606000,150611000,347202000,30765000,30765000,0.51,None,0.2,22426000,-25073000,-4477000,-7109000,19461000,14452000,29.98,32.63,27.33,0.1616,0.088,13.24,2.33,15.04,2,0.3586,0.1868,0.5289,0.0884,1,0.13,2.8073
1996-06-29,40795598,61193397,1.5,1489065000,981054000,702975000,370125000,786090000,0,0,210870000,119642000,384554000,34528000,34528000,0.85,None,0.27,25095000,-32870000,11130000,3021000,26570000,11885000,31.46,32.92,30,0.1598,0.0872,12.85,2.49,16.44,1.8,0.3613,0.1522,0.5279,0.0876,1,0.22,2.6506
1996-03-30,40679634,61019451,1.5,1343104000,927022000,572384000,325591000,770720000,0,0,129855000,109895000,344364000,29650000,29650000,0.73,None,0.27,63395000,-12423000,-43759000,7338000,23549000,11194000,30.09,31.67,28.5,None,None,12.63,2.43,16.35,1.62,0.375,0.1426,0.5738,0.0878,None,0.86,2.8472
1995-12-30,40433938,60650907,1.5,1360973000,946689000,610241000,336075000,750732000,0,0,132746000,143763000,347137000,30823000,30823000,0.76,None,0.27,150895000,-31535000,-117554000,1938000,16211000,9810000,28.38,31.5,25.25,None,None,12.38,2.36,16.25,1.44,0.3842,0.1915,0.5516,0.0877,None,2.33,2.8169
1995-09-30,40449617,60674425,1.5,1373012000,985643000,642792000,400971000,730220000,0,0,114100000,113889000,309065000,26329000,26329000,0.65,None,0.27,None,None,None,None,14273000,0,26.75,28.17,25.33,None,None,12.04,None,16.05,1.26,0.4032,0.156,0.5318,0.0864,None,None,2.4581
1995-07-01,40250000,60375000,1.5,None,None,None,None,None,0,0,0,0,326816000,29718000,29718000,0.73,None,0.27,None,None,None,None,None,0,24.46,26.5,22.42,None,None,None,None,15.42,1.08,0.4233,None,None,0.0856,None,None,None
1995-04-01,40140649,60210973,1.5,1269542000,902141000,513323000,276000000,756219000,0,0,99802000,113867000,309107000,26460000,26460000,0.62,None,0.27,28172000,-8870000,-9038000,9239000,18254000,4077000,22.63,24.58,20.67,0.1358,None,12.56,1.87,14.76,0.9,0.4452,0.1506,0.5957,0.0846,0.97,0.4,3.2686
1994-12-31,42217561,63326341,1.5,1234905000,873020000,468507000,237869000,766398000,0,0,96048000,108980000,318408000,26675000,26675000,0.62,None,0.27,31399000,-31391000,-4495000,-3787000,9015000,13662000,None,None,None,0.1328,None,12.1,None,None,0.72,0.4687,0.1422,0.6206,0.0823,0.97,0.28,3.6702
1994-10-01,42865796,64298694,1.5,1211235000,866123000,457713000,252039000,753522000,0,0,87381000,88430000,278359000,22706000,22706000,0.53,None,0.27,22577000,21425000,-47698000,-6300000,12802000,5359000,None,None,None,None,None,11.72,None,None,0.54,None,0.1174,0.6221,None,None,0.27,3.4365
1994-07-02,42848383,64272574,1.5,1242535000,869275000,517084000,304448000,725451000,0,0,94792000,99555000,298752000,26099000,26099000,0.61,None,0.27,26896000,-17000000,-5364000,7292000,19102000,9195000,None,None,None,None,None,11.29,None,None,0.36,None,0.1372,0.5838,None,None,0.28,2.8552
1994-04-02,42728586,64092879,1.5,1218699000,856336000,502784000,294026000,715915000,0,0,87485000,99243000,298777000,22834000,22834000,0.54,None,0.27,26303000,-4745000,-14863000,5081000,11810000,3555000,None,None,None,None,None,11.17,None,None,0.18,None,0.1386,0.5874,None,None,0.35,2.9124
1994-01-01,42652946,63979419,1.5,1218933000,854598000,517270000,308037000,701663000,0,0,85706000,99683000,None,None,None,None,None,0,None,None,None,None,6729000,0,None,None,None,None,None,10.97,None,None,0,None,0.1421,0.5756,None,None,None,2.7743
