"Quarter end","Shares","Shares split adjusted","Split factor","Assets","Current Assets","Liabilities","Current Liabilities","Shareholders equity","Non-controlling interest","Preferred equity","Goodwill & intangibles","Long-term debt","Revenue","Earnings","Earnings available for common stockholders","EPS basic","EPS diluted","Dividend per share","Cash from operating activities","Cash from investing activities","Cash from financing activities","Cash change during period","Cash at end of period","Capital expenditures","Price","Price high","Price low","ROE","ROA","Book value of equity per share","P/B ratio","P/E ratio","Cumulative dividends per share","Dividend payout ratio","Long-term debt to equity ratio","Equity to assets ratio","Net margin","Asset turnover","Free cash flow per share","Current ratio"
2019-06-30,109433698,109433698,1,5897379000,1116238000,1802325000,390526000,4095054000,0,0,69093000,491651000,687974000,-154683000,-155455000,-1.42,-1.42,0.71,250353000,-81368000,-77986000,90999000,369106000,61922000,56.45,64.8,48.1,-0.0173,-0.0119,37.42,1.43,84.25,25,None,0.1201,0.6944,None,0.47,1.72,2.8583
2019-03-31,109414675,109414675,1,6144562000,1048004000,1825942000,373707000,4318620000,0,0,70531000,491227000,720868000,60891000,60107000,0.55,0.55,0.71,199536000,-105863000,-78156000,15517000,278107000,120936000,52.27,58.49,46.05,0.0166,0.012,39.47,1.32,None,24.29,4.2693,0.1137,0.7028,0.0259,0.45,0.72,2.8043
2018-12-31,109405326,109405326,1,6144341000,1042747000,1818103000,385913000,4326238000,0,0,71969000,490805000,740598000,18959000,18182000,0.17,0.17,0.71,209482000,-186730000,-86347000,-63595000,262590000,184485000,59.15,73.74,44.56,-0,0.0002,39.54,1.47,13.5,23.58,None,0.1134,0.7041,None,0.43,0.23,2.702
2018-09-30,109038462,109038462,1,6214867000,1115550000,1832132000,377168000,4382735000,0,0,137984000,493968000,696825000,2453000,3078000,0.03,0.03,0.71,186110000,-130178000,-78003000,-22071000,284355000,127594000,64.19,70.78,57.6,0.1068,0.0769,40.19,1.57,15.5,22.87,0.6422,0.1127,0.7052,0.1923,0.4,0.54,2.9577
2018-06-30,108943754,108943754,1,6265872000,1133478000,1823381000,381668000,4442491000,0,0,145060000,493700000,648872000,-8008000,-8725000,-0.08,-0.08,0.71,161427000,-116158000,-73607000,-28338000,306426000,121233000,67.86,74.36,61.35,0.1022,0.0723,40.78,1.64,16.92,22.16,0.6762,0.1111,0.709,0.1947,0.37,0.37,2.9698
2018-03-31,108881688,108881688,1,6261792000,1130983000,1758639000,340185000,4503153000,0,0,146497000,493433000,577484000,-11879000,-12596000,-0.12,-0.12,0.7,124779000,-97182000,-76497000,-48900000,334764000,90427000,68.16,75.02,61.3,0.1002,0.0694,41.36,1.62,18.52,21.45,0.694,0.1096,0.7191,0.2019,0.34,0.32,3.3246
2017-12-31,108866812,108866812,1,6362096000,1166346000,1771746000,355762000,4590350000,0,0,147983000,493168000,564087000,500106000,496569000,4.57,4.55,0.7,72215000,-128844000,-81082000,-137711000,383664000,82949000,57.73,65.77,49.69,0.0927,0.063,42.16,1.51,None,20.75,0.7567,0.1074,0.7215,0.201,0.31,-0.1,3.2784
2017-09-30,108605547,108605547,1,6439988000,1235267000,2275397000,344385000,4164591000,0,0,102490000,492902000,532304000,-22532000,-22994000,-0.21,-0.21,0.7,121083000,-96410000,-76085000,-51412000,521375000,91801000,50.4,58.64,42.16,-0.0302,-0.0196,38.35,1.29,None,20.05,None,0.1184,0.6467,None,0.28,0.27,3.5869
2017-06-30,108581547,108581547,1,6513891000,1250388000,2263987000,333929000,4249904000,0,0,103536000,492637000,498564000,-21799000,-22257000,-0.21,-0.21,0.7,89775000,-182835000,-75899000,-168959000,572787000,120510000,59.72,69.97,49.46,-0.0409,-0.0269,39.14,1.49,None,19.35,None,0.1159,0.6524,None,0.24,-0.28,3.7445
2017-03-31,108566974,108566974,1,6538184000,1363887000,2190790000,301417000,4347394000,0,0,0,492373000,405283000,-48818000,-49263000,-0.45,-0.45,0.7,75691000,-83700000,-76138000,-84147000,741746000,80926000,72.48,81.3,63.66,-0.0398,-0.0263,40.04,1.76,None,18.65,None,0.1133,0.6649,None,0.22,-0.05,4.5249
2016-12-31,108563000,108563000,1,6677637000,1445283000,2201722000,286628000,4475915000,0,0,0,492110000,368590000,-35063000,-35509000,-0.33,-0.33,0.7,70668000,-82043000,-68293000,-79668000,825893000,80918000,73.09,85.78,60.39,-0.0237,-0.0157,41.23,1.73,None,17.95,None,0.1099,0.6703,None,0.22,-0.09,5.0424
2016-09-30,108177217,108177217,1,6832019000,1572686000,2271094000,330120000,4560925000,0,0,0,491847000,331708000,-72835000,-73499000,-0.68,-0.68,0.7,138187000,-23197000,-116461000,-1471000,905561000,28579000,63.23,70.28,56.19,-0.0124,-0.0081,42.16,1.45,None,17.25,None,0.1078,0.6676,None,0.23,1.01,4.764
2016-06-30,108066141,108066141,1,6976519000,1537672000,2275057000,326609000,4701462000,0,0,0,493150000,366486000,-21200000,-21651000,-0.2,-0.2,0.7,122893000,-40063000,-73811000,9019000,907032000,35979000,62.48,69.2,55.75,-0.0012,-0.0007,43.51,1.41,63.76,16.55,None,0.1049,0.6739,None,0.26,0.8,4.708
2016-03-31,108039174,108039174,1,7025105000,1460377000,2243005000,371328000,4782100000,0,0,0,492919000,438191000,21205000,20722000,0.19,0.19,0.6875,184321000,-60229000,-74309000,49783000,898013000,62354000,52.04,64.06,40.02,0.0217,0.0149,44.26,1.16,24.09,15.85,2.7981,0.1031,0.6807,0.0493,0.3,1.13,3.9328
2015-12-31,108010599,108010599,1,7130274000,1476676000,2299981000,408790000,4830293000,0,0,0,492668000,487847000,16002000,15742000,0.15,0.15,0.6875,308196000,-110730000,-78620000,118846000,848230000,108412000,54.01,61.7,46.32,0.0474,0.0325,44.72,1.19,13.99,15.16,1.268,0.102,0.6774,0.0901,0.36,1.85,3.6123
2015-09-30,107787205,107787205,1,7152012000,1439007000,2254560000,351228000,4897452000,0,0,0,492443000,566110000,-21214000,-20627000,-0.19,-0.19,0.69,271205000,-202536000,-121610000,-52941000,717977000,156929000,58.25,70.34,46.16,0.0847,0.059,45.44,1.25,10.44,14.47,0.7058,0.1006,0.6848,0.1327,0.44,1.06,4.0971
2015-06-30,107751484,107751484,1,7335817000,1501691000,2314308000,346503000,5021509000,0,0,0,532388000,659694000,90860000,90302000,0.84,0.83,0.6875,334955000,-205901000,-77263000,51791000,770918000,205901000,73.75,79.9,67.6,0.1227,0.0868,46.6,1.59,11.35,13.78,0.4878,0.106,0.6845,0.1697,0.51,1.2,4.3338
2015-03-31,107654499,107654499,1,7344150000,1568369000,2341774000,391145000,5002376000,0,0,0,532908000,883052000,149537000,148589000,1.38,1.37,0.6875,422892000,-386247000,430846000,467491000,719127000,386247000,62.77,71.55,54,0.1445,0.1036,46.47,1.37,9.34,13.1,0.4193,0.1065,0.6811,0.1829,0.56,0.34,4.0097
2014-12-31,107640834,107640834,1,6801519000,1209992000,1880297000,447456000,4921222000,0,0,0,40000000,1056585000,203042000,201787000,1.87,1.85,0.6875,389692000,-361904000,-137061000,-109273000,251636000,361904000,78.86,98.47,59.24,0.152,0.1106,45.72,1.75,12.21,12.41,0.3963,0.0081,0.7235,0.1889,0.58,0.26,2.7042
2014-09-30,108256492,108256492,1,6721861000,1277366000,1830884000,507526000,4890977000,0,0,0,40000000,985038000,168688000,167704000,1.55,1.53,0.69,320632000,-321579000,-188072000,-189019000,360909000,321579000,107.87,118.95,96.79,0.1486,0.1077,45.18,2.42,16.88,11.72,0.4033,0.0082,0.7276,0.1894,0.57,-0.01,2.5168
2014-06-30,108226909,108226909,1,6693082000,1450421000,1873995000,502111000,4819087000,0,0,0,80000000,952087000,192279000,191145000,1.77,1.75,0.69,257884000,-231244000,-61691000,-35051000,549928000,257111000,110.78,118.02,103.54,0.1503,0.1083,44.53,2.56,15.6,11.03,0.378,0.0166,0.72,0.1933,0.56,0.01,2.8886
2014-03-31,108143213,108143213,1,6488281000,1388984000,1800208000,438488000,4688073000,0,0,0,80000000,893430000,174570000,173535000,1.61,1.59,0.625,235153000,-187364000,-44224000,3565000,584979000,210702000,94.89,108.43,81.34,0.171,0.122,43.35,2.23,13.75,10.34,0.314,0.0171,0.7225,0.2206,0.55,0.23,3.1677
2013-12-31,107534736,107534736,1,6410587000,1391290000,1841975000,478737000,4568612000,0,0,0,80000000,889152000,173182000,172190000,1.61,1.59,0.625,304858000,-132730000,-38582000,133546000,581414000,132730000,76.87,84.87,68.87,0.1707,0.1206,42.48,1.85,11.32,9.72,0.2546,0.0175,0.7127,0.2174,0.55,1.6,2.9062
2013-09-30,107142985,107142985,1,6264827000,1258211000,1821100000,452273000,4443727000,0,0,0,80000000,864536000,159797000,158946000,1.49,1.46,0.5,235542000,-184219000,-83935000,-32612000,447868000,184219000,66.86,71.36,62.35,0.1734,0.1207,41.47,1.66,9.85,9.09,0.1893,0.018,0.7093,0.2163,0.56,0.48,2.782
2013-06-30,106488532,106488532,1,6197611000,1280490000,1902587000,432854000,4295024000,0,0,0,195000000,840197000,266159000,264718000,2.49,2.46,0.5,267330000,54620000,-14463000,307487000,480480000,174499000,60.9,66.02,55.78,0.1793,0.123,40.33,1.55,10.67,8.59,0.1267,0.0454,0.693,0.2178,0.56,0.87,2.9582
2013-03-31,106414352,106414352,1,6012452000,931976000,1837820000,304537000,4174632000,0,0,0,195000000,838309000,151080000,150260000,1.41,1.39,0.15,152391000,-210292000,-10252000,-68153000,172993000,210292000,62.58,69.38,55.79,0.1573,0.1066,39.23,1.67,11.38,8.09,0.0759,0.0467,0.6943,0.1845,0.57,-0.54,3.0603
2012-12-31,106269041,106269041,1,5934288000,979432000,1943893000,427233000,3990395000,0,0,0,195000000,844572000,159603000,158873000,1.5,1.48,0.15,341922000,-193928000,-2943000,145051000,241146000,212030000,51.07,57.19,44.95,0.1577,0.1055,37.55,1.41,9.56,7.94,0.0644,0.0489,0.6724,0.182,0.58,1.22,2.2925
2012-09-30,105728157,105728157,1,5721085000,895228000,1886087000,381164000,3834998000,0,0,0,195000000,829447000,157115000,156479000,1.48,1.46,0.07,387354000,-307881000,-132244000,-52771000,96095000,315381000,46.77,51.71,41.82,0.1595,0.1059,36.27,1.36,9.37,7.79,0.0515,0.0508,0.6703,0.1836,0.57,0.68,2.3487
2012-06-30,105692693,105692693,1,5518301000,942577000,1883711000,413589000,3634590000,0,0,0,235000000,819785000,149925000,149319000,1.4,1.38,0.07,174156000,-275247000,-74428000,-175519000,148866000,275247000,47.23,55.74,38.71,0.1559,0.1028,34.39,1.41,10.22,7.72,0.0551,0.0647,0.6586,0.1799,0.57,-0.96,2.279
2012-03-31,107416029,107416029,1,5441072000,999360000,1838976000,385724000,3602096000,0,0,0,235000000,769982000,129719000,129189000,1.2,1.18,0.07,202184000,-220370000,-5288000,-23474000,324385000,220370000,60.14,68.6,51.69,0.1489,0.098,33.53,1.87,13.83,7.65,0.0596,0.0652,0.662,0.177,0.55,-0.17,2.5909
2011-12-31,107386075,107386075,1,5257887000,1003428000,1812079000,428849000,3445808000,0,0,0,235000000,732588000,144286000,143812000,1.34,1.32,0.07,236638000,-246788000,-6237000,-16387000,347859000,246788000,48.23,60.88,35.58,0.145,0.0953,32.09,1.58,12.09,7.58,0.0611,0.0682,0.6554,0.1766,0.54,-0.09,2.3398
2011-09-30,107145588,107145588,1,5003891000,956313000,1733844000,416729000,3270047000,0,0,0,235000000,700751000,121420000,121420000,1.14,1.11,0.07,281109000,-195431000,-9497000,76181000,364246000,195431000,57,73.4,40.6,0.1379,0.0909,30.52,1.9,15.62,7.51,0.0641,0.0719,0.6535,0.1705,0.53,0.8,2.2948
2011-06-30,107085324,107085324,1,4911036000,882609000,1690798000,261909000,3220238000,0,0,0,350000000,644095000,109826000,109494000,1.02,1.01,0.07,244696000,-198877000,1561000,47380000,288065000,202809000,63.77,70.47,57.08,0.1305,0.0862,30.07,2.18,27.85,7.44,0.0674,0.1087,0.6557,0.1646,0.52,0.39,3.3699
2011-03-31,106969709,106969709,1,4725712000,803587000,1598718000,215748000,3126994000,0,0,0,350000000,604406000,98790000,98790000,0.92,0.91,0.06,213092000,-156033000,9802000,66861000,240685000,156033000,58.63,69.72,47.53,0.0859,0.0569,29.23,2.1,32.39,7.37,0.1023,0.1119,0.6617,0.1115,0.51,0.53,3.7247
2010-12-31,106334667,106334667,1,4465619000,710424000,1502277000,211820000,2963342000,0,0,0,350000000,594642000,104150000,104150000,0.98,0.96,0.06,238655000,-117196000,-10655000,110804000,173824000,113196000,44.55,49.46,39.65,0.07,0.0464,27.87,1.68,30.94,7.31,0.1236,0.1181,0.6636,0.0953,0.49,1.18,3.3539
2010-09-30,105985768,105985768,1,4265370000,652804000,1457905000,232638000,2807465000,0,0,0,360000000,558957000,83045000,83045000,0.78,0.77,0.06,129251000,-107802000,-36146000,-14697000,63020000,107802000,38.8,42.03,35.56,0.0565,0.0373,26.49,1.52,33.74,7.25,0.1489,0.1282,0.6582,0.0834,0.45,0.2,2.8061
2010-06-30,105813661,105813661,1,4073654000,549250000,1368127000,210978000,2705527000,0,0,0,390000000,476637000,-36715000,-36715000,-0.35,-0.35,0.06,127105000,-75171000,-54585000,-2651000,77717000,75116000,38.03,43.72,32.34,0.0456,0.0299,25.57,1.44,19.02,7.19,0.1779,0.1441,0.6642,0.0743,0.4,0.49,2.6034
2010-03-31,105731170,105731170,1,4205639000,550370000,1410844000,182933000,2794795000,0,0,0,440000000,439725000,46747000,46747000,0.44,0.43,0.05,85782000,-64003000,-49120000,-27341000,125712000,76519000,42.68,49.13,36.23,0.0792,0.0514,26.43,1.64,16.74,7.13,0.0985,0.1574,0.6645,0.135,0.38,0.09,3.0086
2009-12-31,105714528,105714528,1,4235614000,580496000,1479632000,320347000,2755982000,0,0,0,380000000,399843000,63235000,63235000,0.6,0.59,0.05,120150000,-62284000,-46299000,11567000,153053000,62268000,41.21,46.24,36.18,0.1032,0.066,26.07,1.62,12.41,7.08,0.0777,0.1379,0.6507,0.1626,0.41,0.55,1.8121
2009-09-30,105553595,105553595,1,4161024000,522932000,1478015000,301906000,2683009000,0,0,0,420000000,362217000,51488000,51488000,0.49,0.48,0.05,186776000,-140349000,-46646000,-219000,141486000,140349000,33.86,41.08,26.64,0.1393,0.0883,25.42,1.38,8.42,7.03,0.0596,0.1565,0.6448,0.1867,0.47,0.44,1.7321
2009-06-30,105454592,105454592,1,4079854000,592074000,1485912000,358792000,2593942000,0,0,0,430000000,387767000,53044000,53044000,0.5,0.5,0.05,220055000,-209890000,5162000,15327000,141705000,205821000,29.48,37.19,21.76,0.1761,0.1111,24.6,1.25,6.27,6.98,0.0467,0.1658,0.6358,0.2026,0.55,0.13,1.6502
2009-03-31,105443092,105443092,1,3979816000,704868000,1493759000,428570000,2486057000,0,0,0,430000000,520300000,103738000,103738000,0.99,0.98,0.05,235909000,-285081000,37526000,-11646000,126378000,275503000,24.21,28.93,19.5,0.2153,0.136,23.58,1.07,5.17,6.93,0.0399,0.173,0.6247,0.2226,0.61,-0.38,1.6447
2008-12-31,105319272,105319272,1,3788011000,716341000,1401566000,360073000,2386445000,0,0,0,490000000,623754000,145275000,145275000,1.38,1.36,0.05,254579000,-248709000,10641000,16511000,138024000,250381000,30.14,43.27,17.01,0.2261,0.1435,22.66,1.4,6.94,6.88,0.0389,0.2053,0.63,0.2265,0.63,0.04,1.9894
2008-09-30,105225049,105225049,1,3588045000,690647000,1322571000,308957000,2265474000,0,0,0,475000000,583719000,126485000,126485000,1.21,1.18,0.04,167240000,-179803000,35058000,22495000,121513000,196617000,57.35,75.38,39.33,0.2209,0.1401,21.53,2.79,13.46,6.83,0.0408,0.2097,0.6314,0.2267,0.62,-0.28,2.2354
2008-06-30,105210721,105210721,1,3378521000,611399000,1212349000,272108000,2166172000,0,0,0,455000000,522517000,125369000,125369000,1.2,1.18,0.05,180333000,-173758000,1707000,8282000,99018000,187307000,61.41,77.24,45.57,0.2284,0.1448,20.59,3.18,14.73,6.79,0.0415,0.21,0.6412,0.2374,0.61,-0.07,2.2469
2008-03-31,104328568,104328568,1,3156118000,543985000,1142038000,210996000,2014080000,0,0,0,480000000,473644000,102054000,102054000,0.98,0.96,0.045,152364000,-161816000,2681000,-6771000,90736000,171867000,40.38,47.89,32.86,0.2377,0.1498,19.31,2.19,9.55,6.74,0.0411,0.2383,0.6382,0.2451,0.61,-0.19,2.5782
2007-12-31,103663432,103663432,1,3058789000,541282000,1144770000,231199000,1914019000,0,0,0,485000000,456663000,107830000,107830000,1.04,1.02,0.045,110891000,-139958000,37359000,8292000,97507000,149844000,35.05,40.6,29.49,0.2556,0.1606,18.46,2,8.21,6.7,0.0406,0.2534,0.6257,0.2625,0.61,-0.38,2.3412
2007-09-30,103502581,103502581,1,2885369000,498964000,1069853000,226612000,1815516000,0,0,0,445000000,449449000,116410000,116410000,1.13,1.1,0.04,175668000,-186955000,29940000,18653000,89215000,213065000,32.22,36.76,27.68,0.2753,0.174,17.54,1.98,7.86,6.65,0.0403,0.2451,0.6292,0.2757,0.63,-0.36,2.2018
2007-06-30,103474003,103474003,1,2687322000,463627000,1002799000,254010000,1684523000,0,0,0,380000000,421274000,115204000,115204000,1.11,1.09,0.045,139534000,-205858000,47746000,-18578000,70562000,247249000,33.28,36.57,30,0.2831,0.1801,16.28,2.19,8.85,6.61,0.0419,0.2256,0.6268,0.2803,0.64,-1.04,1.8252
2007-03-31,103314928,103314928,1,2484537000,464022000,915406000,247732000,1569131000,0,0,0,330000000,372536000,106861000,106861000,1.04,1.02,0.045,108047000,-203889000,111894000,16052000,89140000,246416000,26.86,31,22.72,0.2765,0.1785,15.19,1.9,8.02,6.57,0.0459,0.2103,0.6316,0.2756,0.65,-1.34,1.8731
2006-12-31,103231570,103231570,1,2272006000,472325000,813688000,295928000,1458318000,0,0,0,205000000,386399000,110786000,110786000,1.07,1.06,0.045,137818000,-101868000,3285000,39235000,73088000,187484000,24.45,27.65,21.26,0.2618,0.171,14.13,1.83,8.83,6.52,0.0504,0.1406,0.6419,0.261,0.66,-0.48,1.5961
2006-09-30,103436828,103436828,1,2134712000,428691000,752820000,264548000,1381892000,0,0,0,175000000,358799000,98496000,98496000,0.94,0.93,0.04,78475000,-144590000,-14133000,-80248000,33853000,206332000,26.24,30.46,22.02,0.2309,0.1514,13.36,2.09,12.04,6.48,0.0596,0.1266,0.6473,0.2399,0.63,-1.24,1.6205
2006-06-30,105194344,105194344,1,1984894000,509353000,663318000,136362000,1321576000,0,0,0,200000000,319796000,79975000,79975000,0.76,0.75,0.045,80115000,-163365000,2196000,-81054000,114101000,151673000,33.16,39.95,26.38,0.1934,0.1269,12.56,2.8,19.34,6.44,0.0757,0.1513,0.6658,0.2106,0.6,-0.68,3.7353
2006-03-31,52432526,104865052,2,1884020000,528157000,640358000,115613000,1243662000,0,0,0,200000000,290830000,64573000,64573000,1.23,1.22,0.0825,77326000,-191801000,8052000,-106423000,195155000,117246000,34.89,39.35,30.42,0.1615,0.1054,11.86,3.19,26.43,6.39,0.094,0.1608,0.6601,0.1838,0.57,-0.38,4.5683
2005-12-31,52233337,104466674,2,1761775000,547251000,619303000,116227000,1142472000,0,0,0,200000000,255388000,50814000,50814000,0.98,0.96,0.0825,60474000,-49126000,1478000,12826000,301578000,53654000,28.66,32.38,24.95,0.1313,0.0855,10.94,2.76,23.4,6.35,0.1218,0.1751,0.6485,0.1578,0.54,0.07,4.7085
2005-09-30,52011465,104022930,2,1663350000,499797000,584112000,89481000,1079238000,0,0,0,200000000,233210000,36121000,36121000,0.7,0.68,0.08,78563000,-30399000,4303000,52467000,288752000,32723000,27.18,30.56,23.8,0.1259,0.0821,10.38,2.73,35.3,6.31,0.1318,0.1853,0.6488,0.1594,0.52,0.44,5.5855
2005-06-30,51458534,102917068,2,1570588000,435283000,544308000,65584000,1026280000,0,0,0,200000000,207387000,29825000,29825000,0.58,0.57,0.0825,55586000,-28480000,726000,27832000,236285000,31389000,21.08,23.46,18.69,0.0821,0.0536,9.97,2.18,39.77,6.27,0.2093,0.1949,0.6534,0.1064,0.5,0.24,6.637
2005-03-31,51185792,102371584,2,1510157000,392932000,520457000,55721000,989700000,0,0,0,200000000,185450000,22350000,22350000,0.44,0.43,0.0825,44413000,-16578000,3094000,30929000,208453000,38479000,18.17,20.55,15.79,0.0572,0.0372,9.67,1.92,48.45,6.23,0.3058,0.2021,0.6554,0.0786,0.47,0.06,7.0518
2004-12-31,50751546,101503092,2,1473092000,352239000,512923000,58342000,960169000,0,0,0,200000000,174679000,39310000,39310000,0.78,0.77,0.0825,33676000,78183000,369000,112228000,177524000,-15786000,15.45,17.08,13.83,0.0406,0.0263,9.46,1.71,343.33,6.19,0.4318,0.2083,0.6518,0.0579,0.45,0.49,6.0375
2004-09-30,50610987,101221974,2,1406844000,245886000,492734000,59903000,914110000,0,0,0,200000000,182974000,-11665000,-11665000,-0.23,-0.23,0.08,61160000,-13775000,-6536000,40849000,65296000,21716000,13.27,14.54,12.01,0.0047,0.003,9.03,1.43,58.98,6.15,3.7295,0.2188,0.6498,0.007,0.43,0.39,4.1047
2004-06-30,50416398,100832796,2,1448884000,197325000,512175000,54784000,936709000,0,0,0,200000000,147874000,4347000,4347000,0.09,0.09,0.0825,37067000,-17506000,-25672000,-6111000,24447000,17506000,13.46,14.78,12.13,0.0243,0.0157,9.29,1.45,51.77,6.11,0.7192,0.2135,0.6465,0.0391,0.4,0.19,3.6019
2004-03-31,50401798,100803596,2,1451000000,212861000,514008000,76033000,936992000,0,0,0,200000000,151186000,6048000,6048000,0.12,0.12,0.08,11437000,-10728000,-5648000,-4939000,30558000,21299000,14.41,15.3,13.51,0.0286,0.0185,9.3,1.56,64.04,6.07,0.6094,0.2134,0.6458,0.0466,0.4,-0.1,2.7996
2003-12-31,50204751,100409502,2,1440075000,205335000,514028000,88471000,926047000,0,0,0,200000000,138894000,5629000,5629000,0.11,0.11,0.08,25736000,-24989000,-3439000,-2692000,35497000,28451000,13.04,14.19,11.88,0.0251,0.0164,9.22,1.43,74.51,6.03,0.7006,0.216,0.6431,0.0423,0.39,-0.03,2.3209
2003-09-30,50168655,100337310,2,1415835000,197531000,498584000,88618000,917251000,0,0,0,200000000,138626000,6530000,6530000,0.14,0.13,0.08,30699000,-36306000,16823000,11216000,38189000,42077000,14,15.15,12.85,0.0197,0.013,9.14,1.54,71.79,5.99,26.5892,0.218,0.6479,0.0347,0.37,-0.11,2.229
2003-06-30,50093019,100186038,2,1400596000,174892000,488828000,83059000,911768000,0,0,0,200000000,137025000,8162000,8162000,0.16,0.16,0.08,26725000,-49989000,6989000,-16275000,26973000,62117000,14.38,16.4,12.36,0.0224,0.0152,9.1,1.61,36.41,5.95,23.5652,0.2194,0.651,0.049,0.31,-0.35,2.1056
2003-03-31,50032200,100064400,2,1342082000,175871000,448893000,70735000,893189000,0,0,0,200000000,126320000,2574000,2574000,0.05,0.05,0.08,12049000,-66167000,-3865000,-57983000,43248000,66483000,12.89,14.47,11.3,0.0429,0.0304,8.93,1.44,26.85,5.91,11.8146,0.2239,0.6655,0.0874,0.35,-0.54,2.4863
2002-12-31,50022081,100044162,2,1347301000,238220000,449207000,76426000,898094000,0,0,0,200000000,113313000,607000,607000,0.01,0.01,9.26,27031000,-68904000,96221000,54348000,101231000,68904000,13.42,15.12,11.72,0.0495,0.0363,8.98,1.5,21.3,5.87,9.7887,0.2227,0.6666,0.0992,0.37,-0.42,3.117
2002-09-30,50013769,100027538,2,1227313000,178751000,332143000,72899000,895170000,0,0,0,100000000,34893000,8823000,8823000,0.17,0.17,0.08,69366000,-110290000,33743000,-7181000,46883000,55059000,16.81,19.18,14.45,0.0623,0.0474,8.95,1.58,20.38,1.24,0.2437,0.1117,0.7294,0.1243,0.38,0.14,2.452
2002-06-30,49980947,99961894,2,1375260000,216694000,313793000,83953000,1061467000,0,0,0,50000000,185467000,28218000,28218000,0.57,0.56,0.08,58287000,-53056000,-1930000,3301000,48200000,89875000,19.23,21.62,16.85,0.0787,0.0603,10.62,1.8,20.46,1.2,0.1865,0.0471,0.7718,0.0976,0.62,-0.32,2.5811
2002-03-31,49896735,99793470,2,1389346000,223069000,321312000,76080000,1068034000,0,0,0,50000000,155576000,10872000,10872000,0.22,0.22,0.075,50291000,-80092000,-3024000,-32825000,44899000,84762000,17.25,20.66,13.85,0.0907,0.0694,10.7,1.63,13.91,1.16,0.1604,0.0468,0.7687,0.1183,0.59,-0.35,2.932
2001-12-31,49860447,99720894,2,1371831000,267601000,315820000,79837000,1056011000,0,0,0,50000000,134992000,15604000,15604000,0.31,0.31,0.075,36622000,-78233000,-3627000,-45238000,77724000,78233000,14.99,17.63,12.35,0.1219,0.0933,10.59,1.46,10.56,1.12,0.1215,0.0473,0.7698,0.1638,0.57,-0.42,3.3518
2001-09-30,49859297,99718594,2,1364507000,331412000,338030000,121221000,1026477000,0,0,0,50000000,373645000,28228000,28228000,0.57,0.56,0.08,67553000,-87587000,-24878000,-44912000,122962000,85309000,14.13,16.39,11.87,0.1421,0.1083,10.29,1.37,10.28,1.08,0.1063,0.0487,0.7523,0.1745,0.62,-0.18,2.7339
2001-06-30,50563599,101127198,2,1359770000,348452000,315154000,110615000,1044616000,0,0,0,50000000,139709000,40437000,40437000,0.8,0.79,0.075,77564000,-50801000,-5530000,21233000,167874000,73080000,20.51,25.61,15.41,0.1404,0.1072,10.33,2.06,17.61,1.04,0.1061,0.0479,0.7682,0.222,0.48,0.04,3.1501
2001-03-31,50609349,101218698,2,1304755000,319904000,296488000,81274000,1008267000,0,0,0,50000000,120950000,41749000,41749000,0.83,0.82,0.075,69370000,-56750000,7483000,20103000,146641000,58909000,24.54,29.25,19.82,0.1224,0.0934,9.96,2.51,25.83,1,0.1252,0.0496,0.7728,0.1837,0.51,0.1,3.9361
2000-12-31,50093802,100187604,2,1299847000,300438000,319295000,93865000,980552000,0,0,0,50000000,192550000,33840000,33840000,0.68,0.67,0.075,64369000,-44199000,-1719000,18451000,126538000,44199000,18.28,22.09,14.47,0.1018,0.0774,9.79,1.92,22.29,0.97,0.1514,0.051,0.7544,0.1419,0.55,0.2,3.2007
2000-09-30,50087254,100174508,2,1259492000,265144000,303789000,78894000,955703000,0,0,0,50000000,177698000,24009000,24009000,0.49,0.47,0.07,61872000,-40851000,-1633000,19388000,108087000,40851000,17.09,19.16,15.03,0.0902,0.0688,9.54,1.86,24.77,0.93,0.1726,0.0523,0.7588,0.1304,0.53,0.21,3.3608
2000-06-30,49857738,99715476,2,1196975000,232252000,281774000,65720000,915201000,0,0,0,50000000,151968000,18557000,18557000,0.37,0.37,0.075,48165000,-26896000,-1542000,19727000,88699000,26896000,16.7,18.88,14.53,0.0776,0.0593,9.18,1.83,26.72,0.89,0.2062,0.0546,0.7646,0.1171,0.51,0.21,3.534
2000-03-31,49718694,99437388,2,1190229000,202324000,282502000,66231000,907727000,0,0,0,50000000,151848000,19273000,19273000,0.39,0.39,0.07,47439000,-14332000,-2679000,30428000,68972000,24068000,12.75,15.5,10,0.072,0.0547,9.13,1.46,25.25,0.86,0.2228,0.0551,0.7626,0.1101,0.5,0.24,3.0548
1999-12-31,49655900,99311800,2,1138108000,178667000,268484000,69764000,869624000,0,0,0,50000000,149581000,20461000,20461000,0.41,0.41,0.07,44360000,-19240000,-8334000,16786000,38544000,22073000,11.64,13.72,9.56,0.0598,0.045,8.76,1.36,27.07,0.82,0.2751,0.0575,0.7641,0.0885,0.51,0.22,2.561
1999-09-30,49642750,99285500,2,1109699000,160624000,261590000,71904000,848109000,0,0,0,50000000,133282000,10429000,10429000,0.21,0.21,0.07,54990000,-27510000,-32777000,-5297000,21758000,29216000,13.3,15.1,11.5,0.0518,0.0383,8.54,1.57,26.34,0.79,0.3239,0.059,0.7643,0.0758,0.51,0.26,2.2339
1999-06-30,49497299,98994598,2,1118394000,174541000,280301000,95562000,838093000,0,0,0,50000000,131799000,12196000,12196000,0.25,0.24,0.07,48894000,-16450000,-26095000,6349000,27055000,16938000,11.79,13.38,10.19,0.063,0.046,8.47,1.43,16.38,0.75,0.2706,0.0597,0.7494,0.0858,0.54,0.32,1.8265
1999-03-31,49432536,98865072,2,1115715000,182058000,298832000,124367000,816883000,0,0,0,50000000,155374000,7352000,7352000,0.15,0.15,0.07,38696000,-28633000,-17247000,-7184000,20706000,28637000,10,11.97,8.03,0.0899,0.0658,8.26,1.23,11.98,0.72,0.1909,0.0612,0.7322,0.1135,0.58,0.1,1.4639
1998-12-31,49416682,98833364,2,1119848000,197933000,318213000,147205000,801635000,0,0,0,50000000,143864000,12811000,12811000,0.26,0.26,0.07,16114000,-38102000,25402000,3414000,27890000,38170000,10.32,12.25,8.38,0.1046,0.077,8.11,1.29,10.42,0.68,0.1646,0.0624,0.7158,0.1349,0.57,-0.22,1.3446
1998-09-30,49414282,98828564,2,1090430000,184345000,297282000,125484000,793148000,0,0,0,50000000,165292000,18791000,18791000,0.38,0.36,0.07,21382000,-71794000,44185000,-6227000,24476000,88098000,10.16,12.19,8.13,0.1248,0.0929,8.03,1.23,10.26,0.65,0.1361,0.063,0.7274,0.1589,0.58,-0.68,1.4691
1998-06-30,50298982,100597964,2,1097668000,191078000,269268000,116970000,828400000,0,0,0,0,177136000,33861000,33861000,0.68,0.67,0.07,33407000,-35756000,-2587000,-4936000,30703000,73399000,13.7,16.63,10.78,0.1243,0.0934,8.23,1.68,15.35,0.61,0.1378,0,0.7547,0.1649,0.57,-0.4,1.6336
1998-03-31,50294714,100589428,2,1095907000,194103000,277381000,107988000,818526000,0,0,0,0,142389000,19337000,19337000,0.39,0.38,0.07,26560000,-51452000,10117000,-14775000,35639000,51511000,14.43,16.59,12.28,0.1151,0.0872,8.14,1.81,15.56,0.57,0.1503,0,0.7469,0.1606,0.54,-0.25,1.7974
1997-12-31,50267218,100534436,2,1069853000,201546000,268615000,112046000,801238000,0,0,0,0,151823000,29165000,29165000,0.58,0.57,0.065,32184000,-16878000,7145000,22451000,50414000,37877000,19,22.48,15.53,0.1239,0.095,7.97,2.45,22.49,0.54,0.1424,0,0.7489,0.1691,0.56,-0.06,1.7988
1997-09-30,50264394,100528788,2,1033595000,158004000,253015000,95167000,780580000,0,0,0,0,137306000,17995000,17995000,0.36,None,0.07,55054000,-56058000,-1269000,-2273000,27963000,56074000,17.37,20,14.73,0.1167,0.09,7.76,2.37,16.66,0.51,0.1573,0,0.7552,0.1626,0.55,-0.01,1.6603
1997-06-30,24973359,99893436,4,935947000,147025000,204568000,65539000,731379000,0,0,0,0,129812000,23648000,23648000,0.95,None,0.13,40636000,-28563000,-1314000,10759000,30236000,36367000,12.86,14.81,10.9,0.1505,0.1172,7.32,1.85,13.72,0.47,0.1253,0,0.7814,0.2191,0.54,0.04,2.2433
1997-03-31,24931505,99726020,4,887012000,136593000,191551000,66577000,695461000,0,0,0,0,132479000,22418000,22418000,0.9,None,0.13,31517000,-24659000,-14875000,-8017000,19477000,24268000,12.11,13.72,10.5,0.1415,0.1105,6.97,1.78,14.68,0.44,0.1379,0,0.784,0.2073,0.53,0.07,2.0517
1996-12-31,24918500,99674000,4,885641000,139652000,208400000,83840000,677241000,0,0,0,0,118262000,20125000,20125000,0.81,None,0.13,38361000,-35312000,7553000,10602000,27494000,35036000,12.38,13.78,10.97,0.1292,0.1013,6.79,1.91,16.84,0.41,0.1555,0,0.7647,0.1957,0.52,0.03,1.6657
1996-09-30,24914891,99659564,4,821914000,114368000,175944000,62565000,645970000,0,0,0,0,91722000,37288000,37288000,1.51,None,0.13,31666000,-27943000,-2999000,724000,16892000,23977000,9.79,10.9,8.69,0.1197,0.0945,6.48,1.6,32.1,0.38,0.1728,0,0.7859,0.1845,0.51,0.08,1.828
1996-06-30,24839153,99356612,4,772571000,118765000,163153000,66918000,609418000,0,0,0,0,106027000,13158000,13158000,0.53,None,0.125,26456000,-24638000,1331000,3149000,16286000,27241000,8.91,9.56,8.25,0.0516,0.0408,6.13,1.49,40.5,0.34,0.4145,0,0.7888,0.0776,0.53,-0.01,1.7748
1996-03-31,24821848,99287392,4,743185000,108746000,149942000,59990000,593243000,0,0,0,0,100921000,11027000,11027000,0.45,None,0.125,40904000,-12899000,-23474000,4531000,13137000,18923000,7.69,8.63,6.75,0.0376,0.0298,5.98,1.32,45.91,0.31,0.5783,0,0.7982,0.0598,0.5,0.22,1.8127
1995-12-31,24764620,99058480,4,732868000,112132000,156682000,73346000,576186000,0,0,0,0,94585000,11093000,11093000,0.45,None,0.125,25897000,-35857000,-1095000,-11055000,8606000,35857000,6.83,7.53,6.13,0.0289,0.023,5.82,1.2,68.3,0.28,0.7609,0,0.7862,0.0483,0.48,-0.1,1.5288
1995-09-30,24764620,99058480,4,710165000,114994000,147730000,69611000,562435000,0,0,0,0,87775000,-5069000,-5069000,-0.21,None,0.13,24058000,-20153000,-1475000,2430000,19661000,21648000,7.21,7.5,6.91,0.0173,0.0139,5.68,1.26,40.06,0.25,1.2813,0,0.792,0.0299,0.47,0.02,1.652
1995-06-30,24758495,99033980,4,719389000,113306000,150454000,69878000,568935000,0,0,0,0,78756000,4584000,4584000,0.19,None,0.125,13529000,-30731000,17812000,610000,17231000,30354000,7.21,7.75,6.66,0.032,0.0262,5.74,1.26,40.06,0.22,0.7046,0,0.7909,0.0557,0.47,-0.17,1.6215
1995-03-31,24718020,98872080,4,690293000,103584000,125004000,45338000,565289000,0,0,0,0,79301000,5820000,5820000,0.24,None,0.125,30351000,-26353000,-2811000,1187000,16621000,29075000,6.5,6.88,6.13,0.0328,None,5.72,1.15,35.62,0.18,0.6943,0,0.8189,0.0559,0.49,0.01,2.2847
1994-12-31,24718660,98874640,4,676284000,111225000,119292000,45175000,556992000,0,0,0,0,79944000,4416000,4416000,0.18,None,0.125,20634000,-31738000,-2909000,-14013000,15434000,26760000,7.11,7.81,6.41,0.0341,None,5.63,1.34,28.16,0.15,0.6743,0,0.8236,0.0555,0.51,-0.06,2.4621
1994-09-30,24718660,98874640,4,624827000,122939000,100493000,46701000,524334000,0,0,0,0,80234000,2903000,2903000,0.11,None,0.13,21899000,-33932000,-3492000,-15525000,29447000,34305000,6.72,7.03,6.41,None,None,5.3,1.27,None,0.12,0.4845,0,0.8392,None,None,-0.13,2.6325
1994-06-30,24702416,98809664,4,621476000,135679000,97245000,41813000,524231000,0,0,0,5200000,78698000,4660000,4660000,0.19,None,0.12,16386000,-36367000,-2723000,-22704000,44972000,36367000,6.53,6.78,6.28,None,None,5.31,1.24,None,0.09,None,0.0099,0.8435,None,None,-0.2,3.2449
1994-03-31,24667482,98669928,4,625211000,162414000,103898000,46747000,521313000,0,0,0,6000000,87883000,6155000,6155000,0.25,None,0.12,32264000,-15242000,-3455000,13567000,67676000,13754000,7,7.5,6.5,None,None,5.28,1.33,None,0.06,None,0.0115,0.8338,None,None,0.19,3.4743
1993-12-31,24667482,98669928,4,615990000,155036000,98330000,44378000,517660000,0,0,0,6000000,82186000,11253000,11253000,0.46,None,0.12,9360000,-12386000,-4521000,-7547000,54109000,12486000,7.63,8.63,6.63,None,None,5.25,None,None,0.03,None,0.0116,0.8404,None,None,-0.03,3.4935
