"Quarter end","Shares","Shares split adjusted","Split factor","Assets","Current Assets","Liabilities","Current Liabilities","Shareholders equity","Non-controlling interest","Preferred equity","Goodwill & intangibles","Long-term debt","Revenue","Earnings","Earnings available for common stockholders","EPS basic","EPS diluted","Dividend per share","Cash from operating activities","Cash from investing activities","Cash from financing activities","Cash change during period","Cash at end of period","Capital expenditures","Price","Price high","Price low","ROE","ROA","Book value of equity per share","P/B ratio","P/E ratio","Cumulative dividends per share","Dividend payout ratio","Long-term debt to equity ratio","Equity to assets ratio","Net margin","Asset turnover","Free cash flow per share","Current ratio"
2019-06-30,287751846,287751846,1,20827600000,4853500000,12558200000,4127700000,8225400000,44000000,0,11010300000,6287700000,3759400000,368600000,368600000,1.28,1.36,0.46,539400000,-180100000,-358200000,6700000,85700000,181400000,189.05,200.93,177.17,0.184,0.073,28.59,6.63,37.81,15.69,0.3463,0.7644,0.3949,0.1008,0.72,1.24,1.1758
2019-03-31,288242150,288242150,1,20927600000,4751000000,12660700000,4156000000,8220700000,46200000,0,11201500000,6309100000,3505400000,296500000,296500000,1.03,1.01,0.46,378100000,-477400000,-117500000,-215000000,79000000,185600000,161.75,182.19,141.3,0.184,0.073,28.52,5.82,33.49,15.23,0.3409,0.7675,0.3928,0.1001,0.73,0.67,1.1432
2018-12-31,287853232,287853232,1,20074500000,4677700000,12020900000,3685600000,8003200000,50400000,0,10875700000,6703000000,3760500000,389000000,389000000,1.36,1.31,0.46,827300000,-381100000,-353200000,90400000,294000000,212500000,149.34,162.91,135.77,0.1814,0.0713,27.8,5.44,27.45,14.77,0.3427,0.8375,0.3987,0.097,0.73,2.14,1.2692
2018-09-30,288873052,288873052,1,19962600000,4822300000,11979600000,3589800000,7929400000,53600000,0,10898800000,6334800000,3747200000,438300000,435400000,1.51,1.48,0.41,664700000,-204500000,-313000000,149400000,203600000,216600000,149.28,159.92,138.65,0.2064,0.0805,27.45,5.49,28.17,14.31,0.296,0.7989,0.3972,0.1099,0.73,1.55,1.3433
2018-06-30,288903662,288903662,1,19951600000,4607900000,12043100000,3623800000,7849500000,59000000,0,11100700000,6343100000,3689600000,353600000,351300000,1.22,1.2,0.41,298500000,-188600000,-241500000,-121300000,54200000,185200000,141.63,150.46,132.79,0.2056,0.0785,27.17,5.38,27.72,13.9,0.2968,0.8081,0.3934,0.1083,0.72,0.39,1.2716
2018-03-31,288520477,288520477,1,20184300000,4596800000,12514400000,3982800000,7601000000,68900000,0,11315200000,6397700000,3470900000,248200000,247300000,0.86,0.84,0.41,487200000,-255800000,-265000000,-35900000,175500000,202800000,133.12,140.5,125.74,0.2046,0.0761,26.34,5.05,25.95,13.49,0.3,0.8417,0.3766,0.1062,0.71,0.99,1.1542
2017-12-31,288858441,288858441,1,19962400000,4596400000,12273700000,3431800000,7618500000,70200000,0,11184700000,6758300000,3650700000,571700000,565900000,1.96,1.92,0.41,646400000,-305100000,-322200000,2300000,211400000,268000000,133.17,137.96,128.38,0.2112,0.0775,26.37,5.33,29.99,13.08,0.2915,0.8871,0.3816,0.109,0.7,1.31,1.3394
2017-09-30,288914305,288914305,1,19856700000,4614500000,12557500000,3756600000,7222300000,76900000,0,11194000000,6484500000,3563300000,395800000,392400000,1.36,1.34,0.37,585200000,-218000000,-426500000,-51600000,209100000,214200000,130.73,134.28,127.18,0.188,0.0688,25,5.47,29.92,12.67,0.328,0.8978,0.3637,0.0967,0.7,1.28,1.2284
2017-06-30,289381301,289381301,1,19523400000,4532100000,12534700000,4318400000,6919700000,69000000,0,11065400000,5909300000,3462700000,298100000,296600000,1.02,1.01,0.37,434000000,-208600000,-169500000,48600000,260700000,208700000,129.66,134.89,124.42,0.1877,0.0693,23.91,5.52,30.65,12.3,0.3288,0.854,0.3544,0.0966,0.71,0.78,1.0495
2017-03-31,290045399,290045399,1,19223000000,4307300000,12344500000,4205300000,6809400000,69100000,0,11033800000,5841600000,3161600000,256800000,253500000,0.87,0.86,0.37,425700000,-941500000,395500000,-115300000,212100000,167000000,121.73,126.17,117.29,0.1843,0.0686,23.48,5.14,29.4,11.93,0.3349,0.8579,0.3542,0.0947,0.71,0.89,1.0243
2016-12-31,291718512,291718512,1,18330200000,4279400000,11359300000,3019400000,6901100000,69800000,0,10200800000,6145700000,3352100000,372000000,366300000,1.26,1.23,0.37,448000000,-247700000,-44800000,146800000,327400000,245100000,116.47,122.28,110.65,0.1825,0.0681,23.66,4.94,32.35,11.56,0.3373,0.8905,0.3765,0.0935,0.72,0.7,1.4173
2016-09-30,291551991,291551991,1,18378800000,4172000000,11437000000,4174000000,6869600000,72200000,0,10429800000,5091400000,3386100000,379500000,374100000,1.28,1.27,0.35,616900000,-257900000,-346200000,13200000,180600000,166700000,120.63,124.6,116.66,0.1591,0.0597,23.56,5.33,37.82,11.19,0.3827,0.7411,0.3738,0.0811,0.72,1.54,0.9995
2016-06-30,291595269,291595269,1,18224600000,4095400000,11555000000,4238400000,6600500000,69100000,0,10482700000,5097000000,3317200000,263600000,258400000,0.88,0.87,0.35,402300000,-173000000,-331800000,-101100000,167400000,173100000,115.82,121.81,109.83,0.1423,0.0523,22.64,5.16,34.89,10.84,0.4245,0.7722,0.3622,0.072,0.72,0.79,0.9663
2016-03-31,293305223,293305223,1,18341800000,4194900000,11689700000,4159500000,6581400000,70700000,0,10506000000,5082800000,3097400000,232000000,230800000,0.78,0.77,0.35,472500000,-150900000,-145400000,175700000,268500000,141400000,106.16,113.69,98.62,0.1476,0.054,22.44,4.55,31.98,10.49,0.4013,0.7723,0.3588,0.0749,0.71,1.13,1.0085
2015-12-31,296001857,296001857,1,18641700000,4447500000,11661300000,4764400000,6909900000,70500000,0,10600000000,4260200000,3412000000,222900000,208900000,0.71,0.69,0.35,604600000,-366700000,-328100000,-92000000,92800000,234100000,116.06,122.48,109.64,0.1464,0.0535,23.34,5.05,31.12,10.14,0.3959,0.6165,0.3707,0.074,0.71,1.25,0.9335
2015-09-30,295303509,295303509,1,18883300000,4642400000,12040700000,3556600000,6783200000,59400000,0,10671600000,5753700000,3446400000,250100000,257800000,0.87,0.86,0.33,758600000,-209100000,-638800000,-125800000,184800000,231100000,110.39,117.69,103.09,0.1625,0.0592,22.97,4.78,27.19,9.79,0.3472,0.8482,0.3592,0.0817,0.72,1.79,1.3053
2015-06-30,295092229,295092229,1,19217300000,4971100000,12337800000,4446100000,6811600000,67900000,0,10744400000,5124200000,3389100000,308800000,302000000,1.02,1,0.33,524100000,-171000000,-269900000,72700000,310600000,167400000,114.15,118.27,110.03,0.1723,0.0648,23.08,4.95,27.98,9.46,0.305,0.7523,0.3545,0.0879,0.72,1.21,1.1181
2015-03-31,297760678,297760678,1,19252000000,4921800000,12316000000,4121000000,6871000000,65000000,0,10855700000,5408700000,3297600000,235400000,233400000,0.78,0.77,0.33,112500000,-169000000,85900000,28300000,237900000,167600000,107.39,117,97.78,0.1701,0.0648,23.08,4.39,27.33,9.13,0.2907,0.7872,0.3569,0.0874,0.73,-0.19,1.1943
2014-12-31,299250034,299250034,1,19466700000,4871100000,12084600000,4386600000,7315900000,66200000,0,11173800000,4864000000,3680800000,343300000,335500000,1.11,1.1,0.33,670600000,-283400000,-357300000,11800000,209600000,271000000,108.33,115.39,101.26,0.1624,0.0624,24.45,4.22,28.81,8.8,0.2879,0.6649,0.3758,0.0842,0.73,1.34,1.1105
2014-09-30,300116468,300116468,1,19685800000,4871800000,11919500000,4455000000,7697900000,68400000,0,11432200000,4874000000,3694900000,369400000,364900000,1.22,1.19,0.275,613100000,-205600000,-393800000,10800000,197800000,180100000,112.88,118.46,107.31,0.1557,0.0595,25.65,4.57,31.62,8.47,0.2847,0.6332,0.391,0.0815,0.72,1.44,1.0936
2014-06-30,299630068,299630068,1,19613800000,4772100000,12153700000,3966900000,7402900000,57200000,0,11498800000,5539100000,3568200000,315000000,311400000,1.04,1.02,0.275,317500000,-184900000,-246800000,-113300000,187000000,181700000,106.69,111.57,101.82,0.1528,0.0564,24.71,4.44,32.93,8.19,0.2874,0.7482,0.3774,0.0787,0.71,0.45,1.203
2014-03-31,300199314,300199314,1,19563400000,4703000000,12290300000,3904400000,7210500000,62600000,0,11557900000,5696600000,3336600000,194500000,191000000,0.64,0.62,0.275,214400000,-174400000,-73100000,-38900000,300300000,150200000,104.74,111.83,97.65,0.1427,0.0513,24.02,4.29,33.25,7.92,0.3026,0.79,0.3686,0.0728,0.7,0.21,1.2045
2013-12-31,300767420,300767420,1,19636500000,4698400000,12227100000,3488700000,7344300000,65100000,0,11648200000,6043500000,3559500000,289600000,287100000,0.95,0.93,0.27,630600000,-200400000,-486900000,-55200000,339200000,204700000,102.39,108.34,96.44,0.1436,0.0511,24.42,4.55,34.36,7.64,0.2975,0.8229,0.374,0.073,0.7,1.42,1.3467
2013-09-30,301299251,301299251,1,19613600000,4796000000,12767700000,3200600000,6776400000,69500000,0,11663900000,6537300000,3484000000,307200000,308000000,1.02,1,0.23,536200000,-158600000,-363500000,19200000,394400000,160500000,92.47,99.45,85.48,0.1421,0.0492,22.49,4.18,33.26,7.37,0.301,0.9647,0.3455,0.0716,0.69,1.25,1.4985
2013-06-30,301371498,301371498,1,19654300000,4698200000,12915600000,3245500000,6667500000,71200000,0,11807300000,6635300000,3337800000,215800000,213100000,0.71,0.69,0.23,207000000,-1507900000,851300000,-449100000,375200000,144400000,84.1,89.47,78.74,0.1355,0.0474,22.12,4.04,31.03,7.14,0.3133,0.9952,0.3392,0.0686,0.69,0.21,1.4476
2013-03-31,296011975,296011975,1,17296200000,4603400000,11063700000,2684200000,6161700000,70800000,0,9931000000,5737100000,2872100000,161000000,159600000,0.54,0.53,0.23,186000000,-220800000,-293500000,-333500000,824300000,134600000,76.34,80.69,71.99,0.1367,0.0478,20.82,3.71,32.49,6.91,0.311,0.9311,0.3562,0.0684,0.7,0.17,1.715
2012-12-31,294954864,294954864,1,17572300000,4892000000,11412200000,3052700000,6077000000,83100000,0,9964600000,5736100000,3045800000,227800000,231400000,0.8,0.76,0.23,482200000,-73000000,422200000,833800000,1157800000,797400000,68.11,72.79,63.42,0.1204,0.0415,20.6,3.36,35.29,6.68,0.3459,0.9439,0.3458,0.0594,0.7,-1.07,1.6025
2012-09-30,292908272,292908272,1,16722800000,4072900000,10696600000,2818700000,5945400000,80800000,0,9997000000,5386700000,3023300000,239300000,238000000,0.81,0.8,0.2,509700000,-134600000,-361700000,19100000,324000000,147200000,65.31,68.96,61.66,0.0978,0.033,20.3,3.4,36.69,6.45,0.4163,0.906,0.3555,0.0528,0.62,1.24,1.445
2012-06-30,292512285,292512285,1,16465400000,3908500000,10763200000,3450700000,5621800000,80400000,0,9962700000,4885400000,2958700000,184500000,184500000,0.63,0.62,0.2,100600000,-143000000,15700000,-49100000,304900000,128200000,64.18,68.55,59.81,0.0981,0.0335,19.22,3.27,37.98,6.25,0.4517,0.869,0.3414,0.0511,0.66,-0.09,1.1327
2012-03-31,292185658,292185658,1,16861700000,3959800000,11056600000,3506600000,5733200000,71900000,0,10184600000,4917900000,2810900000,49700000,49700000,0.17,0.17,0.2,110500000,-137300000,-1469800000,-1489600000,354000000,126300000,60.15,62.86,57.44,0.1035,0.0365,19.62,3.09,31.33,6.05,0.4721,0.8578,0.34,0.0518,0.7,-0.05,1.1292
2011-12-31,291269964,291269964,1,18240800000,5396000000,12499700000,3166300000,5666700000,74400000,0,10130500000,6613200000,1845300000,89300000,89300000,0.35,0.34,0.2,144800000,-1472600000,2976500000,1636300000,1843600000,487300000,52.7,58.13,47.27,0.1461,0.0538,19.46,4.96,24.74,5.85,0.3888,1.167,0.3107,0.0681,0.79,-1.18,1.7042
2011-09-30,232097949,232097949,1,5505600000,2091000000,3034700000,1617700000,2467000000,3900000,0,1922800000,700200000,1736100000,154500000,154300000,0.67,0.65,0.175,238600000,-87300000,-106200000,44100000,207300000,86500000,50.5,57.19,43.81,0.2209,0.096,10.63,5.01,22.75,5.65,0.3241,0.2838,0.4481,0.0774,1.24,0.66,1.2926
2011-06-30,231958167,231958167,1,5407400000,1994200000,3065000000,1639600000,2338200000,4200000,0,1933100000,703300000,1698800000,125900000,125900000,0.54,0.53,0.175,246000000,-86600000,-155600000,11800000,163200000,83000000,53.21,56.45,49.97,0.243,0.1029,10.08,5.58,23.86,5.48,0.303,0.3008,0.4324,0.0826,1.25,0.7,1.2163
2011-03-31,231994433,231994433,1,5262300000,1888900000,3047600000,1650200000,2210600000,4100000,0,1904800000,683700000,1518300000,93600000,93600000,0.4,0.4,0.175,56100000,-377800000,219100000,-90900000,151400000,72200000,48.94,51.08,46.8,0.2589,0.1075,9.53,5.35,21.95,5.3,0.2926,0.3093,0.4201,0.0856,1.26,-0.07,1.1446
2010-12-31,232664561,232664561,1,4872200000,1869900000,2739200000,1324800000,2129200000,3800000,0,1611800000,656400000,1575500000,131300000,131300000,0.56,0.55,0.18,312200000,-63800000,-176700000,73900000,242300000,377800000,49.55,52.46,46.64,0.2715,0.1107,9.15,5.86,22.83,5.13,0.2832,0.3083,0.437,0.0871,1.27,-0.28,1.4115
2010-09-30,232134993,232134993,1,4861500000,1854500000,2893700000,1438600000,1964200000,3600000,0,1605000000,647300000,1561900000,174200000,174200000,0.75,0.74,0.155,273200000,-104900000,-121700000,47100000,168400000,69900000,47.94,51.23,44.66,0.268,0.1066,8.46,6.02,23.62,4.95,0.2792,0.3295,0.404,0.0847,1.26,0.88,1.2891
2010-06-30,233303576,233303576,1,4663800000,1735300000,2802200000,1339900000,1858300000,3300000,0,1549900000,1006000000,1520200000,129300000,129300000,0.55,0.54,0.155,229600000,-77400000,-109900000,36000000,121300000,86300000,46.9,49.7,44.1,0.2529,0.0999,7.97,5.88,24.68,4.79,0.2904,0.5414,0.3985,0.0801,1.25,0.61,1.2951
2010-03-31,233372148,233372148,1,4769200000,1718300000,2900700000,1370000000,1860700000,7800000,0,1637800000,677900000,1432100000,95500000,95500000,0.41,0.4,0.155,135400000,-57500000,-53900000,11700000,85300000,58800000,44.03,47.4,40.66,0.2388,0.0924,7.97,5.2,25.3,4.64,0.3031,0.3643,0.3901,0.0761,1.21,0.33,1.2542
2009-12-31,236263986,236263986,1,5020900000,1814200000,3011300000,1250200000,2000900000,8700000,0,1726600000,868800000,1564500000,115800000,115800000,0.49,0.49,0.15,163500000,-97400000,-105000000,-33900000,73600000,90100000,45.14,46.89,43.39,0.227,0.085,8.47,5.46,28.39,4.48,0.3234,0.4342,0.3985,0.0707,1.2,0.31,1.4511
2009-09-30,237554525,237554525,1,4988800000,1816000000,3018800000,1292900000,1961800000,8200000,0,1682000000,850000000,1546400000,145000000,145000000,0.61,0.6,0.14,232100000,-73000000,-136300000,24800000,107500000,71500000,42.39,47.88,36.89,0.2204,0.0787,8.26,5.56,28.45,4.33,0.3475,0.4333,0.3932,0.0656,1.2,0.68,1.4046
2009-06-30,236824780,236824780,1,4928300000,1749900000,3116200000,1339900000,1804100000,8000000,0,1675700000,842800000,1441500000,99100000,99100000,0.42,0.41,0.14,272000000,-65900000,-205200000,3200000,82700000,72800000,37.08,40.04,34.11,0.2017,0.0744,7.62,5.53,22.75,4.19,0.3627,0.4672,0.3661,0.0615,1.21,0.84,1.306
2009-03-31,236486254,236486254,1,4703800000,1683100000,3111700000,1421400000,1584900000,7200000,0,1578400000,797800000,1348200000,57400000,57400000,0.24,0.24,0.14,27400000,-63000000,48700000,12800000,79500000,51200000,33.02,36.78,29.27,0.2122,0.0808,6.7,4.97,18.34,4.05,0.3242,0.5034,0.3369,0.0668,1.21,-0.1,1.1841
2008-12-31,236192852,236192852,1,4756900000,1691100000,3185300000,1441900000,1571600000,0,0,1594400000,799300000,1483300000,80000000,80000000,0.34,0.34,0.14,257000000,-94100000,-186500000,-35400000,66700000,78200000,39.77,49.99,29.56,0.2223,0.0876,6.65,4.41,20.82,3.91,0.2891,0.5086,0.3304,0.073,1.2,0.76,1.1728
2008-09-30,247836093,247836093,1,5113900000,1894200000,2880600000,1338000000,2233300000,0,0,1747800000,859400000,1626300000,126200000,126200000,0.51,0.5,0.13,185500000,-99600000,-203500000,-119900000,102100000,84000000,47.08,52.16,42,0.2285,0.0943,9.01,5.3,25.18,3.77,0.2671,0.3848,0.4367,0.079,1.19,0.41,1.4157
2008-06-30,247266546,247266546,1,5355500000,1992500000,3156800000,1561700000,2198700000,0,0,1814400000,876000000,1570000000,139000000,139000000,0.56,0.55,0.13,173700000,-77400000,-98100000,2500000,222000000,89000000,45.9,48.91,42.89,0.2378,0.0959,8.89,5.51,26.08,3.64,0.2657,0.3984,0.4105,0.0798,1.2,0.34,1.2759
2008-03-31,247155483,247155483,1,5234300000,1891000000,3174900000,1604200000,2059400000,0,0,1807600000,864900000,1457900000,102900000,102900000,0.42,0.41,0.13,137000000,-309600000,252500000,82100000,219500000,75500000,47.44,52.35,42.52,0.2419,0.096,8.33,6.06,27.91,3.51,0.274,0.42,0.3934,0.0777,1.24,0.25,1.1788
2007-12-31,247200121,247200121,1,4722800000,1717300000,2787100000,1518300000,1935700000,0,0,1608100000,599900000,1439800000,113400000,113400000,0.46,0.45,0.13,253900000,-360400000,136000000,30600000,137400000,85000000,48.8,52.78,44.82,0.2503,0.0998,7.83,7.05,30.69,3.38,0.2739,0.3099,0.4099,0.0781,1.28,0.68,1.1311
2007-09-30,246017852,246017852,1,4263200000,1605000000,2561800000,1322000000,1701400000,0,0,1316000000,569900000,1413200000,114000000,114000000,0.46,0.46,0.115,236400000,-136300000,-65500000,34600000,106800000,95500000,43.3,47.59,39.01,0.244,0.0954,6.92,6.67,27.76,3.25,0.2804,0.335,0.3991,0.0756,1.26,0.57,1.2141
2007-06-30,245008916,245008916,1,4140400000,1539600000,2550700000,1287500000,1589700000,0,0,1293400000,563900000,1362400000,110300000,110300000,0.45,0.44,0.115,221300000,-89900000,-114100000,18000000,72200000,63700000,42.95,44.79,41.12,0.2396,0.096,6.49,6.62,29.02,3.14,0.2749,0.3547,0.3839,0.0769,1.25,0.64,1.1958
2007-03-31,246855751,246855751,1,3993400000,1457200000,2392000000,1149800000,1601400000,0,0,1265500000,557300000,1254200000,89500000,89500000,0.36,0.35,0.115,86000000,-77100000,-438800000,-429800000,54200000,62300000,41.19,45.37,37.01,0.2256,0.0931,6.49,6.15,28.8,3.02,0.2794,0.348,0.401,0.0756,1.23,0.1,1.2674
2006-12-31,250634287,250634287,1,4419365000,1853557000,2739135000,1502730000,1680230000,0,0,1259716000,557058000,1271000000,87191000,87191000,0.34,0.34,0.11,223387000,-81001000,286206000,429837000,484029000,78712000,44.28,46.4,42.17,0.2159,0.0917,6.7,6.31,34.06,2.91,0.2798,0.3315,0.3802,0.0753,1.22,0.58,1.2335
2006-09-30,251153056,251153056,1,4006876000,1406291000,2243757000,1145971000,1763119000,0,0,1244868000,542948000,1278855000,110359000,110359000,0.44,0.43,0.1,228042000,-138953000,-140743000,-51693000,54192000,68894000,42.5,45.44,39.57,0.1976,0.0869,7.02,6.3,33.46,2.8,0.3003,0.3079,0.44,0.0705,1.23,0.63,1.2272
2006-06-30,251626948,251626948,1,3911283000,1418369000,2213297000,1141159000,1697986000,0,0,1177785000,544846000,1225884000,93179000,93179000,0.37,0.36,0.1,176895000,-82433000,-52333000,42951000,105885000,80425000,39.1,41.2,37,0.1972,0.0862,6.75,5.85,31.53,2.7,0.2981,0.3209,0.4341,0.0708,1.22,0.38,1.2429
2006-03-31,252937584,252937584,1,3748315000,1309415000,2059955000,1027213000,1688360000,0,0,1143545000,522382000,1120075000,77886000,77886000,0.31,0.3,0.1,-760000,68403000,-109491000,-41444000,62934000,59854000,37.07,40.5,33.64,0.1975,0.0855,6.68,5.69,30.14,2.6,0.2956,0.3094,0.4504,0.0704,1.21,-0.24,1.2747
2005-12-31,253210779,253210779,1,3796628000,1421666000,2147418000,1119357000,1649210000,0,0,1139955000,519374000,1141515000,54514000,54514000,0.21,0.21,0.1,159266000,-190909000,-28718000,-60930000,104378000,75299000,34.04,37.15,30.93,0.2004,0.0843,6.51,5.3,26.18,2.5,0.2894,0.3149,0.4344,0.0705,1.2,0.33,1.2701
2005-09-30,256024218,256024218,1,3828582000,1447565000,2184252000,1066052000,1644330000,0,0,1178523000,539019000,1164773000,103742000,103742000,0.41,0.4,0.0875,197548000,-60903000,-81266000,55285000,165308000,64330000,32.45,34.14,30.75,0.2138,0.0892,6.42,5.35,25.75,2.4,0.2684,0.3278,0.4295,0.0753,1.19,0.52,1.3579
2005-06-30,255748469,255748469,1,3730483000,1355587000,2177556000,1068385000,1552927000,0,0,1176894000,537912000,1158664000,86577000,86577000,0.34,0.33,0.0875,167729000,-76492000,-63438000,26576000,110023000,70998000,32.45,34.23,30.68,0.2141,0.0885,6.07,5.41,26.38,2.31,0.2701,0.3464,0.4163,0.0746,1.19,0.38,1.2688
2005-03-31,255384521,255384521,1,3798334000,1347008000,2266753000,1114902000,1531581000,0,0,1232494000,566636000,1069880000,74648000,74648000,0.29,0.29,0.0875,65593000,-80808000,27394000,12216000,83447000,58156000,33.14,35.08,31.2,0.2142,0.0882,6,5.44,27.85,2.22,0.2716,0.37,0.4032,0.0746,1.18,0.03,1.2082
2004-12-31,256756115,256756115,1,3716174000,1279066000,2153655000,939547000,1562519000,0,0,1220906000,645445000,1072535000,71242000,71242000,0.28,0.28,0.09,165687000,-86470000,-82250000,-866000,71231000,87292000,33.45,35.59,31.32,0.2151,0.0879,6.09,5.86,28.35,2.13,0.2734,0.4131,0.4205,0.0742,1.18,0.31,1.3614
2004-09-30,257706764,257706764,1,3549412000,1266545000,2078886000,967988000,1470526000,0,0,1156546000,611378000,1090316000,94947000,94947000,0.37,0.36,0.08,183647000,-56396000,-96436000,30851000,72097000,59414000,30.42,31.8,29.04,0.2228,0.0899,5.71,5.61,26.45,2.04,0.2685,0.4158,0.4143,0.0754,1.19,0.48,1.3084
2004-06-30,257440930,257440930,1,3412832000,1180606000,2018110000,909430000,1394722000,0,0,1119201000,611385000,1042711000,78293000,78293000,0.3,0.3,0.08,142587000,-67049000,-80111000,-5076000,41246000,60711000,29.86,31.77,27.95,0.2272,0.0909,5.42,5.7,27.15,1.96,0.2688,0.4384,0.4087,0.0755,1.2,0.32,1.2982
2004-03-31,256956940,256956940,1,3451174000,1185278000,2105518000,975093000,1345656000,0,0,1138567000,620642000,979371000,66006000,66006000,0.26,0.25,0.08,90543000,-183676000,53372000,-39304000,46322000,68454000,27.37,28.61,26.12,0.2248,0.0896,5.24,5.43,25.82,1.88,0.273,0.4612,0.3899,0.0745,1.2,0.09,1.2156
2003-12-31,257215105,257215105,1,3228918000,1150340000,1933492000,851942000,1295426000,0,0,1001070000,604441000,956466000,67436000,67436000,0.26,0.27,0.08,130317000,-64201000,-48490000,18664000,85626000,63386000,26.52,27.89,25.15,0.2229,0.0893,5.04,5.55,27.48,1.8,0.2781,0.4666,0.4012,0.0737,1.21,0.26,1.3503
2003-09-30,257651933,257651933,1,3064847000,1155888000,1833003000,869401000,1231844000,0,0,942834000,573963000,982766000,87439000,87439000,0.34,0.33,0.0725,178413000,-36840000,-103924000,36390000,66962000,51045000,25.29,26.8,23.78,0.215,0.0851,4.78,5.25,27.79,1.72,0.2251,0.4659,0.4019,0.0697,1.22,0.49,1.3295
2003-06-30,259731733,259731733,1,3120935000,1139961000,1868584000,870284000,1252351000,0,0,990843000,601981000,946735000,67155000,67155000,0.26,0.25,0.0725,155908000,-53408000,-130061000,-25982000,30572000,51399000,26.07,27.92,24.21,0.21,0.0821,4.82,5.72,30.31,1.65,0.2345,0.4807,0.4013,0.0671,1.22,0.4,1.3099
2003-03-31,131395820,262791640,2,3010709000,1099636000,1812777000,870204000,1197932000,0,0,939109000,569296000,875852000,55318000,55318000,0.42,0.42,0.145,64561000,-62631000,4496000,7349000,56554000,46205000,24.54,26,23.08,0.2093,0.08,4.56,5.8,30.67,1.58,0.2445,0.4752,0.3979,0.0647,1.24,0.07,1.2637
2002-12-31,130143441,260286882,2,2878429000,1015937000,1778678000,866350000,1099751000,0,0,884370000,539743000,883380000,47104000,47104000,0.37,0.35,0.01,55366000,-109927000,8460000,-46257000,49205000,67298000,22.95,25.2,20.71,0.208,0.0774,4.23,5.65,29.61,1.51,0.2558,0.4908,0.3821,0.0616,1.26,-0.05,1.1727
2002-09-30,129566265,259132530,2,2765582000,1072627000,1712893000,842348000,1052689000,0,0,832569000,539636000,894866000,72082000,72082000,0.56,0.55,0.135,147743000,-47220000,-56676000,44670000,95462000,46966000,21.39,24.51,18.27,0.2107,0.0767,4.06,5.69,29.71,1.5,0.2669,0.5126,0.3806,0.0652,1.18,0.39,1.2734
2002-06-30,129339626,258679252,2,2651634000,996071000,1679653000,840132000,971981000,0,0,808076000,525251000,839230000,51661000,51661000,0.4,0.4,0.135,133389000,-50755000,-60346000,20560000,50792000,52412000,22.63,24,21.25,0.2054,0.0777,3.76,6.41,32.1,1.43,0.2835,0.5404,0.3666,0.0664,1.17,0.31,1.1856
2002-03-31,128964836,257929672,2,2545206000,947249000,1634838000,830825000,910368000,0,0,769312000,505916000,786109000,38923000,38923000,0.3,0.3,0.135,86828000,-65382000,-35182000,-11561000,30232000,46081000,21.69,23.94,19.43,0.2106,0.0839,3.53,6.34,29.92,1.37,0.2843,0.5557,0.3577,0.0714,1.18,0.16,1.1401
2001-12-31,128585276,257170552,2,2525000000,929583000,1644648000,827952000,880352000,0,0,775876000,512280000,561777000,38302000,38302000,0.3,0.3,0.01,128832000,-495271000,317991000,-48052000,41793000,39403000,18.81,20.52,17.1,0.2244,0.095,3.42,5.58,23.96,1.3,0.2717,0.5819,0.3487,0.0799,1.19,0.35,1.1227
2001-09-30,127842607,255685214,2,1859917000,706009000,997350000,549847000,862567000,0,0,0,246706000,616231000,57261000,57261000,0.45,0.44,0.13,107210000,-41898000,-28903000,36700000,89845000,37525000,17.63,21,14.25,0.2534,0.1151,3.37,5.53,22.18,1.29,0.3244,0.286,0.4638,0.0867,1.33,0.27,1.284
2001-06-30,127915535,255831070,2,1777770000,654795000,961084000,526718000,816686000,0,0,0,245888000,595808000,48193000,48193000,0.38,0.37,0.13,74392000,-44444000,-15286000,14457000,53145000,44846000,19.89,21.6,18.18,0.2669,0.1191,3.19,6.4,25.18,1.23,0.313,0.3011,0.4594,0.0886,1.34,0.12,1.2432
2001-03-31,127584039,255168078,2,1761952000,634170000,967582000,531856000,794370000,0,0,0,237191000,580907000,44414000,44414000,0.35,0.34,0.13,54047000,-43101000,-16289000,-5277000,38688000,36163000,20.52,22.09,18.94,0.2729,0.1215,3.11,6.91,26.31,1.16,0.3065,0.2986,0.4508,0.0897,1.35,0.07,1.1924
2000-12-31,127288500,254577000,2,1714011000,600568000,957004000,532034000,757007000,0,0,0,234377000,566676000,54768000,54768000,0.43,0.42,0.13,79443000,-19202000,-58637000,-1110000,43965000,39806000,19.94,22.84,17.03,0.2711,0.1227,2.97,6.81,26.95,1.1,0.3042,0.3096,0.4417,0.091,1.35,0.16,1.1288
2000-09-30,127014480,254028960,2,1724379000,644608000,979167000,634737000,745212000,0,0,0,161717000,600666000,60338000,60338000,0.47,0.46,0.12,99907000,-66025000,-19904000,14943000,45075000,38489000,18.31,20,16.63,0.2544,0.1176,2.93,6.25,25.61,1.03,0.3187,0.217,0.4322,0.0875,1.34,0.24,1.0156
2000-06-30,128037303,256074606,2,1646473000,586242000,895810000,561932000,750663000,0,0,0,161802000,570711000,48409000,48409000,0.38,0.36,0.12,88907000,-44751000,-36708000,7368000,30132000,38791000,19.05,20.63,17.47,0.2473,0.1169,2.93,6.27,27.41,0.97,0.319,0.2155,0.4559,0.0869,1.34,0.2,1.0433
2000-03-31,129658718,259317436,2,1632754000,576021000,844466000,495799000,788288000,0,0,0,171382000,526260000,42612000,42612000,0.33,0.32,0.12,47229000,-72739000,14000,-24984000,22764000,32923000,17.19,20.38,14,0.2441,0.1157,3.04,5.85,25.85,0.91,0.3181,0.2174,0.4828,0.0866,1.34,0.06,1.1618
1999-12-31,129652991,259305982,2,1585946000,577321000,823930000,470674000,762016000,0,0,0,169014000,515781000,42343000,42343000,0.34,0.34,0.12,94533000,-43885000,-29056000,21271000,47748000,43610000,17.94,19.63,16.25,0.242,0.113,2.94,6.23,27.39,0.85,0.3207,0.2218,0.4805,0.0845,1.34,0.2,1.2266
1999-09-30,129580163,259160326,2,1583039000,584523000,836906000,479693000,746133000,0,0,0,184327000,554511000,55021000,55021000,0.42,0.41,0.105,97185000,-37597000,-62828000,-3438000,26477000,37969000,18.89,21.94,15.84,0.2437,0.1131,2.88,6.89,24.69,0.79,0.3114,0.247,0.4713,0.0843,1.34,0.23,1.2185
1999-06-30,129470123,258940246,2,1534721000,554799000,826045000,426873000,708676000,0,0,0,237573000,520416000,43384000,43384000,0.33,0.32,0.105,56612000,-30116000,-22390000,4497000,29915000,34706000,19.78,22.22,17.34,0.2955,0.1358,2.74,7.44,26.55,0.74,0.2589,0.3352,0.4618,0.1017,1.34,0.08,1.2997
1999-03-31,129642171,259284342,2,1518957000,537965000,830104000,421550000,688853000,0,0,0,247838000,489304000,35038000,35038000,0.27,0.26,0.105,45164000,-62878000,15161000,-3007000,25418000,29337000,18.97,20.63,17.31,0.3028,0.135,2.66,7.13,25.99,0.69,0.2598,0.3598,0.4535,0.1015,1.33,0.06,1.2762
1998-12-31,129597754,259195508,2,1470995000,503514000,780454000,399791000,690541000,0,0,0,227041000,483367000,39217000,39217000,0.3,0.32,0.1,66681000,-45309000,-36372000,-13967000,28425000,39864000,16.03,19,13.06,0.3132,0.135,2.66,6.34,23.06,0.64,0.2587,0.3288,0.4694,0.102,1.32,0.1,1.2594
1998-09-30,129374763,258749526,2,1446078000,520571000,790893000,444286000,655185000,0,0,0,191971000,500037000,85012000,85012000,0.66,0.63,0.095,98298000,-26970000,-55010000,15150000,42392000,39595000,15.06,16.56,13.56,0.3236,0.1329,2.53,6.88,28.28,0.59,0.2651,0.293,0.4531,0.1027,1.29,0.23,1.1717
1998-06-30,129641053,259282106,2,1398811000,499269000,831703000,412760000,567108000,0,0,0,240382000,468460000,37689000,37689000,0.29,0.28,0.095,31053000,-37448000,15665000,8618000,27242000,39929000,15.29,16.5,14.09,0.2603,0.1047,2.19,7.21,29.69,0.54,0.3338,0.4239,0.4054,0.0813,1.29,-0.03,1.2096
1998-03-31,128752964,257505928,2,1387712000,488930000,842312000,390506000,545400000,0,0,0,248047000,436362000,30588000,30588000,0.24,0.23,0.095,39610000,-52058000,-29171000,-42545000,18624000,28243000,14.06,14.81,13.31,0.2557,0.1049,2.12,6.57,28.26,0.49,0.3313,0.4548,0.393,0.0812,1.29,0.04,1.252
1997-12-31,129035624,258071248,2,1416299000,509501000,864598000,404464000,551701000,0,0,0,259384000,421909000,34368000,34368000,0.26,0.25,0.1,85605000,-136697000,46470000,-5803000,61169000,38496000,12.77,14,11.53,0.2515,0.1057,2.14,6.17,26.06,0.44,0.3283,0.4702,0.3895,0.0817,1.29,0.18,1.2597
1997-09-30,64538541,258154164,4,1263468000,468014000,728476000,372228000,534992000,0,0,0,148934000,432873000,40489000,40489000,0.63,0.61,0.16,69035000,-73573000,1523000,-3578000,66972000,28736000,11.55,12.47,10.64,0.2478,0.107,2.07,5.63,24.32,0.39,0.3188,0.2784,0.4234,0.0808,1.32,0.16,1.2573
1997-06-30,64773630,259094520,4,1208374000,455683000,676410000,323333000,531964000,0,0,0,149196000,411810000,32894000,32894000,0.51,0.49,0.16,53753000,-35599000,-11702000,7040000,70550000,29290000,10.77,12.02,9.53,0.2429,0.1047,2.05,5.47,23.41,0.35,0.3211,0.2805,0.4402,0.0797,1.31,0.09,1.4093
1997-03-31,64878010,259512040,4,1179771000,437822000,668216000,319173000,511555000,0,0,0,148403000,373760000,26204000,26204000,0.4,0.39,0.16,26705000,-30848000,-1194000,-5765000,63510000,25145000,9.42,9.78,9.06,0.2405,0.1018,1.97,4.69,21.53,0.31,0.3239,0.2901,0.4336,0.0783,1.3,0.01,1.3717
1996-12-31,64800000,259200000,4,1208409000,435507000,688446000,327771000,519963000,0,0,0,148683000,391028000,30414000,30414000,0.47,None,0.16,77579000,-42223000,-17375000,17594000,69275000,29500000,9.13,9.88,8.38,0.234,0.0973,2.01,4.76,21.87,0.27,0.3305,0.2859,0.4303,0.076,1.28,0.19,1.3287
1996-09-30,64545900,258183600,4,1181318000,403136000,685840000,310602000,495478000,0,0,0,163814000,392065000,35528000,35528000,0.55,None,0.14,96872000,-31816000,-45116000,20003000,51681000,29478000,7.91,8.44,7.38,0.2305,0.0958,1.92,4.37,20.03,0.23,0.3344,0.3306,0.4194,0.0745,1.29,0.26,1.2979
1996-06-30,64314319,257257276,4,1134296000,400807000,669830000,295562000,464466000,0,0,0,163875000,373196000,27598000,27598000,0.43,None,0.14,45120000,-25494000,-5636000,13644000,31678000,26977000,7.93,8.47,7.38,0.2259,0.094,1.81,4.48,20.73,0.2,0.3436,0.3528,0.4095,0.0727,1.29,0.07,1.3561
1996-03-31,64272684,257090736,4,1126895000,387411000,671770000,299500000,455125000,0,0,0,163842000,333720000,19645000,19645000,0.3,None,0.14,34698000,-65061000,23594000,-6684000,18034000,25563000,7.71,8.15,7.28,0.2278,None,1.77,4.36,20.56,0.16,0.3401,0.36,0.4039,0.0736,1.29,0.04,1.2935
1995-12-31,64507350,258029400,4,1060880000,358072000,604222000,310538000,456658000,0,0,0,89402000,349388000,25079000,25079000,0.39,None,0.14,53897000,-45343000,-11750000,-2964000,24718000,35429000,7.38,7.94,6.81,0.2216,None,1.77,4.39,None,0.13,0.3392,0.1958,0.4305,0.074,1.29,0.07,1.1531
1995-09-30,64628051,258512204,4,1027446000,356493000,593952000,277556000,433494000,0,0,0,103952000,348519000,29877000,29877000,0.46,None,0.125,60320000,-25073000,-27867000,7349000,27682000,25368000,6.54,7.03,6.06,None,None,1.68,4.04,None,0.09,None,0.2398,0.4219,None,None,0.14,1.2844
1995-06-30,64415414,257661656,4,1015868000,343789000,597300000,259989000,418568000,0,0,0,130150000,333414000,25838000,25838000,0.38,None,0.125,24510000,-25072000,-70602000,-71159000,20333000,26876000,6,6.38,5.63,None,None,1.62,3.39,None,0.06,None,0.3109,0.412,None,None,-0.01,1.3223
1995-03-31,67891450,271565800,4,1049843000,405134000,568150000,257857000,481693000,0,0,0,105185000,309560000,18395000,18395000,0.27,None,0.125,27736000,-28039000,-6411000,-6763000,91492000,22221000,5.61,6.22,5,None,None,1.77,3.3,None,0.03,None,0.2184,0.4588,None,None,0.02,1.5712
1994-12-31,67837646,271350584,4,1020356000,401179000,558548000,253665000,461808000,0,0,0,105393000,None,None,None,None,None,0,None,None,None,None,98255000,0,5.15,5.5,4.81,None,None,1.7,None,None,0,None,0.2282,0.4526,None,None,None,1.5815
