"Quarter end","Shares","Shares split adjusted","Split factor","Assets","Current Assets","Liabilities","Current Liabilities","Shareholders equity","Non-controlling interest","Preferred equity","Goodwill & intangibles","Long-term debt","Revenue","Earnings","Earnings available for common stockholders","EPS basic","EPS diluted","Dividend per share","Cash from operating activities","Cash from investing activities","Cash from financing activities","Cash change during period","Cash at end of period","Capital expenditures","Price","Price high","Price low","ROE","ROA","Book value of equity per share","P/B ratio","P/E ratio","Cumulative dividends per share","Dividend payout ratio","Long-term debt to equity ratio","Equity to assets ratio","Net margin","Asset turnover","Free cash flow per share","Current ratio"
2017-03-31,183640008,183640008,1,4227100000,2817300000,4619900000,1308800000,-431100000,38300000,0,157000000,2973300000,883500000,119900000,119200000,0.65,0.65,0,196400000,-48400000,-74600000,81500000,1876900000,48400000,79.22,89.19,69.25,None,0.1432,-2.35,None,27.13,9.99,0.386,None,None,0.1609,0.89,0.81,2.1526
2016-12-31,183429210,183429210,1,4087700000,2706600000,4559800000,1244200000,-512700000,40600000,0,154900000,2976200000,901600000,167800000,167100000,0.91,0.9,0.41,180900000,-38700000,-173700000,-47800000,1795400000,38700000,76.08,81.91,70.25,None,0.1335,-2.8,None,28.28,9.99,0.5612,None,None,0.145,0.92,0.78,2.1754
2016-09-30,184723441,184723441,1,4193700000,2805700000,4632400000,1250000000,-478500000,39800000,0,160000000,3008400000,937500000,149300000,148700000,0.8,0.8,0.4125,234600000,-29400000,-77000000,127200000,1843200000,29400000,85.33,94.4,76.26,None,0.1244,-2.59,None,32.08,9.58,0.6079,None,None,0.1321,0.94,1.11,2.2446
2016-06-30,184658800,184658800,1,4028600000,2619900000,4548000000,1160500000,-562100000,42700000,0,164700000,3021900000,941500000,155100000,154500000,0.83,0.83,0.4125,116000000,-25100000,-71900000,13700000,1716000000,25100000,86.77,92.01,81.53,None,0.1292,-3.04,None,32.99,9.17,0.6108,None,None,0.1323,0.97,0.49,2.2576
2016-03-31,186663922,186663922,1,4016800000,2634400000,4609200000,1242300000,-635400000,43000000,0,170500000,3012600000,962100000,72700000,72400000,0.39,0.39,0.4125,160100000,-55500000,-77000000,900000,1702300000,55500000,75.39,85.25,65.53,None,0.1317,-3.4,None,23.13,8.75,0.6156,None,None,0.1313,1,0.56,2.1206
2015-12-31,186454092,186454092,1,3998100000,2602400000,4590600000,1253300000,-632300000,39800000,0,180900000,2981000000,967000000,128000000,127500000,0.68,0.67,0.41,301000000,-48400000,87200000,337900000,1701400000,48400000,76.9,84.49,69.31,None,0.1674,-3.39,43.2,22.82,8.34,0.4985,None,None,0.1601,1.04,1.35,2.0764
2015-09-30,197133005,197133005,1,3777900000,2435200000,3385700000,1193600000,351500000,40700000,0,212000000,1839300000,977500000,155200000,154700000,0.77,0.77,0.4125,152400000,-45200000,-192400000,-111600000,1363500000,45200000,80.55,91.89,69.2,None,0.1777,1.78,21.6,22.88,7.93,0.4739,5.2327,0.093,0.1625,1.09,0.54,2.0402
2015-06-30,202739249,202739249,1,3959100000,2616700000,3161000000,1229700000,757100000,41000000,0,223200000,1506200000,1032400000,162900000,162600000,0.8,0.8,0.4125,182000000,-33700000,-101300000,41200000,1475100000,33700000,96.8,104.34,89.26,None,0.1871,3.73,29.33,27.19,7.52,0.4445,1.9894,0.1912,0.1658,1.13,0.73,2.1279
2015-03-31,202552651,202552651,1,3884700000,2538900000,3136500000,1200000000,667500000,80700000,0,231000000,1511900000,1094400000,207400000,207000000,1.02,1.02,0.4125,274500000,-45900000,-80300000,136200000,1433900000,45900000,101.27,105.45,97.09,None,0.1875,3.3,35.66,28.61,7.11,0.4285,2.265,0.1718,0.1648,1.14,1.13,2.1157
2014-12-31,202302233,202302233,1,3776500000,2418100000,3126700000,1206500000,574300000,75500000,0,238100000,1503900000,1094200000,158400000,158000000,0.77,0.78,0.37,228800000,-42600000,-62100000,102500000,1297700000,42600000,97.12,104.89,89.34,None,0.1904,2.84,38.54,27.67,6.69,0.422,2.6187,0.1521,0.163,1.17,0.92,2.0042
2014-09-30,202030074,202030074,1,3691800000,2336800000,3106900000,1237100000,509300000,75600000,0,248300000,1496800000,1090700000,187600000,187300000,0.93,0.92,0.375,260600000,-49300000,-594200000,-391100000,1195200000,49300000,94.83,98.5,91.15,None,0.1929,2.52,44.11,28.06,6.32,0.4162,2.9389,0.138,0.1631,1.18,1.05,1.8889
2014-06-30,202165599,202165599,1,4112500000,2772200000,3608300000,1743700000,434100000,70100000,0,257800000,1502100000,1111100000,171400000,171100000,0.85,0.84,0.375,106400000,-31800000,418400000,496300000,1586300000,31800000,87.33,93.43,81.23,None,0.1902,2.15,51.07,26.15,5.95,0.4216,3.4603,0.1056,0.1587,1.2,0.37,1.5898
2014-03-31,202100674,202100674,1,3541200000,2238400000,3128700000,1780900000,345900000,66600000,0,261700000,1008700000,1113300000,202400000,202100000,1,1,0.38,197600000,-58700000,-87600000,39200000,1090000000,62700000,79.12,85,73.23,None,0.1991,1.71,54.57,24.8,5.57,0.417,2.9162,0.0977,0.1586,1.25,0.67,1.2569
2013-12-31,201660776,201660776,1,3474100000,2118100000,3123900000,1781300000,291800000,58400000,0,294300000,1009100000,1060700000,153200000,153000000,0.75,0.75,0.34,214600000,-62500000,-83400000,65600000,1050800000,62500000,80.16,86.63,73.69,None,0.1941,1.45,77.08,25.94,5.19,0.424,3.4582,0.084,0.1543,1.26,0.75,1.1891
2013-09-30,201985119,201985119,1,3355700000,2080700000,3089500000,1230400000,210200000,56000000,0,316100000,1516800000,1046800000,161600000,161300000,0.8,0.79,0.34,192200000,-61300000,-152100000,-18700000,985200000,59900000,73.89,80.98,66.8,None,0.1915,1.04,102.63,24.71,4.85,0.4245,7.216,0.0626,0.1527,1.25,0.65,1.6911
2013-06-30,202387505,202387505,1,3278800000,2045500000,3078000000,1242600000,146700000,54100000,0,332300000,1518900000,1055300000,162200000,161900000,0.8,0.8,0.34,191900000,-39300000,-156100000,-13300000,1003900000,38700000,80.66,86.87,74.44,None,0.1881,0.72,218,26.89,4.51,0.4266,10.3538,0.0447,0.1521,1.23,0.76,1.6461
2013-03-31,202474989,202474989,1,3275500000,2055900000,3147500000,1316900000,74900000,53100000,0,350800000,1521100000,1037900000,172500000,172100000,0.85,0.85,0.34,207900000,-77400000,-154100000,-24900000,1017200000,76700000,73.21,81.04,65.38,None,0.1939,0.37,813.44,24.82,4.17,0.4116,20.3084,0.0229,0.1547,1.25,0.65,1.5612
2012-12-31,202520860,202520860,1,3258200000,2015000000,3192900000,1369900000,18700000,46600000,0,400500000,1523200000,981100000,134200000,133900000,0.66,0.65,0.3,252600000,-40400000,-130800000,83700000,1042100000,37400000,67.76,74.25,61.27,None,0.1977,0.09,521.23,24.91,3.83,0.4045,81.4545,0.0057,0.1546,1.28,1.06,1.4709
2012-09-30,203023176,203023176,1,3145400000,1986300000,3068700000,1293900000,26500000,50200000,0,413900000,1525400000,921300000,140300000,140000000,0.69,0.69,0.3,172900000,-33100000,19800000,171100000,958400000,29800000,75.19,82.3,68.09,None,0.1894,0.13,None,27.54,3.53,0.4257,57.5623,0.0084,0.1448,1.31,0.7,1.5351
2012-06-30,203764676,203764676,1,2959800000,1827700000,2925700000,1142600000,-17400000,51500000,0,427400000,1527500000,1012300000,165800000,165400000,0.81,0.81,0.3,247800000,-19300000,-85400000,126600000,787300000,19300000,83.22,88.72,77.72,None,0.2006,-0.09,None,32.51,3.23,0.4082,None,None,0.1454,1.38,1.12,1.5996
2012-03-31,203890354,203890354,1,2866700000,1761300000,2895200000,1126100000,-75400000,46900000,0,440200000,1529700000,986600000,164200000,163800000,0.8,0.8,0.3,19400000,-136000000,-71100000,-179600000,660700000,29900000,77.16,83.95,70.38,None,0.1961,-0.37,None,31.24,2.93,0.4189,None,None,0.1396,1.4,-0.05,1.5641
2011-12-31,203662316,203662316,1,2766800000,1889700000,2934800000,1200100000,-179100000,11100000,0,209100000,1531900000,911300000,85600000,85500000,0.42,0.42,0.26,172900000,-36300000,-56600000,79000000,840300000,31600000,68.61,76.53,60.68,None,0.1967,-0.88,None,27.12,2.63,0.4181,None,None,0.1379,1.42,0.69,1.5746
2011-09-30,203564580,203564580,1,2580000000,1715900000,2724800000,1037600000,-152300000,7500000,0,208100000,1534100000,933900000,144700000,144300000,0.71,0.7,0.26,168200000,-27400000,-62500000,57600000,761300000,27400000,70.84,76.89,64.79,None,0.2119,-0.75,None,30.14,2.38,0.3916,None,None,0.146,1.45,0.69,1.6537
2011-06-30,203943499,203943499,1,2526100000,1669100000,2710600000,1016700000,-196700000,12200000,0,208000000,1535600000,932000000,132100000,131700000,0.64,0.64,0.26,92600000,-16400000,-85000000,-4900000,703700000,16400000,63.36,68.85,57.87,None,0.2037,-0.96,None,27.55,2.12,0.4083,None,None,0.1402,1.45,0.37,1.6417
2011-03-31,204342502,204342502,1,2465400000,1600500000,2715800000,1028200000,-262500000,12100000,0,204100000,1531100000,899800000,146100000,145600000,0.71,0.71,0.26,199100000,-32500000,-71100000,113000000,708600000,32500000,59.22,63.3,55.13,None,0.2101,-1.28,None,26.92,1.85,0.4024,None,None,0.1442,1.46,0.82,1.5566
2010-12-31,204587974,204587974,1,2293100000,1449000000,2651400000,976100000,-367400000,9100000,0,197800000,1532500000,803700000,99600000,99600000,0.48,0.48,0.22,165300000,-29000000,-40600000,93700000,595600000,29000000,59.48,63.38,55.58,None,0.2121,-1.8,None,29.45,1.59,0.4044,None,None,0.1441,1.47,0.67,1.4845
2010-09-30,204576337,204576337,1,2217600000,1351500000,2633300000,937000000,-423900000,8200000,0,194000000,1548400000,810200000,106100000,106100000,0.52,0.52,0.225,149300000,-49200000,-42600000,73700000,501900000,49200000,53.78,58.01,49.55,None,0.2006,-2.07,None,27.16,1.38,0.4291,None,None,0.1367,1.47,0.49,1.4424
2010-06-30,204547613,204547613,1,2032000000,1219000000,2541300000,861500000,-522800000,13500000,0,183800000,1524900000,764200000,121400000,121400000,0.59,0.59,0.225,55300000,-39500000,-45200000,-33900000,428200000,34000000,50.71,55.23,46.19,None,None,-2.56,None,24.74,1.15,0.4255,None,None,0.1389,1.46,0.1,1.415
2010-03-31,204518682,204518682,1,1996700000,1241600000,2580400000,921700000,-596400000,12700000,0,175700000,1501300000,763500000,125600000,125600000,0.61,0.61,0.225,144300000,-56900000,-178000000,-99000000,462100000,56900000,48.19,52.87,43.5,None,None,-2.92,None,24.22,0.92,0.4486,None,None,0.1456,1.46,0.43,1.3471
2009-12-31,204500000,204500000,1,2070300000,1336100000,2734600000,1100200000,-674900000,10600000,0,168000000,1484900000,714400000,64000000,64000000,0.3,0.3,0.2,159900000,-35500000,-165200000,-36300000,561100000,35500000,43.65,47.75,39.55,None,None,-3.3,None,None,0.7,0.3582,None,None,None,None,0.61,1.2144
2009-09-30,204500000,204500000,1,1964300000,1301000000,2661800000,798700000,-709200000,11700000,0,158600000,0,699800000,97600000,97600000,0.48,0.48,0.2,95400000,-16800000,-62900000,20500000,597400000,16800000,40.93,50.35,31.51,None,None,-3.47,None,None,0.5,None,None,None,None,None,0.38,1.6289
2009-06-30,204500000,204500000,1,1926400000,1276900000,2735100000,810400000,-819900000,11200000,0,117500000,0,719300000,134500000,134500000,0.66,0.66,0.3,225200000,-7200000,-5800000,218200000,576900000,7200000,29.74,33.76,25.72,None,None,-4.01,None,None,0.3,None,None,None,None,None,1.07,1.5756
2009-03-31,204500000,204500000,1,1707500000,1057100000,2604700000,677100000,-904900000,7700000,0,117500000,1784600000,693000000,103500000,103500000,0.55,0.55,0,96100000,-21800000,283000000,358700000,358700000,21800000,27.88,29.85,25.9,None,None,-4.42,None,None,0,None,None,None,None,None,0.36,1.5612
