"Quarter end","Shares","Shares split adjusted","Split factor","Assets","Current Assets","Liabilities","Current Liabilities","Shareholders equity","Non-controlling interest","Preferred equity","Goodwill & intangibles","Long-term debt","Revenue","Earnings","Earnings available for common stockholders","EPS basic","EPS diluted","Dividend per share","Cash from operating activities","Cash from investing activities","Cash from financing activities","Cash change during period","Cash at end of period","Capital expenditures","Price","Price high","Price low","ROE","ROA","Book value of equity per share","P/B ratio","P/E ratio","Cumulative dividends per share","Dividend payout ratio","Long-term debt to equity ratio","Equity to assets ratio","Net margin","Asset turnover","Free cash flow per share","Current ratio"
2019-03-31,105291000,105291000,1,23362000000,1110000000,21827000000,2010000000,1535000000,0,0,7747000000,16526000000,2101000000,-87000000,-87000000,-0.84,-0.84,0,282000000,-231000000,-286000000,-235000000,169000000,305000000,2.66,3.5,1.81,-0.43,-0.0313,14.58,0.18,None,170.1,None,10.7661,0.0657,None,0.36,-0.22,0.5522
2018-12-31,105303000,105303000,1,23659000000,1330000000,22059000000,2561000000,1600000000,0,0,7999000000,16358000000,2124000000,-219000000,-219000000,-2.07,-2.07,0,603000000,-244000000,-243000000,116000000,404000000,245000000,4.63,7.25,2.01,-0.3597,-0.0265,15.19,0.25,None,170.1,None,10.2238,0.0676,None,0.35,3.4,0.5193
2018-09-30,105549000,105549000,1,24033000000,1282000000,22090000000,2617000000,1943000000,0,0,8250000000,16402000000,2126000000,-426000000,-426000000,-4.11,-4.11,0,286000000,-315000000,-117000000,-146000000,288000000,329000000,5.68,6.84,4.52,-0.7153,-0.0591,18.41,0.25,None,170.1,None,8.4416,0.0808,None,0.35,-0.41,0.4899
2018-06-30,105810000,105810000,1,24730000000,1428000000,22329000000,3056000000,2401000000,0,0,8784000000,16209000000,2162000000,-18000000,-72000000,-0.92,-0.92,0,672000000,-328000000,-111000000,233000000,434000000,320000000,8.36,11.64,5.08,-0.4877,-0.042,22.69,0.28,None,170.1,None,6.7509,0.0971,None,0.35,3.33,0.4673
2018-03-31,80138000,80138000,1,24678000000,1202000000,22282000000,2659000000,2396000000,0,0,8927000000,16470000000,2199000000,20000000,-33000000,-0.44,-0.44,0,251000000,-289000000,-137000000,-175000000,201000000,287000000,8.09,9.59,6.59,-0.6601,-0.0656,29.9,0.28,None,170.1,None,6.874,0.0971,None,0.34,-0.45,0.452
2017-12-31,78408000,78408000,1,24884000000,1323000000,22610000000,2508000000,2274000000,0,0,9209000000,16970000000,2217000000,-1029000000,-1081000000,-13.94,-13.94,1.16,665000000,-304000000,-271000000,90000000,376000000,308000000,9.45,12.82,6.08,-0.5946,-0.0669,29,0.22,None,170.1,None,7.4626,0.0914,None,0.34,4.55,0.5275
2017-09-30,78458000,78458000,1,27076000000,1262000000,23666000000,1793000000,3410000000,0,0,11325000000,17604000000,2251000000,-38000000,-92000000,-1.19,-1.19,0.6,356000000,-266000000,-191000000,-101000000,286000000,166000000,14.93,18.21,11.65,-0.2705,-0.0172,43.46,0.33,None,168.94,None,5.1625,0.1259,None,0.33,2.42,0.7038
2017-06-30,78517000,78517000,1,27511000000,1425000000,23945000000,1979000000,3566000000,0,0,11488000000,17680000000,2304000000,-662000000,-716000000,-9.2,-9.21,0.04,529000000,-241000000,-242000000,46000000,387000000,263000000,24.68,32.85,16.5,-0.2591,-0.0184,45.42,0.45,None,168.34,None,4.9579,0.1296,None,0.34,3.39,0.7201
2017-03-31,1178069000,78537972,0.066667,28449000000,1384000000,24123000000,2080000000,4326000000,0,0,9772000000,17526000000,2356000000,-75000000,-129000000,-0.11,-0.11,0.04,300000000,-243000000,-238000000,-181000000,341000000,315000000,43.05,57.3,28.8,-0.102,0.0038,55.08,0.74,None,168.3,None,4.0513,0.1521,None,0.34,-0.19,0.6654
2016-12-31,1172525000,78168372,0.066667,29013000000,1656000000,24494000000,2444000000,4519000000,0,0,9674000000,17560000000,2409000000,292627000,-133000000,-0.11,-0.11,0.11,714000000,-8758000000,-209000000,-8253000000,522000000,299000000,55.95,65.4,46.5,-0.1198,-0,57.81,0.92,None,167.7,None,3.8858,0.1558,None,0.31,5.31,0.6776
2016-09-30,1173027000,78201839,0.066667,29045000000,1644000000,24288000000,2406000000,4757000000,0,0,9507000000,17434000000,2524000000,-80000000,-134000000,-0.12,-0.12,0.105,321000000,-420000000,-253000000,-352000000,331000000,403000000,69.67,78.3,61.05,-0.1309,-0.0184,60.83,1.08,None,166.05,None,3.6649,0.1638,None,0.28,-1.05,0.6833
2016-06-30,1173071000,78204772,0.066667,29456000000,1881000000,24394000000,3192000000,5062000000,0,0,9198000000,16923000000,2608000000,-27000000,-80000000,-0.07,-0.07,0.105,693000000,-1914000000,1404000000,183000000,683000000,350000000,77.4,86.25,68.55,-0.1146,-0.0163,64.73,1.15,None,164.47,None,3.3431,0.1718,None,0.25,4.39,0.5893
2016-03-31,1173076000,78205105,0.066667,26454000000,9576000000,21200000000,1734000000,5254000000,0,0,7166000000,15496000000,1355000000,-186000000,-240000000,-0.21,-0.21,0.105,-62000000,-167000000,-207000000,-436000000,500000000,207000000,72.45,87.75,57.15,-0.1005,-0.0177,67.18,1,None,162.9,None,2.9494,0.1986,None,0.22,-3.44,5.5225
2015-12-31,1168179000,77878638,0.066667,27084000000,10131000000,21470000000,1893000000,5614000000,0,0,7166000000,15508000000,1413000000,-223000000,-223000000,-0.13,-0.13,0.11,340000000,-215000000,-200000000,-75000000,936000000,185000000,74.32,82.05,66.6,-0.0729,-0.0134,72.09,0.99,None,161.32,None,2.7624,0.2073,None,0.24,1.99,5.3518
2015-09-30,1168212000,77880838,0.066667,27365000000,10195000000,21510000000,1428000000,5855000000,0,0,7166000000,16016000000,1424000000,-14000000,-81000000,-0.07,-0.07,0.105,345000000,-6850000000,6270000000,-235000000,1011000000,177000000,73.72,84.6,62.85,-0.0306,-0.0037,75.18,0.95,None,159.67,None,2.7354,0.214,None,0.25,2.16,7.1394
2015-06-30,1168207000,77880505,0.066667,21286000000,4088000000,15238000000,1408000000,6048000000,0,0,7234000000,9440000000,1368000000,-28000000,-28000000,-0.03,-0.03,0.105,367000000,-2068000000,2438000000,737000000,1246000000,178000000,92.7,112.5,72.9,-0.0054,-0.0012,77.66,1.77,154.5,158.1,None,1.5608,0.2841,None,0.27,2.43,2.9034
2015-03-31,1003308000,66887233,0.066667,18721000000,1408000000,15214000000,1440000000,3507000000,0,0,7213000000,9464000000,1371000000,-51000000,-51000000,-0.05,-0.05,0.105,249000000,-189000000,-233000000,-173000000,509000000,170000000,111.15,126.9,95.4,0.0114,0.0024,52.43,2.03,57,156.52,9.5266,2.6986,0.1873,0.0085,0.28,1.18,0.9778
2014-12-31,1002469000,66831300,0.066667,18974030000,1486092000,15316353000,1512076000,3657677000,0,0,7205357000,9485615000,1330305000,13946000,13946000,0.01,0.01,0.1,328006000,-687697000,233307000,-126384000,682134000,159402000,95.78,107.25,84.3,0.0343,0.0077,54.73,1.64,35.47,154.95,3.0167,2.5933,0.1928,0.0278,0.28,2.52,0.9828
2014-09-30,1002081000,66805433,0.066667,17639688000,2927349000,13747169000,1338369000,3892519000,0,0,6337719000,9185603000,1140874000,41993000,41993000,0.04,0.04,0.1,300947000,-1695231000,1401105000,6821000,808518000,152446000,96.45,108.6,84.3,0.047,0.0112,58.27,1.63,35.72,153.45,2.1456,2.3598,0.2207,0.0404,0.28,2.22,2.1873
2014-06-30,1002103000,66806900,0.066667,16179278000,1411255000,12236128000,1282254000,3943150000,0,0,6337719000,7650833000,1147265000,37680000,37680000,0.04,0.04,0.1,328255000,-158971000,-321828000,-152544000,801697000,125536000,86.33,91.5,81.15,0.0453,0.011,59.02,1.44,57.55,151.95,2.2228,1.9403,0.2437,0.0386,0.28,3.03,1.1006
2014-03-31,1002282000,66818833,0.066667,16468874000,1599414000,12471202000,1331876000,3997672000,0,0,6337719000,7762672000,1154046000,39274000,39274000,0.04,0.04,0.1,312864000,-133822000,-104840000,74202000,954241000,135059000,76.05,86.1,66,0.0262,0.0063,59.83,1.25,46.09,150.45,3.8483,1.9418,0.2427,0.0221,0.28,2.66,1.2009
2013-12-31,999462000,66630833,0.066667,16635484000,1618839000,12580003000,1301587000,4055481000,0,0,6337719000,7873667000,1180369000,67755000,67755000,0.06,0.06,0.1,420286000,-86446000,-114798000,219042000,880039000,150603000,68.85,75.3,62.4,0.0283,0.0068,60.86,1.17,76.5,148.95,3.5419,1.9415,0.2438,0.0237,0.29,4.05,1.2437
2013-09-30,999547000,66636499,0.066667,16493414000,1323536000,12587352000,1124891000,3906062000,0,0,6337719000,7887296000,1185278000,35400000,35400000,0.04,0.04,0.1,394634000,-167556000,-114711000,112367000,660997000,157560000,65.03,71.4,58.65,0.0175,0.0041,58.62,1.1,48.17,147.45,5.7109,2.0192,0.2368,0.0145,0.28,3.56,1.1766
2013-06-30,999723000,66648233,0.066667,16600066000,1276941000,12665061000,1148160000,3935005000,0,0,6337719000,7900922000,1190533000,-38460000,-38460000,-0.04,-0.04,0.1,321415000,-104182000,-545898000,-328665000,548630000,137513000,61.73,66.45,57,0.0248,0.0059,59.04,1.01,27.44,145.95,3.9329,2.0079,0.237,0.0208,0.28,2.76,1.1122
2013-03-31,997753000,66516899,0.066667,17009562000,1548155000,12939180000,915937000,4062464000,7918000,0,6337719000,8368729000,1205396000,48140000,48140000,0.05,0.05,0.1,359292000,-184309000,-624220000,-450623000,875909000,189009000,62.92,70.2,55.65,0.0377,0.0091,61.07,1.02,32.27,144.45,2.5271,2.06,0.2388,0.0319,0.28,2.56,1.6902
2012-12-31,998275000,66551699,0.066667,17733631000,2087203000,13614360000,1553520000,4107596000,11675000,0,7880458000,8381947000,1232553000,24879000,24879000,0.02,0.01,0.1,392188000,-107301000,-57844000,227043000,1326532000,177300000,68.03,74.7,61.35,0.032,0.0078,61.72,1.06,26.68,142.95,2.9229,2.0406,0.2316,0.0273,0.29,3.23,1.3435
2012-09-30,998445000,66563033,0.066667,17838486000,2129226000,13535086000,1520986000,4288045000,15355000,0,7968684000,8257599000,1252469000,67000000,67000000,0.07,0.07,0.1,402492000,-150629000,437612000,689475000,1099489000,195034000,65.55,77.25,53.85,0.0353,0.0088,64.42,1.01,36.42,141.45,3.1727,1.9257,0.2404,0.0304,0.29,3.12,1.3999
2012-06-30,998525000,66568366,0.066667,17145595000,1298779000,12813971000,1539552000,4314895000,16729000,0,8057153000,7670517000,1258777000,17989000,17989000,0.02,0.02,0.1,375280000,-152263000,-178817000,44200000,410014000,151820000,56.25,66.6,45.9,0.0238,0.0062,64.82,0.85,28.85,139.95,5.403,1.7777,0.2517,0.0209,0.29,3.36,0.8436
2012-03-31,998448000,66563233,0.066667,17218250000,1217176000,12818270000,1576217000,4387261000,12719000,0,8155620000,7614392000,1268054000,26768000,26768000,0.03,0.03,0.1,382513000,-224746000,-118047000,39720000,365814000,224253000,68.85,80.55,57.15,0.0259,0.007,65.91,1.03,30.6,138.45,5.5266,1.7356,0.2548,0.0232,0.3,2.38,0.7722
2011-12-31,995050000,66336699,0.066667,17460768000,1270030000,12991634000,1183216000,4455137000,13997000,0,8302224000,8205841000,1283152000,42247000,42247000,0.05,0.05,0.19,300027000,-85698000,-94052000,120277000,326094000,111792000,83.92,96,71.85,0.0308,0.0085,67.16,1.17,37.3,136.95,5.0685,1.8419,0.2552,0.0282,0.3,2.84,1.0734
2011-09-30,995127000,66341833,0.066667,17493767000,969746000,12717179000,1168142000,4761592000,14996000,0,8511693000,8151081000,1290939000,20395000,19481000,0.02,0.02,0.1875,408423000,-249024000,-186254000,-26855000,205817000,222530000,107.4,123.45,91.35,0.0302,0.0086,71.77,1.45,44.75,134.1,4.9714,1.7118,0.2722,0.0283,0.3,2.8,0.8302
2011-06-30,995216000,66347766,0.066667,17662571000,1046255000,12728326000,1308725000,4921174000,13071000,0,8636898000,7988813000,1322255000,32261000,31306000,0.03,0.03,0.1875,350117000,-215631000,-261196000,-126710000,232672000,210505000,125.1,134.55,115.65,0.0312,0.009,74.17,1.64,34.75,131.29,4.6745,1.6234,0.2786,0.0295,0.3,2.1,0.7994
2011-03-31,995219000,66347966,0.066667,17778523000,1176888000,12697513000,1410256000,5068022000,12988000,0,8631660000,7986248000,1346697000,54711000,54711000,0.05,0.05,0.1875,514114000,-212319000,-193676000,108119000,359382000,203534000,131.4,147.6,115.2,0.0414,0.0108,76.39,1.68,26.55,128.47,3.9018,1.5758,0.2851,0.0354,0.31,4.68,0.8345
2010-12-31,993778000,66251899,0.066667,17890230000,1128419000,12680487000,1439357000,5196740000,13003000,0,8783389000,7983693000,1358721000,45085000,45085000,0.05,0.05,0.19,336010000,-244371000,-191441000,-99802000,251263000,148864000,134.55,146.7,122.4,0.0551,0.0123,78.44,1.68,32.04,125.66,3.48,1.5363,0.2905,0.0402,0.31,2.82,0.784
2010-09-30,993874000,66258299,0.066667,17994938000,1136249000,12660959000,1327899000,5321606000,12373000,0,8901365000,8181603000,1402968000,28995000,28995000,0.03,0.03,0.1875,568600000,-248229000,-200461000,119910000,351065000,238674000,114.45,124.5,104.4,0.0726,0.0117,80.32,9.13,18.17,122.81,3.7297,1.5374,0.2957,0.0381,0.31,4.98,0.8557
2010-06-30,311137000,20742477,0.066667,6795822000,640310000,6524289000,363769000,259848000,11685000,0,2861945000,4798822000,516137000,35121000,35121000,0.11,0.11,0.25,194418000,-211891000,-82467000,-99940000,231155000,23744000,115.88,125.7,106.05,0.4158,0.0199,12.53,7.87,19.31,120,2.2877,18.4678,0.0382,0.0655,0.3,8.23,1.7602
2010-03-31,313391000,20892743,0.066667,6793623000,626928000,6485994000,326047000,307629000,0,0,2875797000,4796474000,519849000,43472000,43472000,0.14,0.14,0.25,123152000,-69464000,-81286000,-27598000,331095000,69606000,114.38,120.3,108.45,0.3479,0.0187,14.72,7.27,20.07,116.25,2.4101,15.5917,0.0453,0.0618,0.3,2.56,1.9228
2009-12-31,312284000,20818943,0.066667,6878255000,680080000,6550644000,392677000,327611000,0,0,2889850000,4794129000,520980000,5170000,5170000,-0,-0,0.25,252099000,-91743000,-237818000,-77462000,358693000,91465000,117.68,128.55,106.8,0.2958,0.0178,15.74,5.86,16.01,112.5,2.5356,14.6336,0.0476,0.0582,0.31,7.72,1.7319
2009-09-30,312327757,20821860,0.066667,6998414000,788590000,6580345000,359129000,418069000,0,0,2903902000,4897535000,526816000,52746000,52746000,0.17,0.17,0.25,160291000,-53813000,-124425000,-17947000,436155000,54136000,105.22,114,96.45,0.3281,0.022,20.08,5,14.92,108.75,2.0491,11.7147,0.0597,0.071,0.31,5.1,2.1958
2009-06-30,312360048,20824013,0.066667,7018184000,759021000,6580128000,358726000,438056000,0,0,2917955000,4944989000,532142000,28310000,28310000,0.09,0.09,0.25,183255000,-55322000,148738000,276671000,454102000,55792000,110.85,122.4,99.3,0.2716,0.0212,21.04,4.79,13.44,105,2.1277,11.2885,0.0624,0.0674,0.32,6.12,2.1159
2009-03-31,312356567,20823781,0.066667,6800285000,465121000,6318313000,325757000,481972000,0,0,2957726000,4720713000,537956000,36955000,36955000,0.12,0.12,0.25,147075000,-54414000,-78857000,13804000,177431000,54572000,106.43,133.05,79.8,0.2729,0.0252,23.15,4.26,12.45,101.25,1.7971,9.7946,0.0709,0.0789,0.32,4.44,1.4278
2008-12-31,311311000,20754077,0.066667,6888676000,467959000,6369631000,382775000,519045000,0,0,3001997000,4721685000,547392000,34298000,34298000,0.12,0.11,0.25,242176000,-76472000,-93163000,72541000,163627000,84065000,136.13,177,95.25,0.2428,0.0262,25.01,3.93,14.18,97.5,1.7284,9.0969,0.0753,0.0817,0.32,7.62,1.2225
2008-09-30,311315997,20754410,0.066667,6880726000,369799000,6161078000,357267000,719648000,0,0,3047118000,4745161000,557871000,46995000,46995000,0.15,0.15,0.25,158235000,-81303000,-164720000,-87788000,91086000,80476000,180.6,194.1,167.1,0.2378,0.0293,34.67,4.58,19.11,93.75,1.5422,6.5937,0.1046,0.0915,0.32,3.75,1.0351
2008-06-30,315956718,21063791,0.066667,7013229000,448727000,6182980000,372532000,830249000,0,0,3089227000,4746612000,562550000,55778000,55778000,0.17,0.17,0.25,197344000,-77668000,-168436000,-48760000,178874000,75737000,164.78,179.4,150.15,0.2178,0.0289,39.42,3.79,18.94,90,1.5589,5.7171,0.1184,0.0909,0.32,5.77,1.2045
2008-03-31,324241946,21616140,0.066667,7128601000,494527000,6188813000,368768000,939788000,0,0,3137959000,4747265000,569205000,45589000,45589000,0.14,0.14,0.25,141511000,-47332000,-93011000,1168000,227634000,47986000,169.43,192.6,146.25,0.1827,0.0263,43.48,3.71,17.38,86.25,1.7113,5.0514,0.1318,0.0837,0.31,4.33,1.341
2007-12-31,327762000,21850810,0.066667,7256069000,524154000,6258170000,445891000,997899000,0,0,3182294000,4736897000,577228000,59013000,59013000,0.18,0.18,0.25,268419000,-175391000,-114000000,-20972000,226466000,113152000,199.27,218.1,180.45,0.1869,0.0283,45.67,4.15,19.83,82.5,1.5564,4.7469,0.1375,0.0938,0.3,7.11,1.1755
2007-09-30,327774555,21851647,0.066667,7337423000,533798000,6288311000,406807000,1049112000,0,0,3289454000,4725376000,575814000,47415000,47415000,0.14,0.14,0.25,203894000,-93793000,-280763000,-170662000,247438000,90872000,210.9,234.3,187.5,0.1887,0.0294,48.01,3.87,15.12,78.75,1.5158,4.5042,0.143,0.0991,0.3,5.17,1.3122
2007-06-30,338434462,22562308,0.066667,7527748000,695475000,6297979000,437373000,1229769000,0,0,3336287000,4698583000,578826000,40559000,40559000,0.12,0.12,0.25,178109000,-71481000,-726257000,-619629000,418100000,66658000,231.38,240.75,222,0.2621,0.0418,54.51,4.01,13.77,75,1.1022,3.8207,0.1634,0.14,0.3,4.94,1.5901
2007-03-31,342417357,22827835,0.066667,8229317000,1317225000,6912875000,993504000,1316442000,0,0,3388918000,4755148000,556147000,67667000,67667000,0.21,0.21,0.25,171261000,-694047000,519409000,-3377000,1037729000,45111000,221.25,233.7,208.8,0.3379,0.0528,57.67,4.5,13.92,71.25,0.9037,3.6121,0.16,0.1744,0.3,5.53,1.3258
2006-12-31,322538000,21502544,0.066667,6791205000,1272993000,5733173000,425643000,1058032000,0,0,2350104000,4460755000,504396000,63911000,63911000,0.2,0.2,0.25,255385000,-94136000,467920000,629169000,1041106000,105450000,214.72,224.25,205.2,0.3481,0.0541,49.2,4.69,13.01,67.5,0.9362,4.2161,0.1558,0.1701,0.32,6.97,2.9908
2006-09-30,321895531,21459712,0.066667,6215593000,657697000,5232317000,383968000,983276000,0,0,2385413000,3947664000,507198000,128459000,128459000,0.4,0.4,0.25,194282000,182677000,-101170000,275789000,417105000,65072000,200.18,214.65,185.7,0.3626,0.0569,45.82,4.63,16.48,63.75,0.9066,4.0148,0.1582,0.1721,0.33,6.02,1.7129
2006-06-30,320833416,21388905,0.066667,6145297000,536683000,5220899000,426083000,924398000,0,0,2417008000,3950556000,506912000,101702000,101702000,0.32,0.31,0.25,224156000,4278000,-371555000,-143121000,141316000,54519000,195.07,206.4,183.75,0.2601,0.0422,43.22,4.25,20.64,60,1.2233,4.2737,0.1504,0.1269,0.33,7.93,1.2596
2006-03-31,324961334,21664099,0.066667,6344116000,677913000,5350231000,591859000,993885000,0,0,2448603000,3975470000,506861000,50483000,50483000,0.15,0.15,0.25,173193000,-45863000,-111810000,15520000,284437000,43765000,192.68,205.8,179.55,0.1866,0.0326,45.88,4.05,21.41,56.25,1.5822,3.9999,0.1567,0.0986,0.33,5.97,1.1454
2005-12-31,328457505,21897177,0.066667,6412109000,542095000,5370300000,616642000,1041809000,0,0,2480198000,3999376000,556112000,76781000,76781000,0.23,0.24,0.25,None,-42914000,-170530000,-17130000,265775000,92999000,192.38,203.55,181.2,0.1673,0.031,47.58,3.72,31.28,52.5,1.6629,3.8389,0.1625,0.0936,0.33,None,0.8791
2005-09-30,333897838,22259866,0.066667,6455417000,536235000,5303783000,603606000,1151634000,0,0,2511792000,4006967000,537346000,38376000,38376000,0.11,0.11,0.25,188176000,-60185000,-210154000,-82163000,286609000,61157000,202.72,209.7,195.75,0.1104,0.0216,51.74,3.52,51.98,48.75,2.3843,3.4794,0.1784,0.0662,0.33,5.71,0.8884
2005-06-30,343169135,22877953,0.066667,6621297000,615204000,5303107000,558941000,1318190000,0,0,2543387000,4070712000,531798000,44584000,44584000,0.13,0.13,0.25,211266000,-39947000,-86767000,84552000,368772000,62120000,194.25,206.1,182.4,0.0688,0.0138,57.62,3.32,61.67,45,10.9025,3.0881,0.1991,0.0429,0.32,6.52,1.1007
2005-03-31,340594090,22706284,0.066667,6622022000,530042000,5295137000,389331000,1326885000,0,0,2574981000,4253034000,537223000,42634000,42634000,0.13,0.12,0.25,204903000,-50824000,-81458000,116757000,284220000,52183000,197.25,210.75,183.75,0.0516,0.0103,58.44,3.28,54.79,41.25,12.8617,3.2053,0.2004,0.0331,0.31,6.73,1.3614
2004-12-31,340187920,22679206,0.066667,6668419000,449577000,5306179000,417520000,1362240000,0,0,2625429000,4266998000,545028000,16780000,16780000,0.06,0.05,0.25,178741000,-78005000,-132300000,-31564000,167463000,75038000,208.05,219.45,196.65,0.0505,0.01,60.07,3.36,55.48,37.5,11.6398,3.1323,0.2043,0.0329,0.3,4.57,1.0768
2004-09-30,335451474,22363442,0.066667,6997530000,465127000,5613786000,447939000,1383744000,0,0,2657024000,4324817000,545393000,-11290000,-11290000,-0.04,-0.04,2.25,173679000,-49538000,-665473000,-541332000,199027000,67876000,201.3,222,180.6,0.0488,0.0094,61.88,2.61,40.67,33.75,10.733,3.1254,0.1977,0.0319,0.29,4.73,1.0384
2004-06-30,291447809,19429863,0.066667,7640598000,1002952000,6139232000,459893000,1501366000,0,0,2689465000,4378131000,544091000,23792000,23792000,0.08,0.08,0,157473000,-64254000,-872000,92347000,740359000,78246000,192,203.1,180.9,0.0646,0.0121,77.27,2.5,34.59,0,0,2.9161,0.1965,0.0413,0.29,4.08,2.1808
2004-03-31,287442334,19162831,0.066667,7660033000,932967000,6190960000,451520000,1469073000,0,0,2721095000,4402108000,558468000,42868000,42868000,0.15,0.15,0,207182000,-55188000,-87653000,64341000,648012000,55188000,184.65,198.75,170.55,0.0736,0.0133,76.66,2.49,18.37,0,0,2.9965,0.1918,0.0439,0.3,7.93,2.0663
2003-12-31,285804460,19053640,0.066667,7689110000,896258000,6273927000,536355000,1415183000,0,0,2752725000,4195629000,554085000,14952000,14952000,0.06,0.06,0,167852000,-79855000,-101450000,-13453000,583671000,86357000,172.72,192,153.45,0.1379,0.0238,74.27,2.39,22.14,0,0,2.9647,0.1841,0.0768,0.31,4.28,1.671
2003-09-30,284436272,18962427,0.066667,7703613000,921070000,6332755000,627802000,1370858000,0,0,2784354000,4302862000,595037000,11412000,11412000,0.04,0.04,0,220713000,249614000,-258241000,212086000,597124000,76056000,182.4,200.85,163.95,0.1141,0.0185,72.29,2.55,None,0,0,3.1388,0.178,0.0582,0.32,7.63,1.4671
2003-06-30,284318606,18954583,0.066667,7962272000,1174231000,6606321000,722451000,1355951000,0,0,2734462000,4556392000,643954000,34057000,34057000,0.12,0.12,0,143408000,-14086000,-200207000,-70885000,385038000,67850000,175.43,201,149.85,-0.4393,-0.0684,71.54,2.54,None,0,None,3.3603,0.1703,None,0.32,3.99,1.6253
2003-03-31,283448803,18896596,0.066667,8198568000,1245546000,6891638000,806933000,1306930000,0,0,2780607000,4783255000,651862000,127431000,127431000,0.45,0.45,0,200352000,-47221000,-90385000,62746000,455923000,47752000,152.7,173.25,132.15,-0.4433,-0.0738,69.16,2.46,None,0,None,3.6599,0.1594,None,0.31,8.08,1.5436
2002-12-31,282913758,18860926,0.066667,8146742000,1200984000,6974603000,770866000,1172139000,0,0,2812318000,4957361000,658728000,-24460000,-24460000,-0.09,-0.09,0,177661000,98960000,-337263000,-86059000,393177000,114539000,123.22,164.85,81.6,-0.4209,-0.0745,62.15,1.79,None,0,None,4.2293,0.1439,None,0.29,3.35,1.558
2002-09-30,282223679,18814921,0.066667,8612453000,1587159000,7119098000,990363000,1292105000,201250000,0,2864467000,5219346000,668831000,-700104000,-700104000,-2.49,-2.49,0,16842000,-74730000,-56708000,58167000,479236000,78438000,84.83,132,37.65,-0.4222,-0.0785,68.67,0.8,None,0,None,4.0394,0.15,None,0.27,-3.27,1.6026
2002-06-30,282221277,18814761,0.066667,9668933000,1879514000,7476328000,853331000,1991355000,201250000,0,2896281000,5339414000,662439000,-41559000,-41559000,-0.15,-0.15,0,162333000,-197728000,-516287000,-551682000,421069000,206166000,148.05,172.8,123.3,-0.0337,-0.0066,105.84,1.37,None,0,None,2.6813,0.206,None,0.26,-2.33,2.2026
2002-03-31,281806947,18787139,0.066667,10233610000,2432844000,7997614000,1279192000,2034746000,201250000,0,2909716000,5453053000,679334000,83226000,83226000,0.3,0.29,0,280031000,-67588000,-141863000,756882000,972751000,69599000,151.57,169.5,133.65,-0.0195,-0.0025,108.31,1.46,None,0,None,2.68,0.1988,None,0.24,11.2,1.9019
2001-12-31,281500477,18766707,0.066667,10553600000,2533048000,8406208000,1566994000,1946142000,201250000,0,2978942000,5534906000,665850000,-108315000,-108315000,-0.38,-0.38,0,116936000,-191829000,49736000,18745000,57667000,180234000,147.97,172.95,123,-0.0533,-0.0093,103.7,1.39,None,0,None,2.844,0.1844,None,0.25,-3.37,1.6165
2001-09-30,280074616,18671650,0.066667,10385131000,2399821000,8197745000,1106145000,1986136000,201250000,0,2864454000,5783591000,661121000,-441000,-441000,-0.01,-0.01,0,240514000,106023000,-319679000,7807000,38922000,132679000,165.38,196.5,134.25,-0.0184,-0.0025,106.37,1.6,None,0,None,2.912,0.1912,None,0.3,5.78,2.1695
2001-06-30,292251861,19483467,0.066667,10845688000,2354765000,8521224000,1084359000,2016196000,308268000,0,3014751000,5818312000,505741000,-649000,-13296000,-0.05,-0.05,0,10163000,-3484961000,3482719000,2667000,31115000,103832000,197.1,225,169.2,-0.0177,-0.0025,103.48,2,None,0,None,2.8858,0.1859,None,0.3,-4.81,2.1716
2001-03-31,263460555,17564045,0.066667,6811703000,2176565000,4730132000,926703000,1730308000,351263000,0,621547000,2981496000,624281000,19723000,19723000,0.07,0.07,0,152766000,-79483000,-71387000,-2775000,28448000,113969000,209.47,238.2,180.75,-0.0089,-0.0024,98.51,2.16,None,0,None,1.7231,0.254,None,0.33,2.21,2.3487
2000-12-31,266372768,17758193,0.066667,6955006000,2262702000,4883742000,992468000,1720001000,351263000,0,633268000,3062289000,842638000,-40199000,-40199000,-0.16,-0.16,0,39003000,-290914000,247275000,-14740000,31223000,149746000,208.57,229.65,187.5,-0.0155,-0.0045,96.86,1.99,44.85,0,None,1.7804,0.2473,None,0.29,-6.24,2.2799
2000-09-30,265211459,17680772,0.066667,6420053000,1027119000,4369699000,390990000,1849104000,201250000,0,466358000,2925680000,389941000,1467000,1467000,0.01,0.01,0,154908000,-534931000,432540000,-3187000,45963000,133251000,240,285,195,0.0436,0.0137,104.58,2.25,45.71,0,0,1.5822,0.288,0.0605,0.23,1.22,2.627
2000-06-30,264792632,17652850,0.066667,6073322000,298857000,3992492000,338962000,1879580000,201250000,0,0,2530370000,287324000,3012000,3012000,0.01,0.01,0,36904000,-301986000,288405000,5158000,49150000,115176000,242.32,270,214.65,0.0491,0.0159,106.47,2.28,43.66,0,0,1.3462,0.3095,0.0747,0.21,-4.43,0.8817
2000-03-31,263679242,17578624,0.066667,5758465000,291815000,3680793000,366380000,1869492000,208180000,0,0,2193494000,282455000,7326000,7326000,0.03,0.03,0,77329000,-145799000,49214000,6851000,43992000,138466000,231.07,255.9,206.25,0.0518,0.0172,106.35,2.11,28.01,0,0,1.1733,0.3247,0.0712,0.24,-3.48,0.7965
1999-12-31,262924506,17528309,0.066667,5771745000,308624000,3639448000,467012000,1919935000,212362000,0,0,2107460000,396252000,70200000,70200000,0.26,0.26,0,None,None,None,1271000,37141000,32713000,189.38,214.65,164.1,0.0774,0.0261,109.53,1.77,45.09,0,0,1.0977,0.3326,0.095,0.27,None,0.6608
1999-09-30,261266350,17417765,0.066667,5600258000,290590000,3513531000,472299000,1863214000,223513000,0,0,2080050000,271517000,11908000,11908000,0.05,0.05,0,125848000,-186017000,68443000,8274000,35870000,125896000,174.9,186.6,163.2,0.0412,0.014,106.97,1.64,40.27,0,0,1.1164,0.3327,0.0498,0.28,-0,0.6153
1999-06-30,260553664,17370252,0.066667,5470489000,378283000,3303101000,454482000,1850767000,316621000,0,0,2106514000,414847000,7753000,7753000,0.03,0.03,0,32007000,-122000000,95939000,5946000,27596000,141573000,143.93,172.5,115.35,0.0431,0.0148,106.55,1.36,30.11,0,0,1.1382,0.3383,0.0481,0.31,-6.31,0.8323
1999-03-31,259927599,17328515,0.066667,5313453000,365750000,3251638000,447095000,1836452000,225363000,0,0,1972390000,437514000,54625000,54625000,0.21,0.21,0,213517000,-180455000,-43334000,-10272000,21650000,184594000,118.13,127.5,108.75,0.0474,0.0164,105.98,1.14,36.42,0,0,1.074,0.3456,0.0539,0.3,1.67,0.8181
1998-12-31,259884972,17325673,0.066667,5292932000,414041000,3269126000,507731000,1792771000,231035000,0,0,1900246000,393883000,1358000,1358000,-0.01,-0.01,0,35172000,-174295000,113346000,-25777000,31922000,131093000,122.33,135.9,108.75,0.0324,0.0112,103.47,1.2,14.92,0,0,1.0599,0.3387,0.037,0.3,-5.54,0.8155
1998-09-30,258610612,17370021,0.067167,5101908000,421462000,3100038000,396944000,1772223000,229647000,0,0,1856717000,378279000,14461000,14461000,0.06,0.06,0,70814000,-135599000,67059000,2274000,57699000,130378000,126.6,150,103.2,0.0786,0.0274,102.03,1.25,14.72,0,0,1.0477,0.3474,0.0891,0.31,-3.43,1.0618
1998-06-30,256489176,17356738,0.06767,4967067000,361900000,2976757000,363864000,1757504000,232806000,0,0,1776918000,366347000,14462000,14462000,0.06,0.06,0,74944000,-60720000,-4182000,10042000,55425000,101156000,155.18,167.85,142.5,0.0858,0.03,101.26,1.56,355.51,0,0,1.011,0.3538,0.0975,0.31,-1.51,0.9946
1998-03-31,253977654,17315683,0.068178,4939831000,383726000,2985906000,370801000,1718585000,235340000,0,0,1789683000,403863000,26779000,26779000,0.11,0.11,0,81438000,-165377000,94159000,10220000,45383000,120243000,148.2,163.2,133.2,0.0041,0.0014,99.25,1.52,228.3,0,0,1.0414,0.3479,0.0047,0.3,-2.24,1.0349
1997-12-31,251265860,17259279,0.068689,4872852000,377279000,2955765000,417870000,1679211000,237876000,0,0,1706532000,378868000,80459000,80459000,0.33,None,0,55259000,-238950000,192172000,8481000,35163000,148278000,141.94,151.04,132.84,0.0062,0.0022,97.29,1.52,None,0,0,1.0163,0.3446,0.0072,0.3,-5.39,0.9029
1997-09-30,247011409,17136714,0.069376,4502170000,334631000,2704297000,327094000,1596623000,201250000,0,0,1585361000,336118000,23048000,23048000,0.09,None,0,73618000,-79029000,14228000,8817000,26682000,114008000,124.2,135.57,112.83,-0.014,-0.0051,93.17,1.36,399.62,0,None,0.9929,0.3546,None,0.3,-2.36,1.023
1997-06-30,245441343,17198067,0.07007,4439595000,312587000,2669736000,344775000,1568609000,201250000,0,0,1557155000,306141000,-123577000,-123577000,-0.51,None,0,37463000,-25410000,-9912000,2141000,17865000,178874000,142.85,171.97,113.74,0.0001,0,91.21,1.45,13.91,0,0,0.9927,0.3533,0.0001,0.3,-8.22,0.9066
1997-03-31,242537759,17266526,0.071191,4540353000,347871000,2643759000,357407000,1695344000,201250000,0,0,1554855000,372492000,30170000,30170000,0.13,None,0,64092000,-106039000,33441000,-8506000,15724000,89584000,161.96,175.61,148.31,0.1026,0.0389,98.19,1.67,15.16,0,0,0.9171,0.3734,0.1259,0.31,-1.48,0.9733
1996-12-31,239749484,17341115,0.07233,4523148000,369770000,2643715000,409489000,1678183000,201250000,0,0,1509697000,339292000,47521000,47521000,0.22,None,0,164214000,-249278000,92862000,7798000,24230000,123164000,156.96,168.33,145.58,0.1064,0.0422,96.77,1.66,15.33,0,0,0.8996,0.371,0.1367,0.31,2.37,0.903
1996-09-30,235905689,17336102,0.073487,4244661000,325470000,2400198000,302842000,1643213000,201250000,0,0,1388338000,319959000,46032000,46032000,0.2,None,0,61154000,-72135000,407000,-10574000,16432000,81610000,157.87,168.33,147.4,0.1029,0.0415,94.79,1.7,15.68,0,0,0.8449,0.3871,0.1352,0.31,-1.18,1.0747
1996-06-30,232941347,17392152,0.074663,4168306000,292538000,2354058000,292321000,1612998000,201250000,0,0,1366749000,318128000,46251000,46251000,0.2,None,0,76822000,-230964000,171424000,17282000,27006000,91983000,153.31,164.69,141.94,0.1037,0.0428,92.74,1.5,15.68,0,0,0.8473,0.387,0.1412,0.3,-0.87,1.0007
1996-03-31,230723058,17502152,0.075858,4012994000,252370000,2227861000,351256000,1785133000,0,0,0,1194114000,329138000,38856000,38856000,0.17,None,0,72991000,-132764000,51575000,-8198000,9724000,51622000,147.41,167.42,127.39,0.1028,0.0432,102,1.66,15.49,0,0,0.6689,0.4448,0.1457,0.3,1.22,0.7185
1995-12-31,228005370,17572730,0.077072,3918187000,252702000,2358274000,503678000,1559913000,0,0,0,1187000000,288088000,38632000,38632000,0.2,None,0,144803000,-201875000,57121000,49000,17922000,94543000,155.7,173.54,137.86,0.1052,0.0434,88.77,1.77,16.63,0,0,0.7609,0.3981,0.1492,0.29,2.86,0.5017
1995-09-30,225260713,17638974,0.078305,3666928000,224747000,2116102000,426109000,1550826000,0,0,0,1071943000,259732000,45061000,45061000,0.2,None,0,95584000,-61614000,-33669000,301000,17873000,55673000,144.34,149.21,139.48,0.1106,0.0436,87.92,1.7,15.46,0,0,0.6912,0.4229,0.1502,0.29,2.26,0.5274
1995-06-30,221896651,17653561,0.079558,3615572000,224661000,2113346000,459828000,1502226000,0,0,0,1070456000,251678000,41939000,41939000,0.19,None,0,39265000,-116676000,75502000,-1909000,17572000,49347000,148.41,160.57,136.24,0.115,0.0428,85.09,1.79,15.72,0,0,0.7126,0.4155,0.1466,0.29,-0.57,0.4886
1995-03-31,216989852,17522136,0.080751,3501896000,232331000,2050443000,487064000,1451453000,0,0,0,1002138000,269534000,33904000,33904000,0.16,None,0,58722000,38147000,-91612000,5257000,19481000,45441000,164.62,176.78,152.46,0.1224,0.0427,82.84,2.48,17.41,0,0,0.6904,0.4145,0.1521,0.28,0.76,0.477
1994-12-31,212837943,17444668,0.081962,3576566000,314054000,2419670000,879177000,1156896000,0,0,0,994189000,261136000,35639000,35639000,0.2,None,0,128431000,-246183000,113837000,-3915000,14224000,144443000,161.38,168.67,154.08,0.1325,None,66.32,2.29,None,0,0,0.8594,0.3235,0.1572,0.28,-0.92,0.3572
1994-09-30,190238357,15810649,0.08311,3353368000,276500000,2239925000,924946000,1113443000,0,0,0,740980000,242308000,38687000,38687000,0.21,None,0,56039000,-70441000,17283000,2881000,18139000,53240000,168.68,176.78,160.57,None,None,70.42,2.51,None,0,None,0.6655,0.332,None,None,0.18,0.2989
1994-06-30,186743105,15721922,0.08419,3262265000,297376000,2205020000,926026000,1057245000,0,0,0,731453000,188674000,38016000,38016000,0.21,None,0,28712000,-536164000,497493000,-9959000,15258000,42790000,177.59,193,162.19,None,None,67.25,2.74,None,0,None,0.6918,0.3241,None,None,-0.9,0.3211
1994-03-31,184288553,15693699,0.085158,2669137000,280387000,1650994000,590269000,1018143000,0,0,0,563819000,223896000,31655000,31655000,0.17,None,0,49134000,-29247000,-16408000,3479000,25217000,47235000,189.75,210.84,168.67,None,None,64.88,3.06,None,0,None,0.5538,0.3815,None,None,0.12,0.475
1993-12-31,182291147,15694363,0.086095,2627118000,240737000,1652632000,628225000,974486000,0,0,0,547673000,None,None,None,None,None,0,62329000,-469010000,386009000,-20672000,21738000,78530000,None,None,None,None,None,62.09,None,None,0,None,0.562,0.3709,None,None,-1.03,0.3832
1993-09-30,179550813,15458433,0.086095,2110727000,129608000,1173861000,176183000,936866000,0,0,0,530466000,144288000,34339000,34339000,0.19,None,0,None,None,None,None,42410000,0,None,None,None,None,None,60.61,None,None,0,None,0.5662,0.4439,None,None,None,0.7356
