"Quarter end","Shares","Shares split adjusted","Split factor","Assets","Current Assets","Liabilities","Current Liabilities","Shareholders equity","Non-controlling interest","Preferred equity","Goodwill & intangibles","Long-term debt","Revenue","Earnings","Earnings available for common stockholders","EPS basic","EPS diluted","Dividend per share","Cash from operating activities","Cash from investing activities","Cash from financing activities","Cash change during period","Cash at end of period","Capital expenditures","Price","Price high","Price low","ROE","ROA","Book value of equity per share","P/B ratio","P/E ratio","Cumulative dividends per share","Dividend payout ratio","Long-term debt to equity ratio","Equity to assets ratio","Net margin","Asset turnover","Free cash flow per share","Current ratio"
2014-11-01,100702386,100702386,1,1200300000,961900000,1387000000,362300000,-186700000,0,0,0,841400000,650200000,-161100000,-161100000,-1.58,-1.58,0,-117900000,-11300000,142000000,12800000,43300000,11500000,1.16,1.77,0.55,None,-0.4467,-1.85,None,None,4.49,None,None,None,None,2.28,-1.28,2.655
2014-08-02,100687856,100687856,1,1149200000,929900000,1212200000,370700000,-63000000,0,0,12300000,656900000,673800000,-137400000,-137400000,-1.35,-1.35,0,-87200000,-15400000,71300000,-31300000,30500000,15400000,1.17,1.75,0.58,None,-0.3804,-0.63,1.63,None,4.49,None,None,None,None,2.22,-1.02,2.5085
2014-05-03,100615442,100615442,1,1326100000,1074700000,1253500000,455600000,72600000,0,0,0,613400000,736700000,-98300000,-98300000,-0.97,-0.97,0,-37800000,-10000000,0,-47800000,61800000,12900000,2.04,2.79,1.28,None,-0.2855,0.72,0.99,None,4.49,None,8.449,0.0547,None,2.08,-0.5,2.3589
2013-12-31,100346536,100346536,1,1591200000,1333000000,1384800000,584600000,206400000,0,0,12700000,613000000,935400000,-191400000,-191400000,-1.9,-1.9,0,-139800000,-48300000,51500000,-136600000,179800000,15700000,3.22,3.88,2.57,-0.9595,-0.2262,2.06,0.82,None,4.49,None,2.97,0.1297,None,1.94,-1.55,2.2802
2013-09-30,100161742,100161742,1,1607100000,1330900000,1213100000,500500000,394000000,0,0,36100000,498300000,805400000,-112400000,-112400000,-1.11,-1.11,0,112600000,-15500000,-212700000,-115600000,316400000,14900000,3.27,4.36,2.18,-0.5282,-0.1398,3.93,0.64,None,4.49,None,1.2647,0.2452,None,1.95,0.98,2.6591
2013-06-30,99703041,99703041,1,1853500000,1566700000,1346900000,627600000,506600000,0,0,36500000,499200000,844500000,-53100000,-53100000,-0.53,-0.53,0,46100000,-12600000,-36400000,-2900000,432000000,6300000,3.61,4.28,2.94,-0.3552,-0.0983,5.08,0.64,None,4.49,None,0.9854,0.2733,None,1.9,0.4,2.4963
2013-03-31,99683651,99683651,1,2025200000,1723000000,1463800000,744300000,561400000,0,0,38500000,499100000,849000000,-43300000,-43300000,-0.43,-0.43,0,16900000,-1800000,-115900000,-100800000,434900000,-1100000,2.98,3.87,2.08,-0.2765,-0.0808,5.63,0.5,None,4.49,None,0.889,0.2772,None,1.9,0.18,2.3149
2012-12-31,99611504,99611504,1,2299100000,1981900000,1700400000,978200000,598700000,0,0,36600000,499000000,1296100000,-63300000,-63300000,-0.63,-0.63,0,-75400000,-23300000,88300000,-10400000,535700000,23300000,2.3,2.71,1.9,-0.2061,-0.0645,6.01,0.35,None,4.49,None,0.8335,0.2604,None,1.97,-0.99,2.0261
2012-09-30,99561701,99561701,1,2237300000,1920400000,1574900000,947500000,662400000,0,0,36900000,474000000,1000200000,-47100000,-47100000,-0.47,-0.47,0,9500000,-16800000,35700000,28400000,546100000,16800000,3.26,4.17,2.36,-0.0898,-0.0301,6.65,0.46,None,4.49,None,0.7156,0.2961,None,2.02,-0.07,2.0268
2012-06-30,99441841,99441841,1,2087700000,1741200000,1383100000,975200000,704600000,0,0,38400000,323900000,953200000,-21000000,-21000000,-0.21,-0.21,0.125,-25600000,-14900000,-8200000,-48700000,517700000,16500000,5.08,6.38,3.78,-0.0224,-0.0079,7.09,0.68,18.14,4.49,None,0.4597,0.3375,None,2.04,-0.42,1.7855
2012-03-31,99427509,99427509,1,2018000000,1664500000,1278300000,516900000,739700000,0,0,40300000,674900000,1008300000,-8000000,-8000000,-0.08,-0.08,0.125,48500000,-39200000,-34600000,-25300000,566400000,11200000,8.62,11.1,6.14,0.0375,0.0138,7.44,1.14,12.49,4.37,2.1337,0.9124,0.3666,0.0067,2.04,0.38,3.2202
2011-12-31,99323569,99323569,1,2175100000,1812800000,1421800000,663600000,753300000,0,0,37000000,670600000,1341000000,11900000,11900000,0.12,0.12,0.5,-45100000,-17300000,-13600000,-76000000,591700000,19300000,11.54,13.94,9.15,0.0891,0.035,7.58,1.44,10.59,4.24,0.6878,0.8902,0.3463,0.0165,2.12,-0.65,2.7318
2011-09-30,99837330,99837330,1,2208000000,1814900000,1408500000,644100000,799500000,0,0,37400000,666400000,1031800000,300000,300000,0,0,0,161500000,-21300000,-24700000,115500000,667700000,21300000,13.82,16.25,11.38,0.1408,0.0568,8.01,1.71,9.47,3.74,0.2254,0.8335,0.3621,0.0266,2.13,1.4,2.8177
2011-06-30,99778637,99778637,1,2064300000,1662200000,1256300000,500200000,808000000,0,0,43300000,662200000,941900000,24900000,24900000,0.24,0.24,0,40700000,-27000000,212300000,226000000,552200000,27000000,14.49,16.7,12.28,0.1894,0.0787,8.1,1.74,8.89,3.74,0.1622,0.8196,0.3914,0.0368,2.14,0.14,3.3231
2011-03-31,106055732,106055732,1,1807400000,1415800000,925500000,500800000,881900000,0,0,42700000,335700000,1063300000,35100000,35100000,0.33,0.33,0,60800000,-14500000,-289500000,-243200000,326200000,14500000,16.17,18.74,13.61,0.2015,0.0887,8.32,2.03,9.57,3.74,0.1384,0.3807,0.4879,0.0425,2.09,0.44,2.8271
2010-12-31,105779701,105779701,1,2175400000,1778700000,1332900000,908100000,842500000,0,0,41200000,331800000,1367800000,57000000,57000000,0.52,0.52,0.25,-1800000,-33400000,-115700000,-150900000,569400000,33500000,20.66,23.38,17.93,0.2051,0.0899,7.96,2.59,11.67,3.74,0.1283,0.3938,0.3873,0.0461,1.95,-0.33,1.9587
2010-09-30,113825846,113825846,1,2242500000,1851100000,1332900000,917400000,909600000,0,0,40700000,327900000,1051800000,46000000,46000000,0.38,0.37,0,114800000,-21000000,-304600000,-210800000,720300000,21000000,20.52,23.16,17.87,0.2128,0.0954,7.99,2.22,12.07,3.49,0.1393,0.3605,0.4056,0.0508,1.88,0.82,2.0178
2010-06-30,125387789,125387789,1,2395700000,2012000000,1236200000,824600000,1159500000,0,0,39800000,324100000,1011400000,53000000,53000000,0.42,0.41,0,56600000,-13300000,16000000,59300000,931100000,13300000,20.85,24,17.7,0.2004,0.0908,9.25,2.36,12.41,3.49,0.1448,0.2795,0.484,0.0496,1.83,0.35,2.44
2010-03-31,125384016,125384016,1,2356500000,1954000000,1248700000,526100000,1107800000,0,0,41200000,630700000,1041700000,50100000,50100000,0.4,0.39,0,-14600000,-12300000,-9500000,-36400000,871800000,12300000,21.23,23.91,18.55,0.2059,0.0904,8.84,2.54,13.02,3.49,0.1477,0.5693,0.4701,0.0491,1.84,-0.21,3.7141
2009-12-31,125236678,125236678,1,2429300000,2015700000,1381000000,654500000,1048300000,0,0,38900000,627800000,1318200000,75700000,75700000,0.6,0.6,0.25,122200000,-18900000,-51800000,51500000,908200000,18700000,17.7,20.57,14.82,0.2094,0.089,8.37,2.22,11.64,3.49,0.1527,0.5989,0.4315,0.0479,1.86,0.83,3.0798
2009-09-30,125194410,125194410,1,2347100000,1923000000,1347100000,640900000,1000000000,0,0,0,624900000,990000000,37400000,37400000,0.3,0.3,0,-19800000,-18100000,-36200000,-74100000,856700000,18100000,15.05,17.45,12.66,0.2076,0.0843,7.99,1.96,9.35,3.24,0.1635,0.6249,0.4261,0.0454,1.86,-0.3,3.0005
2009-06-30,125174352,125174352,1,2243000000,1805200000,1281300000,527800000,961700000,0,0,0,664400000,965700000,48800000,48800000,0.39,0.39,0,57300000,-17700000,18000000,57600000,930800000,17700000,11.79,15.2,8.38,0.2352,0.091,7.68,1.63,7.66,3.24,0.1532,0.6909,0.4288,0.048,1.89,0.32,3.4202
2009-03-31,125128854,125128854,1,2198500000,1745000000,1292000000,534300000,906500000,0,0,0,662400000,1002100000,43100000,43100000,0.34,0.34,0,86100000,-26100000,-1600000,58400000,873200000,26100000,9.71,12.95,6.47,0.2338,0.0912,7.24,1.49,6.47,3.24,0.159,0.7307,0.4123,0.046,1.98,0.48,3.266
2008-12-31,125082669,125082669,1,2283500000,1792000000,1466200000,637200000,817300000,0,0,0,732500000,1258700000,62000000,62000000,0.49,0.49,0.25,99300000,-80800000,-27800000,-9300000,814800000,40200000,12.67,17.28,8.06,0.2353,0.0932,6.53,2.02,7.16,3.24,0.1625,0.8962,0.3579,0.0455,2.05,0.47,2.8123
2008-09-30,125071795,125071795,1,2246000000,1814200000,1460600000,635600000,785400000,0,0,0,725900000,1021900000,50200000,50200000,0.39,0.39,0,54200000,-19400000,211500000,246300000,824100000,19400000,15.73,19.9,11.56,0.2872,0.1163,6.28,2.41,9.15,2.99,0.1416,0.9242,0.3497,0.0534,2.18,0.28,2.8543
2008-06-30,131136382,131136382,1,1895500000,1499500000,1038900000,575700000,856600000,0,0,0,349000000,994900000,41400000,41400000,0.32,0.32,0,113700000,-11000000,5800000,108500000,577800000,11100000,14.78,17.62,11.93,0.2899,0.1199,6.53,2.39,8.49,2.99,0.1441,0.4074,0.4519,0.0533,2.25,0.78,2.6047
2008-03-31,131196347,131196347,1,1829800000,1413100000,1018200000,543900000,811600000,0,0,0,353500000,949000000,38800000,38800000,0.3,0.3,0,7400000,-13100000,-34700000,-40400000,469300000,14000000,16.39,19.46,13.31,0.3013,0.1214,6.19,2.79,9.37,2.99,0.1406,0.4356,0.4435,0.0554,2.19,-0.05,2.5981
2007-12-31,131098588,131098588,1,1989600000,1566800000,1219900000,748000000,769700000,0,0,0,348200000,1364300000,101000000,101000000,0.78,0.76,0.25,113800000,-10700000,-10100000,93000000,509700000,10600000,20.07,23.42,16.72,0.3176,0.1225,5.87,3.75,12.47,2.99,0.1384,0.4524,0.3869,0.0557,2.2,0.79,2.0947
2007-09-30,131087176,131087176,1,1873600000,1439100000,1172000000,695300000,701600000,0,0,0,344000000,960300000,46300000,46300000,0.34,0.34,0,111000000,-12500000,-312200000,-213700000,416700000,12600000,27.53,34.98,20.09,0.3075,0.1128,5.35,4.68,23.94,2.74,0.1546,0.4903,0.3745,0.0507,2.22,0.75,2.0698
2007-06-30,137907229,137907229,1,1986900000,1536800000,1175700000,698800000,811200000,0,0,0,340100000,934800000,47000000,47000000,0.34,0.34,0,106400000,-9100000,69900000,167200000,630400000,11200000,30.83,35,26.66,0.2281,0.0796,5.88,5.97,39.03,2.74,0.2159,0.4193,0.4083,0.0355,2.24,0.69,2.1992
2007-03-31,135558963,135558963,1,1883800000,1413900000,1184300000,695000000,699500000,0,0,0,342000000,992300000,42500000,42500000,0.31,0.31,0,47800000,-9700000,-46900000,-8800000,463200000,9400000,22.29,27.88,16.69,0.1674,0.0551,5.16,4.64,41.28,2.74,0.3167,0.4889,0.3713,0.0233,2.36,0.28,2.0344
2006-12-31,136199708,136199708,1,2070000000,1599600000,1416200000,984200000,653800000,0,0,0,345800000,1458100000,84500000,84500000,0.62,0.62,0.25,286000000,-17700000,-72700000,195600000,472000000,17500000,18.45,20.4,16.49,0.1184,0.0372,4.8,4.17,59.52,2.74,0.4639,0.5289,0.3158,0.0154,2.42,1.97,1.6253
2006-09-30,135822591,135822591,1,1984500000,1488100000,1383600000,923300000,600900000,0,0,0,344700000,1059500000,-16300000,-16300000,-0.12,-0.12,0,119400000,-23400000,10100000,106100000,276400000,24400000,16.73,19.71,13.76,0.0664,0.02,4.42,3.69,14.18,2.49,0.8431,0.5736,0.3028,0.008,2.49,0.7,1.6117
2006-06-30,135709207,135709207,1,1864400000,1324500000,1250000000,637500000,614400000,0,0,0,490200000,1099900000,-3200000,-3200000,-0.02,-0.02,0,192000000,-11600000,-55500000,124900000,170300000,11600000,16.41,18.83,14,0.2848,0.0789,4.53,3.63,10.73,2.49,0.205,0.7979,0.3295,0.0322,2.45,1.33,2.0776
2006-03-31,135321158,135321158,1,1978800000,1418900000,1367700000,748400000,611100000,0,0,0,491900000,1160000000,8400000,8400000,0.06,0.06,0,-282600000,-26600000,130600000,-178600000,45400000,26400000,20.82,22.9,18.74,0.336,0.101,4.52,4.79,11.5,2.49,0.1534,0.8049,0.3088,0.0431,2.35,-2.28,1.8959
2005-12-31,135231932,135231932,1,2205100000,1627300000,1616300000,986300000,588800000,0,0,0,494900000,1671900000,51200000,51200000,0.36,0.39,0.25,340100000,170900000,-334400000,176600000,224000000,-177000000,22.77,25,20.55,0.3646,0.1182,4.35,6.1,10.17,2.49,0.1266,0.8405,0.267,0.0525,2.25,3.82,1.6499
2005-09-30,134624929,134624929,1,2309300000,1539400000,1807800000,1169500000,501500000,0,0,0,501600000,1194700000,108500000,108500000,0.76,0.75,0,53700000,-45600000,-215500000,-207400000,47400000,45300000,25.02,27.24,22.81,0.4251,0.1484,3.73,4.18,13.03,2.24,0.1139,1.0002,0.2172,0.0693,2.14,0.06,1.3163
2005-06-30,154283495,154283495,1,2234100000,1479800000,1311300000,674100000,922800000,0,0,0,506100000,1092200000,52300000,52300000,0.34,0.33,0,35700000,-45100000,-28800000,-38200000,254800000,39900000,24.77,26.43,23.11,0.3445,0.1314,5.98,4.21,12.32,2.24,0.1282,0.5484,0.4131,0.0627,2.09,-0.03,2.1952
2005-03-31,155666284,155666284,1,2284200000,1541200000,1368000000,734500000,916200000,0,0,0,501200000,1122900000,55000000,55000000,0.35,0.34,0,-66600000,-40900000,-37400000,-144900000,293000000,36500000,29.11,34.48,23.75,0.3723,0.1391,5.89,4.98,14,2.24,0.1219,0.547,0.4011,0.0665,2.09,-0.66,2.0983
2004-12-31,157888296,157888296,1,2516700000,1775100000,1594600000,957400000,922100000,0,0,0,506900000,1593300000,130900000,130900000,0.81,0.82,0.25,268500000,-117100000,-98300000,53100000,437900000,65200000,31.08,34.06,28.09,0.4,0.1465,5.84,6.06,15.31,2.24,0.1171,0.5497,0.3664,0.0697,2.1,1.29,1.8541
2004-09-30,158470136,158470136,1,2340800000,1666800000,1527300000,937500000,813500000,0,0,0,508900000,1101500000,69700000,69700000,0.44,0.43,0,85700000,-68200000,-72400000,-54900000,384800000,60700000,28.66,31.27,26.04,0.4145,0.1494,5.13,5.52,14.77,1.99,0.1213,0.6256,0.3475,0.0704,2.12,0.16,1.7779
2004-06-30,159656719,159656719,1,2172500000,1547900000,1344100000,762300000,828400000,0,0,0,502600000,1053800000,68300000,68300000,0.42,0.42,0,-18000000,-60300000,-59000000,-137300000,439700000,59900000,31,33.73,28.28,0.4099,0.1457,5.19,6.18,16.67,1.99,0.1261,0.6067,0.3813,0.0683,2.13,-0.49,2.0306
2004-03-31,160834561,160834561,1,2176600000,1576700000,1368800000,778500000,807800000,0,0,0,515300000,1092600000,68300000,68300000,0.42,0.41,0,16300000,-44600000,-29400000,-57700000,577000000,41100000,32.55,36.24,28.86,0.4087,0.1423,5.02,6.85,18.29,1.99,0.1305,0.6379,0.3711,0.0664,2.14,-0.15,2.0253
2003-12-31,161927676,161927676,1,2243900000,1666600000,1474600000,858100000,769300000,0,0,0,541300000,1490400000,127300000,127300000,0.78,0.77,0.25,242200000,-102800000,-62900000,76500000,634700000,99300000,30.19,32.48,27.9,0.4032,0.1386,4.75,6.81,18.52,1.99,0.1356,0.7036,0.3428,0.0642,2.16,0.88,1.9422
2003-09-30,164112216,164112216,1,2219300000,1685500000,1492600000,864800000,726700000,0,0,0,546500000,1063600000,57100000,57100000,0.34,0.34,0,141100000,-38300000,-68900000,33900000,558200000,40700000,28.5,31.62,25.37,0.3825,0.1304,4.43,6.45,18.51,1.74,0.1336,0.752,0.3274,0.06,2.17,0.61,1.949
2003-06-30,165584133,165584133,1,2081300000,1560900000,1349300000,678500000,732000000,0,0,0,590500000,1025000000,57500000,57500000,0.34,0.34,0,165300000,-26400000,-71300000,67600000,524300000,26300000,24.23,27,21.45,0.3648,0.1234,4.42,5.57,16.37,1.74,0.1403,0.8067,0.3517,0.0573,2.14,0.84,2.3005
2003-03-31,168409768,168409768,1,2067200000,1549800000,1334200000,665100000,733000000,0,0,0,590700000,1070300000,56600000,56600000,0.33,0.33,0,103300000,-21400000,-71700000,10200000,456700000,21300000,20.7,22.65,18.74,0.3528,0.1203,4.35,4.83,14.18,1.74,0.144,0.8059,0.3546,0.0562,2.12,0.49,2.3302
2002-12-31,169563463,169563463,1,2227900000,1706900000,1499800000,828200000,728100000,0,0,0,591300000,1497700000,109100000,108000000,0.65,0.62,0.22,226300000,-31000000,-114200000,81100000,446500000,30300000,20.85,24.72,16.99,0.347,0.1205,4.29,4.86,20.44,1.74,0.1441,0.8121,0.3268,0.0566,2.09,1.16,2.061
2002-09-30,168432183,168432183,1,2316500000,1782100000,1594400000,925100000,722100000,0,0,0,589800000,1047000000,44900000,43800000,0.25,0.25,0,-20100000,-37300000,-106300000,-163700000,365400000,38000000,24.68,30.25,19.11,0.2438,0.0865,4.29,5.61,24.68,1.52,0,0.8168,0.3117,0.0402,2.1,-0.34,1.9264
2002-06-30,171536880,171536880,1,2111500000,1598100000,1357100000,703400000,754400000,0,0,0,582300000,998100000,51800000,50700000,0.29,0.28,0,157000000,-15700000,-46600000,94700000,529100000,14900000,31.86,36.21,27.5,0.2404,0.0858,4.4,7.11,34.26,1.52,0.0537,0.7719,0.3573,0.0397,2.11,0.83,2.272
2002-03-31,173839613,173839613,1,2087900000,1571600000,1308400000,695000000,779500000,0,0,0,543500000,1034400000,57600000,56400000,0.32,0.31,0,158400000,-15000000,-110400000,33000000,434400000,15000000,28.99,31.85,26.13,0.2164,0.0795,4.48,6.53,34.11,1.52,0.1152,0.6972,0.3733,0.037,2.09,0.82,2.2613
2001-12-31,175182212,175182212,1,2245100000,1714300000,1467000000,826400000,778100000,0,0,0,565400000,1515800000,35200000,34000000,0.19,0.18,0,304700000,58500000,-208100000,155100000,401400000,29500000,27.36,31.6,23.11,0.1941,0.0726,4.44,6.58,19.68,1.52,0.1862,0.7266,0.3466,0.0339,2.08,1.57,2.0744
2001-09-30,179239986,179239986,1,2333700000,1719400000,1488900000,845500000,744800000,100000000,0,0,571800000,1080900000,43800000,42600000,0.23,0.23,0.055,132200000,-121200000,-100800000,-89800000,246300000,33300000,26.98,33.85,20.1,0.3169,0.1166,4.16,5.52,17.41,1.52,0.1445,0.7677,0.3191,0.0562,2.04,0.55,2.0336
2001-06-30,183085826,183085826,1,2281200000,1673400000,1285700000,622200000,895500000,100000000,0,0,595500000,1039500000,41200000,40000000,0.22,0.21,0.055,184400000,88700000,-50900000,222200000,336100000,34800000,31.88,38.5,25.27,0.3516,0.1289,4.89,6.45,18.53,1.47,0.13,0.665,0.3926,0.0623,2.03,0.82,2.6895
2001-03-31,185442885,185442885,1,2323400000,1595600000,1307300000,991400000,916100000,100000000,0,0,249800000,1139500000,46500000,45200000,0.24,0.23,0.055,154500000,-28300000,-143000000,-16800000,113900000,24200000,43.91,56.5,31.31,0.4121,0.1442,4.94,9.21,23.86,1.41,0.1174,0.2727,0.3943,0.0695,2.04,0.7,1.6094
2000-12-31,184583373,184583373,1,2576500000,1818200000,1596200000,1232400000,880300000,100000000,0,0,302900000,1583700000,145800000,144500000,0.77,0.72,0.05,207400000,-28500000,-123100000,55800000,130700000,27800000,56.14,72.94,39.34,0.4716,0.1576,4.77,13.33,33.22,1.36,0.1101,0.3441,0.3417,0.0756,2.05,0.97,1.4753
2000-09-30,185882976,185882976,1,2458300000,1695200000,1675000000,1203500000,783300000,0,0,0,316000000,1140400000,77100000,75800000,0.41,0.39,0.055,-80100000,-32200000,101300000,-11000000,74900000,32100000,57.66,69.75,45.56,0.446,0.1539,4.21,14.94,36.26,1.31,0.1187,0.4034,0.3186,0.0734,2.07,-0.6,1.4086
2000-06-30,185718906,185718906,1,2205900000,1447600000,1489600000,1015500000,716300000,0,0,0,317100000,1023300000,75400000,74100000,0.4,0.38,0.055,-10500000,-58900000,68100000,-1300000,85900000,28900000,48.88,59.5,38.25,0.4104,0.1515,3.86,13.1,32.37,1.25,0.1234,0.4427,0.3247,0.0724,2.06,-0.21,1.4255
2000-03-31,186661133,186661133,1,2102000000,1366800000,1405600000,921900000,696400000,0,0,0,318300000,1047300000,69700000,68300000,0.36,0.35,0.055,-300000,85600000,-162700000,-77400000,87200000,29300000,46.16,57.25,35.06,0.3752,0.1499,3.73,10.37,32.28,1.2,0.1272,0.4571,0.3313,0.0715,2.06,-0.16,1.4826
1999-12-31,186872515,186872515,1,2142000000,1403300000,1311300000,925200000,830700000,0,0,0,319400000,1389000000,120600000,119300000,0.62,0.57,0.05,372300000,-28400000,-233600000,110300000,164600000,28500000,60.44,79.5,41.38,0.3433,0.1463,4.45,13.34,54.21,1.14,0.1312,0.3845,0.3878,0.0709,2.03,1.84,1.5168
1999-09-30,193315436,193315436,1,2146200000,1379100000,1269900000,880200000,876300000,0,0,0,324900000,960300000,59800000,58400000,0.3,0.29,0.05,69300000,-25800000,-32900000,10600000,54300000,26500000,47.06,56.75,37.38,0.2571,0.1129,4.53,10.55,59.19,1.09,0.1758,0.3708,0.4083,0.0558,1.97,0.22,1.5668
1999-06-30,193242903,193242903,1,1926600000,1200600000,1065700000,741100000,860900000,0,0,0,260400000,886700000,61600000,60200000,0.31,0.3,0.05,140300000,-41200000,-109300000,-10200000,43700000,20900000,40.55,51,30.09,0.1801,0.0828,4.46,9.34,103.97,1.04,0.2494,0.3025,0.4468,0.0379,2.1,0.62,1.62
1999-03-31,96769519,193539038,2,1931700000,1232800000,1092200000,779800000,839500000,0,0,0,266000000,890200000,55900000,54500000,0.56,0.54,0.1,-20300000,-25600000,35300000,-10600000,53900000,20900000,26.33,32.06,20.59,0.0833,0.0395,4.34,6.01,90.79,0.99,0.5283,0.3169,0.4346,0.0168,2.18,-0.21,1.5809
1998-12-31,96920455,193840910,2,1993600000,1298600000,1145400000,879500000,848200000,0,0,0,235100000,1208200000,48400000,47000000,0.48,0.51,0.1,293600000,-60800000,-215700000,17100000,64500000,22600000,22.56,26.63,18.5,0.0587,0.0291,4.38,4.86,45.58,0.94,0.7163,0.2772,0.4255,0.0116,2.28,1.4,1.4765
1998-09-30,98977681,197955362,2,1967500000,1318300000,1049300000,755800000,918200000,0,0,0,241200000,1128600000,-4100000,-5600000,-0.06,-0.06,0.1,22200000,34900000,-71600000,-14500000,47400000,38900000,28.68,31.94,25.41,0.1034,0.0499,4.64,5.96,41.87,0.89,0.3912,0.2627,0.4667,0.0195,2.42,-0.08,1.7442
1998-06-30,100367016,200734032,2,2221300000,1613500000,1256500000,935300000,964800000,0,0,0,270300000,1192800000,-20100000,-21500000,-0.21,-0.21,0.1,59600000,-41400000,-34200000,-16000000,61900000,37600000,23.93,27.32,20.53,0.1395,0.0652,4.81,4.62,26.15,0.84,0.284,0.2802,0.4343,0.0267,2.35,0.11,1.7251
1998-03-31,101274961,202549922,2,2232500000,1625300000,1183500000,856600000,1049000000,0,0,0,277100000,1258300000,37100000,35600000,0.35,0.34,0.1,39400000,-25700000,-41700000,-28000000,77900000,25700000,19.82,24.44,15.19,0.1802,0.0863,5.18,3.86,23.25,0.79,0.215,0.2642,0.4699,0.036,2.32,0.07,1.8974
1997-12-31,103108449,206216898,2,2317500000,1715500000,1258900000,976400000,1058600000,0,0,0,236100000,1707000000,96200000,94700000,0.92,None,0.1,300000000,-17400000,-240700000,41900000,105900000,36000000,19.83,23,16.66,0.1646,0.0799,5.13,3.92,None,0.74,0.2329,0.223,0.4568,0.0337,2.3,1.28,1.757
1997-09-30,103379572,206759144,2,2404100000,1712600000,1357000000,1101100000,1047100000,0,0,0,201900000,1227500000,36400000,34900000,0.33,0.32,0.1,-6100000,5400000,-6600000,-7300000,64000000,18200000,15.27,17.39,13.15,-0.0462,-0.0195,5.06,2.9,None,0.69,None,0.1928,0.4355,None,2.38,-0.12,1.5554
1997-06-30,52982184,211928736,4,2246800000,1573600000,1131200000,1031500000,1115600000,0,0,0,44100000,1146000000,28700000,27200000,0.5,None,0.2,38100000,-27500000,-40800000,-30200000,71300000,29400000,13.31,14.44,12.19,-0.0535,-0.0244,5.26,2.47,None,0.64,None,0.0395,0.4965,None,2.37,0.04,1.5255
1997-03-31,54289857,217159428,4,2385700000,1738100000,1214600000,1088200000,1171100000,0,0,0,64300000,1291700000,25600000,24000000,0.43,None,0.2,-11700000,-24400000,16100000,-20000000,101500000,22100000,11.79,13.44,10.15,-0.0638,-0.0309,5.39,2.09,None,0.59,None,0.0549,0.4909,None,2.36,-0.16,1.5972
1996-12-31,56166586,224666344,4,2583400000,1939800000,1318600000,1193500000,1264800000,0,0,0,64400000,2050810000,-137701000,-139226000,-2.44,None,0.2,303484000,-36563000,-270379000,-3458000,121500000,38881000,10.54,11.81,9.28,-0.0671,-0.0342,5.63,1.66,20.27,0.54,None,0.0509,0.4896,None,2.35,1.18,1.6253
1996-09-30,58277755,233111020,4,2792656000,2090480000,1312790000,1183664000,1479866000,0,0,0,109071000,1434898000,22322000,20723000,0.35,None,0.2,-35863000,14443000,6283000,-15137000,124956000,48104000,10.71,11.85,9.56,0.0842,0.0502,6.35,1.67,17.92,0.49,0.3684,0.0737,0.5299,0.0205,2.33,-0.36,1.7661
1996-06-30,59466704,237866816,4,2648470000,1956940000,1124747000,998063000,1523723000,0,0,0,107261000,1352863000,9299000,7728000,0.13,None,0.2,16261000,-44168000,62619000,34712000,140093000,41281000,12.98,14.78,11.19,0.0961,0.0577,6.41,2.01,18.48,0.44,0.3125,0.0704,0.5753,0.0245,2.26,-0.11,1.9607
1996-03-31,60612333,242449332,4,2685485000,2011574000,1121278000,960924000,1564207000,0,0,0,140719000,1446929000,14480000,12875000,0.21,None,0.2,23618000,-46612000,-15123000,-38117000,105381000,43734000,10.29,12.06,8.53,0.1114,0.0688,6.45,1.57,13.07,0.39,0.2622,0.09,0.5825,0.0299,2.22,-0.08,2.0934
1995-12-31,60907447,243629788,4,2722063000,2048245000,1120728000,959909000,1601335000,0,0,0,140813000,2087468000,90174000,88568000,1.39,None,0.2,388791000,-32023000,-315804000,40964000,143498000,28015000,12.26,15.38,9.13,0.1242,0.0777,6.57,1.88,14.86,0.34,0.2298,0.0879,0.5883,0.0352,2.14,1.48,2.1338
1995-09-30,63515657,254062628,4,2957995000,2324172000,1305064000,1146646000,1652931000,0,0,0,138175000,1339930000,44901000,43268000,0.66,None,0.18,-50103000,-55725000,127796000,21968000,102534000,62090000,14.41,16.09,12.72,0.1275,0.0782,6.51,2.23,17.9,0.29,0.2145,0.0836,0.5588,0.0392,1.95,-0.44,2.0269
1995-06-30,65196873,260787492,4,2530526000,1821365000,849402000,680482000,1681124000,0,0,0,148863000,1185047000,37964000,36333000,0.55,None,0.18,66440000,-51759000,-167833000,-153152000,80566000,53394000,12.33,13.25,11.41,0.1228,0.0785,6.45,1.93,15.96,0.25,0.2034,0.0885,0.6643,0.0411,1.87,0.05,2.6766
1995-03-31,65850236,263400944,4,2708681000,2030602000,1025973000,850749000,1682708000,0,0,0,155350000,1226622000,38935000,37268000,0.55,None,0.18,267866000,-40840000,-198941000,28085000,233718000,41010000,12.05,13.1,11,0.117,None,6.39,1.72,15.8,0.2,0.1949,0.0923,0.6212,0.0421,1.76,0.86,2.3868
1994-12-31,66190497,264761988,4,3243774000,2556260000,1393563000,1206150000,1850211000,0,0,0,153318000,1823112000,101934000,101934000,1.54,None,0.18,59806000,-35746000,-39451000,-15391000,205633000,-12540000,11.46,12.66,10.25,0.1152,None,6.99,1.45,None,0.16,0.1804,0.0829,0.5704,0.045,1.67,0.27,2.1194
1994-09-30,61612524,246450096,4,2979593000,2305464000,1025322000,843597000,1954271000,0,0,0,0,1119155000,46191000,44484000,0.58,None,0.15,3462000,-7910000,-52799000,-57247000,221024000,68804000,9.66,10.97,8.35,None,None,7.93,1.24,None,0.11,None,0,0.6559,None,None,-0.27,2.7329
1994-06-30,63259777,253039108,4,2819533000,2117803000,851678000,667971000,1967855000,0,0,0,0,1009277000,34415000,34415000,0.42,None,0.15,29709000,-49235000,-71913000,-91439000,278271000,46635000,8.68,9.66,7.69,None,None,7.78,1.13,None,0.07,None,0,0.6979,None,None,-0.07,3.1705
1994-03-31,63441368,253765472,4,2814985000,2129993000,859100000,669425000,1955885000,0,0,0,0,992135000,41795000,41795000,0.51,None,0.15,175961000,331976000,-351462000,156475000,369710000,21223000,10.64,12.47,8.81,None,None,7.71,1.39,None,0.04,None,0,0.6948,None,None,0.61,3.1818
1993-12-31,63812277,255249108,4,3219099000,2159985000,1268349000,1031642000,1950750000,0,0,0,0,None,None,None,None,None,0,None,None,None,None,213235000,0,10.77,12.69,8.85,None,None,7.64,None,None,0,None,0,0.606,None,None,None,2.0937
