"Quarter end","Shares","Shares split adjusted","Split factor","Assets","Current Assets","Liabilities","Current Liabilities","Shareholders equity","Non-controlling interest","Preferred equity","Goodwill & intangibles","Long-term debt","Revenue","Earnings","Earnings available for common stockholders","EPS basic","EPS diluted","Dividend per share","Cash from operating activities","Cash from investing activities","Cash from financing activities","Cash change during period","Cash at end of period","Capital expenditures","Price","Price high","Price low","ROE","ROA","Book value of equity per share","P/B ratio","P/E ratio","Cumulative dividends per share","Dividend payout ratio","Long-term debt to equity ratio","Equity to assets ratio","Net margin","Asset turnover","Free cash flow per share","Current ratio"
2019-06-30,197872156,197872156,1,18440100000,2222500000,8717900000,1898800000,9720600000,1600000,0,14900000,6020100000,583900000,405500000,405500000,2.09,2.09,0.04,-269000000,940300000,-10600000,660700000,959100000,-29000000,10.62,17.35,3.89,-0.0157,-0.0088,49.13,0.27,None,44.66,None,0.6193,0.5271,None,0.12,-1.21,1.1705
2019-03-31,197536254,197536254,1,13863000000,1211900000,5962700000,516900000,7900500000,-200000,0,0,5018500000,405900000,-190400000,-190400000,-1.75,-1.75,0.04,-24400000,55300000,-7300000,23300000,298400000,29000000,4.12,4.89,3.34,-0.0844,-0.0489,40,0.06,None,44.62,None,0.6352,0.5699,None,0.12,-0.27,2.3446
2018-12-31,437071204,109267801,0.25,14023700000,1309700000,5934900000,528500000,8091400000,-2600000,0,2500000,5010400000,399000000,-203600000,-203600000,-0.47,-0.47,0.01,None,None,None,79100000,275100000,37000000,6.35,9.51,3.19,-0.0766,-0.0448,74.05,0.08,None,44.58,None,0.6192,0.577,None,0.12,None,2.4781
2018-09-30,437100203,109275050,0.25,14218600000,1382500000,5928400000,535800000,8292400000,-2200000,0,5400000,5002600000,430900000,-145000000,-145000000,-0.33,-0.33,0.01,-64200000,-218700000,-6600000,-289500000,196000000,46800000,29.54,34.96,24.12,-0.0755,-0.0446,75.89,0.38,None,44.54,None,0.6033,0.5832,None,0.12,-1.02,2.5803
2018-06-30,437121391,109280347,0.25,14340600000,1462800000,5906700000,549800000,8436200000,-2300000,0,8200000,4994900000,458500000,-151000000,-151000000,-0.35,-0.35,0.01,-57500000,84200000,-6200000,20100000,485500000,62600000,23.56,30.4,16.72,-0.0617,-0.0366,77.2,0.3,None,44.5,None,0.5921,0.5883,None,0.13,-1.1,2.6606
2018-03-31,437107546,109276886,0.25,14533700000,1578700000,5942600000,573300000,8593600000,-2500000,0,14200000,4987300000,417000000,-140100000,-140100000,-0.32,-0.32,0.01,39500000,-228200000,206500000,20000000,465400000,269300000,23.26,30.12,16.4,-0.0497,-0.0296,78.64,0.29,None,44.46,None,0.5804,0.5913,None,0.13,-2.1,2.7537
2017-12-31,436009156,109002289,0.25,14625900000,1612000000,5895900000,758500000,8732100000,-2100000,0,15700000,4750700000,454200000,-207100000,-207100000,-0.46,-0.46,0.01,39800000,-304200000,-14100000,-279000000,445400000,59800000,22.36,25.68,19.04,-0.0365,-0.0217,80.11,0.3,None,44.42,None,0.5441,0.597,None,0.13,-0.18,2.1252
2017-09-30,436019178,109004794,0.25,13682900000,2461500000,5515600000,488700000,8165200000,2100000,0,0,4747700000,460200000,-25400000,-25400000,-0.08,-0.08,0.01,89100000,469900000,-4100000,554800000,724400000,141500000,20.36,24.32,16.4,-0.007,-0.0041,74.91,0.19,19.58,44.38,None,0.5815,0.5967,None,0.14,-0.48,5.0368
2017-06-30,303873924,75968481,0.25,13723900000,2531800000,5533600000,503000000,8184600000,5700000,0,0,4744700000,457500000,-45500000,-45500000,-0.15,-0.15,0.01,25900000,76700000,-205600000,-102100000,169600000,50000000,28.78,38,19.56,0.0065,0.0038,107.74,0.27,2.94,44.34,0.2285,0.5797,0.5964,0.0268,0.14,-0.32,5.0334
2017-03-31,303500188,75875047,0.25,13972300000,2713600000,5746500000,546100000,8221200000,4600000,0,0,4905900000,471100000,-25700000,-25700000,-0.09,-0.09,0.01,104600000,-645400000,-346700000,-888000000,271700000,282600000,40.38,48.16,32.6,0.0853,0.0495,108.35,0.37,3.08,44.3,0.0176,0.5967,0.5884,0.2832,0.17,-2.35,4.9691
2016-12-31,302954662,75738665,0.25,14374500000,3279300000,6119500000,854400000,8250600000,4400000,0,0,4942600000,504600000,39000000,39000000,0.22,0.22,0.01,83500000,-205100000,816700000,694300000,1159700000,58100000,38.44,48.12,28.76,0.1156,0.0643,108.94,0.37,None,44.26,0.0136,0.5991,0.574,0.3206,0.2,0.34,3.8381
2016-09-30,303047563,75761890,0.25,13602300000,2465700000,5621300000,590200000,7972700000,8300000,0,0,4677000000,548200000,85300000,85300000,0.28,0.28,0.01,194400000,-338100000,-181000000,-324900000,465400000,44900000,34.78,43.56,26,-0.223,-0.1187,105.23,0.33,None,44.22,None,0.5866,0.5861,None,0.23,1.97,4.1777
2016-06-30,301337497,75334374,0.25,13765000000,2554700000,5878100000,610800000,7879900000,7000000,0,0,4905600000,909600000,590600000,590600000,2.04,2.04,0.01,562900000,-752500000,-103800000,-293700000,790300000,51300000,42.72,49.44,36,-0.1879,-0.0984,104.6,0.48,None,44.18,None,0.6225,0.5725,None,0.25,6.79,4.1825
2016-03-31,301312161,75328040,0.25,13610000000,2322800000,6903600000,1507400000,6700700000,5700000,0,0,4991000000,814000000,175300000,175300000,0.74,0.74,0.01,238700000,727000000,-2900000,962700000,1084000000,158100000,46.7,64.4,29,-0.2252,-0.1162,88.95,0.42,None,44.14,None,0.7448,0.4923,None,0.25,1.07,1.5409
2015-12-31,235274198,58818549,0.25,13637000000,2285100000,7119800000,775500000,6512900000,4300000,0,4300000,5895100000,828300000,-2471800000,-2471800000,-10.6,-10.6,0.15,425100000,-501000000,-42900000,-118800000,121300000,-38100000,64.38,75.72,53.04,-0.1946,-0.1016,110.73,0.42,None,44.1,None,0.9051,0.4776,None,0.26,7.88,2.9466
2015-09-30,235475102,58868775,0.25,16440800000,2412600000,7419000000,803100000,9011100000,10700000,0,284600000,5903300000,1012200000,292000000,292000000,1.24,1.24,0.15,375100000,-731300000,-51500000,-407700000,240400000,530300000,71.26,88.84,53.68,-0.2987,-0.158,153.07,0.48,None,43.5,None,0.6551,0.5481,None,0.25,-2.64,3.0041
2015-06-30,235678744,58919686,0.25,16338100000,2640600000,7576200000,928300000,8750600000,11300000,0,307800000,5911300000,1059000000,260300000,260300000,1.11,1.11,0.15,427800000,-421800000,-245600000,-239500000,648300000,516800000,98.88,113.6,84.16,-0.2613,-0.1423,148.52,0.68,None,42.9,None,0.6755,0.5356,None,0.26,-1.51,2.8446
2015-03-31,234291051,58572762,0.25,16346200000,3053800000,7831100000,1133600000,8504500000,10600000,0,316500000,5919300000,1163900000,324700000,324700000,1.38,1.38,0.15,459000000,-384300000,148200000,223000000,887800000,397100000,104.12,129.12,79.12,-0.3857,-0.2198,145.2,0.74,None,42.3,None,0.696,0.5203,None,0.26,1.06,2.6939
2014-12-31,234172524,58543131,0.25,16059900000,2934800000,7837000000,1104600000,8215000000,7900000,0,321800000,5920400000,913300000,-3451800000,-3451800000,-14.88,-14.88,0.75,530800000,-822500000,-217200000,-508900000,664800000,-59200000,135.74,167.96,103.52,-0.3504,-0.212,140.32,0.67,None,41.7,None,0.7207,0.5115,None,0.25,10.08,2.6569
2014-09-30,234258168,58564542,0.25,19772500000,3030400000,7923500000,1131500000,11836400000,12600000,0,3331800000,5903900000,1261200000,429400000,429400000,1.83,1.83,0.75,601900000,-621200000,1048200000,1028700000,1173700000,647400000,193.3,222.96,163.64,-0.0073,-0.0046,202.11,0.98,None,38.7,None,0.4988,0.5986,None,0.25,-0.78,2.6782
2014-06-30,234308440,58577110,0.25,18271200000,1775800000,6678400000,1090000000,11582600000,10200000,0,3340600000,4679100000,1203000000,-1172700000,-1172700000,-5.07,-5.07,0.75,504800000,-283100000,-199300000,22500000,145000000,325500000,208.84,223.56,194.12,-0.0112,-0.0073,197.73,0.94,8.76,35.7,None,0.404,0.6339,None,0.26,3.06,1.6292
2014-03-31,233662387,58415596,0.25,19521200000,1472400000,6590400000,952900000,12921600000,9200000,0,3349300000,4703700000,1187000000,292500000,292500000,1.25,1.25,0.75,416600000,-270800000,-189000000,-43100000,122500000,274100000,210.6,229.8,191.4,0.1101,0.0724,221.2,0.96,8.67,32.7,0.419,0.364,0.6619,0.2811,0.26,2.44,1.5452
2013-12-31,233568357,58392089,0.25,19472900000,1535200000,6674000000,1047300000,12791600000,7300000,0,3352400000,4766400000,1255600000,361400000,361400000,1.55,1.54,0.75,547900000,-511300000,-197200000,-159800000,165600000,479000000,231.48,249,213.96,0.1137,0.0746,219.06,1.07,10.58,29.7,0.3712,0.3726,0.6569,0.2876,0.26,1.18,1.4659
2013-09-30,233539717,58384929,0.25,19142900000,1517100000,6540300000,940500000,12593100000,9500000,0,3366600000,4743600000,1266200000,378800000,378800000,1.62,1.62,0.5,648200000,-681700000,-130700000,-164400000,325400000,684600000,231.2,247.84,214.56,0.1043,0.068,215.69,1.1,10.84,26.7,0.3444,0.3767,0.6578,0.2684,0.25,-0.62,1.6131
2013-06-30,233530769,58382692,0.25,18806600000,1783500000,6488800000,861300000,12310100000,7700000,0,3375500000,4758700000,1248100000,360900000,360900000,1.55,1.55,0.5,442100000,-379800000,-133500000,-72000000,489800000,429800000,230.3,256.56,204.04,0.103,0.0669,210.85,1.11,10.97,24.7,0.3312,0.3866,0.6546,0.2683,0.25,0.21,2.0707
2013-03-31,232917732,58229433,0.25,18592500000,1784900000,6523900000,845400000,12062100000,6500000,0,3389000000,4783300000,1149900000,317100000,313800000,1.36,1.36,0.5,342300000,-151900000,-115700000,74700000,561800000,152800000,245.2,263.28,227.12,0.1031,0.0664,207.15,1.2,12.16,22.7,0.3129,0.3966,0.6488,0.2737,0.24,3.25,2.1113
2012-12-31,232709320,58177330,0.25,18565300000,1723900000,6713200000,989700000,11846400000,5700000,0,3394700000,4845900000,1078700000,219500000,219500000,0.95,0.94,0.38,599500000,-180200000,-92100000,327300000,487100000,280700000,228.52,242.92,214.12,0.1008,0.0642,203.63,1.14,11.22,20.7,0.3011,0.4091,0.6381,0.2697,0.24,5.48,1.7418
2012-09-30,232235808,58058952,0.25,18234300000,1410600000,6540400000,914900000,11687100000,6800000,0,3430900000,4822900000,1123600000,343500000,339900000,1.48,1.48,0.375,577000000,-531500000,-113100000,-66900000,159800000,531500000,214.86,245.92,183.8,0.1036,0.0653,201.3,1.09,11.96,19.18,0.2928,0.4127,0.6409,0.2764,0.23,0.78,1.5418
2012-06-30,231990811,57997702,0.25,18158200000,1460500000,6742800000,1151200000,11408500000,6900000,0,3444500000,4838000000,1072000000,341300000,337800000,1.47,1.47,0.375,463300000,-226500000,-219700000,17800000,226700000,226500000,194.58,222.64,166.52,0.0934,0.0581,196.71,1.02,13.48,17.68,0.3257,0.4241,0.6283,0.2564,0.22,4.08,1.2687
2012-03-31,231330787,57832696,0.25,17948000000,1297000000,6860400000,1239000000,11080800000,6800000,0,3447000000,4862600000,1026400000,265400000,262700000,1.15,1.15,0.375,547300000,-759000000,-10600000,-221800000,208900000,763500000,212.36,239.6,185.12,0.0733,0.0452,191.6,1.13,18.24,16.18,0.4151,0.4388,0.6174,0.226,0.2,-3.74,1.0468
2011-12-31,231049272,57762318,0.25,17871200000,1644700000,6986700000,1323400000,10879300000,5200000,0,3486100000,5050100000,1001400000,229400000,226800000,0.99,0.99,0.35,330300000,-242800000,-136600000,-49200000,430700000,242800000,185.36,221.16,149.56,0.0622,0.0383,188.35,1,16.26,14.68,0.4928,0.4642,0.6088,0.2088,0.18,1.51,1.2428
2011-09-30,230623519,57655879,0.25,17650200000,1514400000,6934100000,1255200000,10711100000,5000000,0,3499600000,5124600000,915600000,204500000,202200000,0.89,0.88,0.35,226200000,-231100000,-68400000,-74100000,479900000,231100000,187.26,216.48,158.04,0.0601,0.0389,185.78,1.02,16.26,13.28,0.524,0.4784,0.6069,0.2216,0.17,-0.08,1.2065
2011-06-30,230493455,57623363,0.25,17511400000,1566300000,6933100000,1194700000,10571700000,6600000,0,3295000000,4917400000,564200000,101900000,100900000,0.59,0.59,0.35,50600000,-2751200000,-177500000,-2878100000,554000000,90700000,220.62,241.24,200,0.06,0.0416,183.46,1.32,17.34,11.88,0.5424,0.4651,0.6037,0.2412,0.17,-0.7,1.311
2011-03-31,143430388,35857597,0.25,9665100000,3885200000,3673200000,2932400000,5986700000,5200000,0,336200000,240100000,361500000,64600000,63600000,0.45,0.45,0.35,125200000,-130500000,2386600000,2381400000,3432100000,130500000,218.62,238.44,198.8,0.0763,0.0591,166.96,1.32,13.46,10.48,0.4455,0.0401,0.6194,0.2797,0.21,-0.15,1.3249
2010-12-31,143397356,35849339,0.25,7051500000,1436700000,1086500000,349000000,5959500000,5500000,0,336200000,240100000,412800000,132900000,132900000,0.93,0.93,0.35,318400000,-111700000,-61200000,145500000,1050700000,137400000,194.02,215.72,172.32,0.099,0.0832,166.24,1.18,10.57,9.08,0.267,0.0403,0.8451,0.3396,0.24,5.05,4.1166
2010-09-30,142957550,35739387,0.25,7110100000,1525900000,1237100000,477900000,5865600000,7400000,0,336200000,248600000,428300000,130500000,128700000,0.91,0.91,0.35,119000000,-400500000,-50600000,-331900000,905200000,400500000,172.38,189.12,155.64,0.1143,0.0951,164.12,1.07,9.11,7.68,0.1633,0.0424,0.825,0.3665,0.26,-7.88,3.1929
2010-06-30,142959478,35739869,0.25,6921000000,1687600000,1147300000,416400000,5767600000,6100000,0,336200000,248600000,406300000,126300000,124800000,0.89,0.89,0.35,209900000,-126000000,-76000000,7700000,1237100000,168400000,171.3,209.28,133.32,0.121,0.1003,161.38,1.07,8.16,6.28,0.0892,0.0431,0.8333,0.379,0.26,1.16,4.0528
2010-03-31,142519853,35629963,0.25,6782700000,1700800000,1082900000,336600000,5691100000,8700000,0,336200000,257200000,449400000,189800000,189800000,1.33,1.33,0.025,170800000,-77500000,-4800000,88000000,1229400000,167500000,168.86,187.92,149.8,0.1386,0.1137,159.73,1.09,7.7,4.88,0.0181,0.0452,0.8391,0.3979,0.29,0.09,5.0529
2009-12-31,142522784,35630696,0.25,6747200000,1652800000,1240100000,484900000,5499200000,7900000,0,336200000,257200000,494800000,208700000,208700000,1.46,1.46,0.02,312300000,-175800000,-12500000,124200000,1141400000,175800000,182.06,205.2,158.92,0.1498,0.1216,154.34,1.23,7.38,4.78,0.0173,0.0468,0.815,0.4005,0.3,3.83,3.4085
2009-09-30,142506762,35626690,0.25,6455200000,1550800000,1163700000,403000000,5284200000,7300000,0,336200000,265800000,425400000,149700000,149700000,1.05,1.05,0.025,351300000,-213000000,-3300000,135200000,1017200000,213000000,150.8,172.56,129.04,0.1742,0.1409,148.32,1.05,5.3,4.7,0.0155,0.0503,0.8186,0.425,0.33,3.88,3.8481
2009-06-30,142444604,35611151,0.25,6349000000,1537400000,1220400000,455000000,5121500000,7100000,0,336200000,265700000,511600000,200300000,200300000,1.41,1.41,0.025,254100000,-286000000,-13800000,-45300000,882000000,285200000,135.04,169.88,100.2,0.2103,0.1691,143.82,0.98,4.34,4.6,0.0134,0.0519,0.8067,0.4441,0.38,-0.87,3.3789
2009-03-31,141801809,35450452,0.25,6084900000,1552200000,1175000000,438300000,4902900000,7000000,0,336200000,274300000,514100000,220700000,220700000,1.56,1.56,0.025,321500000,-178900000,-4600000,137700000,927300000,184600000,108.82,129.48,88.16,0.2416,0.1948,138.3,0.82,3.35,4.5,0.0123,0.0559,0.8057,0.4612,0.42,3.86,3.5414
2008-12-31,141818642,35454660,0.25,5830100000,1400900000,1153200000,427900000,4676900000,0,0,336200000,274300000,597200000,299800000,299800000,2.15,2.15,0.02,396100000,-34400000,-12300000,342000000,789600000,118000000,160.46,231.4,89.52,0.2656,0.2123,131.91,1.3,5.27,4.4,0.0118,0.0586,0.8022,0.4696,0.45,7.84,3.2739
2008-09-30,141822472,35455618,0.25,5457200000,1131800000,1081100000,362400000,4376100000,0,0,336200000,282900000,635800000,282300000,282300000,2,1.99,0.025,349100000,-277100000,-150900000,-84000000,447600000,239400000,267.24,324.48,210,0.2656,0.2093,123.42,2.25,8.98,4.32,0.0125,0.0646,0.8019,0.4574,0.46,3.09,3.1231
2008-06-30,143306577,35826644,0.25,5204900000,1065600000,956400000,239500000,4248500000,0,0,336200000,282800000,637100000,296700000,296700000,2.08,2.07,0.025,260900000,-295100000,-98400000,-133300000,531600000,298500000,286.1,332.96,239.24,0.2747,0.2134,118.58,2.56,10.09,4.22,0.0127,0.0666,0.8163,0.4673,0.46,-1.05,4.4493
2008-03-31,144345866,36086466,0.25,5195000000,1204400000,1164100000,443300000,4030900000,0,0,336200000,291400000,580300000,272000000,272000000,1.9,1.9,0.025,151200000,-115200000,1200000,35400000,664900000,116200000,222.34,260.92,183.76,0.2775,0.2111,111.7,2.13,8.26,4.12,0.0134,0.0723,0.7759,0.4668,0.45,0.97,2.7169
2007-12-31,143931358,35982839,0.25,4968800000,1129300000,1216800000,503500000,3752000000,0,0,336200000,291400000,529200000,238600000,238600000,1.66,1.65,0.02,374700000,-109900000,-257500000,6600000,629500000,112000000,225.48,243.76,207.2,0.2797,0.2104,104.27,2.26,8.7,4.02,0.014,0.0777,0.7551,0.4627,0.45,7.3,2.2429
2007-09-30,144869131,36217282,0.25,4764400000,1161500000,1154900000,431900000,3609500000,0,0,336200000,300000000,551900000,266700000,266700000,1.83,1.82,0.025,334900000,-115200000,-143800000,75900000,622900000,117600000,236.36,270.44,202.28,0.2824,0.2115,99.66,2.5,9.75,3.94,0.0146,0.0831,0.7576,0.4646,0.46,6,2.6893
2007-06-30,147416893,36854223,0.25,4620100000,1083100000,1140300000,409800000,3479800000,0,0,336200000,299900000,548600000,254400000,254400000,1.72,1.72,0.025,252700000,-182700000,-143300000,-73400000,547000000,184300000,232.8,253.12,212.48,0.2793,0.2073,94.42,2.59,10.37,3.84,0.0156,0.0862,0.7532,0.4532,0.46,1.86,2.643
2007-03-31,149086637,37271659,0.25,4510000000,1086500000,1165600000,425400000,3344400000,0,0,336200000,308500000,514100000,232300000,232300000,1.55,1.54,0.025,279700000,-104400000,-120700000,54600000,620400000,106000000,203.18,226.36,180,0.274,0.2017,89.73,2.38,10.08,3.74,0.0169,0.0922,0.7416,0.4387,0.46,4.66,2.5541
2006-12-31,150884927,37721231,0.25,4334400000,987200000,1118400000,384900000,3216000000,0,0,336200000,308500000,459700000,210400000,210400000,1.4,1.4,0.02,289800000,-108900000,-44100000,136700000,565800000,123000000,189.7,223,156.4,0.2612,0.19,85.26,2.38,10.95,3.64,0.0188,0.0959,0.742,0.4244,0.45,4.42,2.5648
2006-09-30,151859636,37964909,0.25,4132100000,854200000,1110200000,253000000,3021900000,0,0,336200000,466900000,489900000,214800000,214800000,1.41,1.4,0.025,None,-121200000,-57200000,119300000,429100000,121800000,169.52,189.6,149.44,0.2396,0.1718,79.6,2.28,12.36,3.56,0.0219,0.1545,0.7313,0.4011,0.43,None,3.3763
2006-06-30,153452877,38363219,0.25,3922200000,725800000,1064200000,230000000,2858000000,0,0,336200000,466900000,478800000,194700000,194700000,1.27,1.27,0.025,141800000,-37500000,-44800000,58700000,309800000,38200000,197.1,235,159.2,0.2005,0.1417,74.5,2.81,18.81,3.46,0.0277,0.1634,0.7287,0.3646,0.39,2.7,3.1557
2006-03-31,153771431,38442857,0.25,3818700000,589300000,1126400000,275500000,2692300000,0,0,336200000,475400000,385100000,149800000,149800000,0.98,0.97,0.025,218100000,-234400000,-1900000,-17400000,251100000,245600000,198.44,225.6,171.28,0.1615,0.1121,70.03,3.01,25.7,3.36,0.0362,0.1766,0.705,0.331,0.34,-0.72,2.139
2005-12-31,153492688,38373172,0.25,3617900000,578400000,1084700000,231400000,2533200000,0,0,336200000,475400000,304600000,105900000,105900000,0.7,0.69,0.02,110300000,-63800000,-8500000,36300000,268500000,76300000,179.52,201.36,157.68,0.1238,0.0846,66.01,2.83,30.12,3.26,0.0493,0.1877,0.7002,0.281,0.3,0.89,2.4996
2005-09-30,153265357,38316339,0.25,3509800000,496900000,1083400000,220700000,2426400000,0,0,336200000,483900000,276700000,76500000,76500000,0.5,0.5,0.025,75900000,-177000000,37600000,-64700000,232200000,178200000,166.14,191.4,140.88,0.0991,0.0666,63.33,2.73,35.81,3.18,0.0637,0.1994,0.6913,0.2379,0.28,-2.67,2.2515
2005-06-30,151992476,37998119,0.25,3403200000,528100000,1095000000,238500000,2308200000,0,0,336200000,483900000,248600000,70000000,70000000,0.46,0.46,0.025,None,None,None,66200000,296900000,77000000,137.48,157.96,117,0.0794,0.0527,60.75,2.33,41.91,3.08,0.0817,0.2096,0.6782,0.2032,0.26,None,2.2143
2005-03-31,151734754,37933688,0.25,3381000000,453900000,1141600000,226800000,2239400000,0,0,336200000,524300000,217000000,41800000,41800000,0.28,0.28,0.025,100900000,-148400000,12200000,-36300000,230700000,146600000,143.48,165.68,121.28,0.0569,0.0375,59.03,2.49,52.75,2.98,0.1163,0.2341,0.6623,0.1547,0.24,-1.2,2.0013
2004-12-31,151237094,37809273,0.25,3322000000,493700000,1140100000,215800000,2181900000,0,0,341000000,527100000,211000000,38500000,38500000,0.25,0.25,0.02,58800000,-61400000,-11000000,-13700000,267000000,56900000,124.8,136.6,113,0.0481,0.0316,57.71,2.2,52,2.88,0.1396,0.2416,0.6568,0.1339,0.24,0.05,2.2878
2004-09-30,151081993,37770498,0.25,3254200000,469000000,1112200000,195000000,2142000000,0,0,341000000,535000000,190000000,25800000,25800000,0.17,0.17,0.025,None,None,None,-2500000,280700000,68000000,120.2,132.6,107.8,0.0429,0.0282,56.71,2.14,48.47,2.8,0.1584,0.2498,0.6582,0.1197,0.24,None,2.4051
2004-06-30,151025844,37756461,0.25,3218800000,459000000,1100800000,189000000,2118000000,0,0,342000000,538000000,181000000,17500000,17500000,0.12,0.12,0.025,None,None,None,-14100000,283200000,54100000,108.22,116.64,99.8,0.0443,0.029,56.1,1.94,38.11,2.7,0.1546,0.254,0.658,0.1209,0.24,None,2.4286
2004-03-31,151003314,37750828,0.25,3211400000,484000000,1106400000,190000000,2105000000,0,0,342000000,547000000,186000000,21000000,21000000,0.14,0.14,0.025,70200000,-125300000,-1800000,-56700000,297300000,125600000,114.28,123.16,105.4,0.0515,0.0336,55.76,2.07,39.68,2.6,0.1343,0.2599,0.6555,0.1362,0.25,-1.47,2.5474
2003-12-31,150948955,37737238,0.25,3183000000,543000000,1102000000,187000000,2081000000,0,0,342000000,549000000,200000000,26300000,26300000,0.17,0.17,0.02,86400000,-46300000,-13300000,27100000,354000000,45300000,106.98,116,97.96,0.0532,0.0345,55.14,1.96,74.29,2.5,0.1316,0.2638,0.6538,0.1371,0.25,1.09,2.9037
2003-09-30,149873819,37468454,0.25,3173300000,532000000,1123300000,221000000,2050000000,0,0,341000000,558000000,199000000,27800000,27800000,0.19,0.19,0.025,80300000,-38000000,21600000,63900000,326900000,40700000,104.02,113.72,94.32,0.0276,0.0178,54.71,1.93,70.28,2.42,0.257,0.2722,0.646,0.0693,0.26,1.06,2.4072
2003-06-30,149828484,37457121,0.25,3109600000,473000000,1087600000,211000000,2022000000,0,0,350000000,536000000,196000000,31300000,31300000,0.21,0.21,0.025,54800000,58000000,-9100000,103300000,262200000,47300000,110.84,124.4,97.28,0.0289,0.0186,53.98,2.08,61.58,2.32,0.2467,0.2651,0.6502,0.0728,0.26,0.2,2.2417
2003-03-31,149444426,37361106,0.25,3103200000,413000000,1113200000,212000000,1990000000,0,0,350000000,544000000,195000000,22900000,22900000,0.15,0.15,0.025,71000000,-51400000,-4600000,11800000,158900000,53300000,109.98,123,96.96,0.0354,0.0226,53.26,2.08,65.46,2.22,0.2156,0.2734,0.6413,0.0875,0.26,0.47,1.9481
2002-12-31,149116127,37279031,0.25,3061500000,387000000,1094500000,198000000,1967000000,0,0,350000000,547000000,208100000,-26700000,-26700000,-0.19,-0.19,0.02,55700000,-68200000,-3400000,-15900000,147100000,63100000,111.54,126.48,96.6,0.0342,0.0218,52.76,2.1,34.01,2.12,0.2341,0.2781,0.6425,0.0845,0.26,-0.2,1.9545
2002-09-30,148940513,37235128,0.25,3084500000,386000000,1107500000,200000000,1977000000,0,0,350000000,549000000,191000000,30000000,30000000,0.2,0.2,0.025,71300000,-160300000,-54800000,-143800000,163000000,67900000,100.34,115.92,84.76,0.0727,0.0457,53.1,2.5,22.4,2.04,0.117,0.2777,0.6409,0.1724,0.27,0.09,1.93
2002-06-30,148793561,37198390,0.25,2361600000,489000000,870600000,128000000,1491000000,0,0,103000000,456000000,157000000,39500000,39500000,0.29,0.29,0.025,38400000,-53300000,2900000,-12000000,306000000,53800000,124.4,142,106.8,0.1065,0.0664,40.08,2.89,24.49,1.94,0.0851,0.3058,0.6314,0.2189,0.3,-0.41,3.8203
2002-03-31,135374864,33843716,0.25,2342400000,480000000,886400000,146000000,1456000000,0,0,0,462000000,142000000,16200000,16200000,0.12,0.12,0.025,44700000,-3700000,-1000000,40000000,318000000,42100000,103.14,122.8,83.48,0.1228,0.0766,43.02,2.41,17.31,1.84,0.0731,0.3173,0.6216,0.2306,0.33,0.08,3.2877
2001-12-31,134647121,33661780,0.25,2323800000,461000000,883800000,149000000,1440000000,0,0,0,462000000,180400000,29900000,29900000,0.21,0.21,0.02,134000000,-53300000,-17300000,63400000,278800000,44200000,80.28,104.92,55.64,0.1463,0.0914,42.78,1.9,12.7,1.74,0.0627,0.3208,0.6197,0.2532,0.36,2.67,3.094
2001-09-30,134622481,33655620,0.25,2292200000,467000000,871200000,130000000,1421000000,0,0,0,468000000,227000000,69000000,69000000,0.5,0.5,0.025,121300000,-70900000,-77200000,-26800000,215400000,41700000,72.98,94.72,51.24,0.1582,0.0992,42.22,1.76,14.48,1.66,0.0595,0.3293,0.6199,0.2709,0.37,2.37,3.5923
2001-06-30,137956230,34489057,0.25,2252400000,446000000,825400000,100000000,1427000000,0,0,0,468000000,215000000,61200000,61200000,0.44,0.44,0.025,83800000,-40600000,-10800000,32400000,242200000,27500000,126.64,161.76,91.52,0.1298,0.0817,41.38,3.21,34.41,1.56,0.0749,0.328,0.6335,0.2401,0.34,1.63,4.46
2001-03-31,138862011,34715502,0.25,2190900000,386000000,820900000,99000000,1370000000,0,0,0,474000000,195000000,46900000,46900000,0.34,0.34,0.025,82400000,-30000000,50800000,103200000,209800000,31800000,149.36,177.96,120.76,0.0982,0.0617,39.46,3.89,62.23,1.46,0.1022,0.346,0.6253,0.2035,0.3,1.46,3.899
2000-12-31,138490678,34622669,0.25,2108000000,288000000,763000000,117000000,1328000000,17000000,0,0,422000000,172800000,42300000,42300000,0.3,0.3,0.02,55800000,-71400000,19000000,3400000,106600000,73200000,126.26,164.52,88,0.0665,0.0421,38.36,3.39,105.22,1.36,0.1545,0.3178,0.63,0.1592,0.26,-0.5,2.4615
2000-09-30,138526350,34631587,0.25,2050500000,266000000,744500000,117000000,1289000000,17000000,0,0,410000000,149000000,25300000,25300000,0.18,0.18,0.025,35400000,-40600000,2800000,-2400000,103200000,42300000,148.02,172.52,123.52,0.0349,0.022,37.22,4.07,925.12,1.28,0.2993,0.3181,0.6286,0.0992,0.22,-0.2,2.2735
2000-06-30,138187735,34546933,0.25,1994900000,239000000,720900000,98000000,1257000000,17000000,0,0,410000000,116000000,14300000,14300000,0.1,0.1,0.025,27700000,-53300000,48600000,23000000,105600000,54100000,132.5,154.76,110.24,0.006,0.0038,36.39,3.68,None,1.18,1.7441,0.3262,0.6301,0.0203,0.19,-0.76,2.4388
2000-03-31,137887865,34471966,0.25,1930100000,200000000,673100000,102000000,1240000000,17000000,0,0,360000000,96000000,3100000,3100000,0.02,0.02,0.025,18900000,-70200000,-10500000,-61800000,82600000,86500000,114.26,147.52,81,-0.0134,-0.0084,35.97,3.18,None,1.08,None,0.2903,0.6425,None,0.17,-1.96,1.9608
1999-12-31,137294429,34323607,0.25,1983700000,273000000,732700000,134000000,1234000000,17000000,0,0,371000000,80600000,1100000,1100000,-0,-0,0.02,17200000,-56500000,-10600000,-49900000,144400000,45000000,79.76,100,59.52,0.0002,0.0002,35.95,2.21,99.7,0.98,43.4596,0.3006,0.6221,0.0008,0.18,-0.81,2.0373
1999-09-30,137307670,34326917,0.25,1971700000,298000000,719700000,124000000,1236000000,16000000,0,0,372000000,76000000,-11000000,-11000000,-0.08,-0.08,0.025,9800000,-63700000,-4500000,-58400000,194300000,64000000,83.74,99.24,68.24,0.0211,0.0133,36.01,2.3,29.91,0.9,0.4955,0.301,0.6269,0.0603,0.22,-1.58,2.4032
1999-06-30,137288984,34322246,0.25,1983300000,339800000,716100000,130600000,1250800000,16400000,0,0,373300000,79400000,-9800000,-9800000,-0.07,-0.07,0.025,19800000,-58800000,-3200000,-42200000,252700000,59000000,67,85.76,48.24,0.0773,0.0485,36.44,1.82,12.5,0.8,0.1354,0.2984,0.6307,0.1784,0.27,-1.14,2.6018
1999-03-31,137082632,34270658,0.25,1983300000,398100000,704300000,123700000,1262100000,16900000,0,0,374500000,127700000,20000000,20000000,0.15,0.15,0.025,68200000,-79500000,-23900000,-35200000,294900000,80100000,46.88,58.76,35,0.1504,0.0939,36.83,1.29,6.51,0.7,0.0703,0.2967,0.6364,0.2688,0.35,-0.35,3.2183
1998-12-31,137047152,34261788,0.25,1992800000,476300000,732000000,159400000,1245000000,15800000,0,0,375500000,153000000,27100000,27100000,0.2,0.2,0.02,60800000,-10500000,-13800000,36500000,330100000,77000000,48.88,63,34.76,0.2089,0.1289,36.34,1.37,5.66,0.6,0.0522,0.3016,0.6247,0.3122,0.41,-0.47,2.9881
1998-09-30,137606923,34401730,0.25,1990300000,510900000,750500000,178200000,1225900000,13900000,0,0,382000000,179800000,59000000,59000000,0.42,0.42,0.025,115400000,-101200000,-71900000,-57700000,293600000,101700000,57.64,73.76,41.52,0.2594,0.159,35.63,1.65,6.49,0.52,0.0486,0.3116,0.6159,0.3401,0.47,0.4,2.867
1998-06-30,140898862,35224715,0.25,1989000000,526500000,745400000,182700000,1230800000,12800000,0,0,388800000,234000000,80600000,80600000,0.57,0.57,0.025,123600000,-70400000,-20400000,32800000,351300000,71100000,94.38,123,65.76,0.2803,0.1751,34.94,2.89,11.68,0.42,0.0476,0.3159,0.6188,0.3337,0.52,1.49,2.8818
1998-03-31,142279328,35569832,0.25,1907600000,505900000,734300000,175900000,1161000000,12300000,0,0,395200000,246400000,87200000,87200000,0.62,0.61,0.025,148900000,-80300000,-12300000,56300000,318500000,81000000,114.5,134.24,94.76,0.273,0.1731,32.64,3.78,17.19,0.32,0.04,0.3404,0.6086,0.3165,0.55,1.91,2.8761
1997-12-31,142254446,35563611,0.25,1772000000,447100000,684300000,130900000,1076700000,11000000,0,0,400800000,234757000,77593000,77593000,0.56,None,0.03,104637000,-141365000,177229000,140501000,262200000,141750000,150.76,188,113.52,0.2402,0.1556,30.28,5.36,28.23,0.22,0.0335,0.3722,0.6076,0.287,0.54,-1.04,3.4156
1997-09-30,142282699,35570674,0.25,1486922000,303844000,486515000,122700000,1000407000,0,0,0,209259000,223325000,67804000,67804000,0.48,None,0.025,86910000,-25046000,-11882000,49982000,121697000,26509000,132.12,159,105.24,0.2055,0.1355,28.12,5.01,31.61,0.1,0.0189,0.2092,0.6728,0.2569,0.53,1.7,2.4763
1997-06-30,70994806,35497403,0.5,1413800000,230623000,478577000,119458000,935223000,0,0,0,215553000,195418000,52226000,52226000,0.74,None,0,85075000,-81837000,-19067000,-15829000,71715000,82323000,97.88,112,83.76,0.1698,0.111,26.35,3.93,28.96,0,0,0.2305,0.6615,0.2292,0.48,0.08,1.9306
1997-03-31,70873236,35436618,0.5,1339780000,228710000,457372000,102321000,882408000,0,0,0,235590000,161600000,36277000,36277000,0.51,None,0,59978000,-31352000,-21780000,6846000,87544000,31718000,98.5,116,81,0.1405,0.0909,24.9,4.12,34.68,0,0,0.267,0.6586,0.2143,0.42,0.8,2.2352
1996-12-31,70863520,35431760,0.5,1315420000,211399000,469469000,103880000,845951000,0,0,0,258635000,152450000,31917000,31917000,0.46,None,0,50419000,-63770000,4528000,-8823000,80698000,69697000,81.62,100.24,63,0.1274,0.0824,23.88,3.55,33.18,0,0,0.3057,0.6431,0.2035,0.4,-0.54,2.035
1996-09-30,70840317,35420158,0.5,1250370000,199552000,435658000,104403000,814712000,0,0,96258000,253524000,134588000,27212000,27212000,0.38,None,0,64184000,-13903000,-37503000,12778000,89521000,36999000,62.5,72,53,0.1202,0.0779,23,2.81,27.9,0,0,0.3112,0.6516,0.2055,0.38,0.77,1.9114
1996-06-30,70774762,35387381,0.5,1241862000,200913000,454750000,103164000,787112000,0,0,96906000,272988000,97249000,21581000,21581000,0.34,None,0,46906000,-40627000,-4690000,1589000,76743000,30411000,58.38,66,50.76,0.117,0.0754,22.24,3.24,32.43,0,0,0.3468,0.6338,0.2115,0.36,0.47,1.9475
1996-03-31,60673402,30336701,0.5,824620000,161812000,277783000,77922000,546837000,0,0,20000000,150518000,84546000,14690000,14690000,0.24,None,0,37041000,-31750000,-7201000,-1910000,75154000,38878000,49.12,58.24,40,0.1056,0.0682,18.03,2.8,31.09,0,0,0.2753,0.6631,0.1847,0.37,-0.06,2.0766
1995-12-31,60656735,30328367,0.5,821451000,165753000,290202000,86808000,531249000,0,0,20000000,159201000,75555000,17073000,17073000,0.27,None,0,23319000,-28851000,-7857000,-13389000,77064000,40037000,39,46,32,0.0947,0.0603,17.52,2.3,30.47,0,0,0.2997,0.6467,0.1722,0.35,-0.55,1.9094
1995-09-30,60595143,30297571,0.5,807425000,167841000,293160000,85410000,514265000,0,0,20421000,163204000,71793000,16280000,16280000,0.27,None,0,18585000,-36625000,11238000,-6802000,90453000,34405000,33.75,39,28.5,0.0794,0.0502,16.97,2.06,34.44,0,0,0.3174,0.6369,0.1462,0.34,-0.52,1.9651
1995-06-30,60435218,30217609,0.5,781811000,164112000,285673000,104785000,496138000,0,0,20665000,141157000,66547000,7084000,7084000,0.12,None,0,21660000,-37044000,-7263000,-22647000,97613000,40017000,31.38,34.76,28,0.0613,None,16.42,1.94,29.06,0,0,0.2845,0.6346,0.1146,0.34,-0.61,1.5662
1995-03-31,60376836,30188418,0.5,778613000,186622000,289810000,105835000,488803000,0,0,20947000,148967000,65219000,7622000,7622000,0.13,None,0,21001000,-29309000,-19641000,-27949000,120260000,28771000,25.63,28.76,22.5,0.0721,None,16.19,1.59,21.01,0,0,0.3048,0.6278,0.1235,0.34,-0.26,1.7633
1994-12-31,60413780,30206890,0.5,775383000,212370000,287433000,88210000,487950000,0,0,21159000,162466000,66366000,8466000,8466000,0.12,None,0,28890000,-1868000,-7740000,19282000,148209000,15569000,26.25,31,21.5,None,None,16.15,1.67,None,0,0,0.333,0.6293,None,None,0.44,2.4076
1994-09-30,61192265,30596132,0.5,779169000,203226000,297162000,82811000,482007000,0,0,26656000,169528000,63167000,6773000,6768000,0.12,0.12,0,14929000,-31918000,36957000,19968000,128927000,28286000,33.88,38.5,29.25,None,None,15.75,2.85,None,0,None,0.3517,0.6186,None,None,-0.44,2.4541
1994-06-30,56142992,28071496,0.5,735903000,170877000,331260000,79125000,404643000,0,70977000,27883000,135905000,67075000,10535000,9470000,0.17,0.17,0,32382000,-27113000,14912000,20181000,108959000,36136000,32.13,37.25,27,None,None,11.89,2.78,None,0,None,0.4073,0.4534,None,None,-0.13,2.1596
1994-03-31,224066380,28008297,0.125,708721000,151176000,314130000,74663000,394591000,0,70977000,28217000,123417000,65365000,11397000,10332000,0.05,0.05,0,31632000,-71613000,699000,-39282000,88778000,73174000,29.5,34,25,None,None,11.55,None,None,0,None,0.3814,0.4566,None,None,-1.48,2.0248
