"Quarter end","Shares","Shares split adjusted","Split factor","Assets","Current Assets","Liabilities","Current Liabilities","Shareholders equity","Non-controlling interest","Preferred equity","Goodwill & intangibles","Long-term debt","Revenue","Earnings","Earnings available for common stockholders","EPS basic","EPS diluted","Dividend per share","Cash from operating activities","Cash from investing activities","Cash from financing activities","Cash change during period","Cash at end of period","Capital expenditures","Price","Price high","Price low","ROE","ROA","Book value of equity per share","P/B ratio","P/E ratio","Cumulative dividends per share","Dividend payout ratio","Long-term debt to equity ratio","Equity to assets ratio","Net margin","Asset turnover","Free cash flow per share","Current ratio"
2012-03-31,125919381,125919381,1,10923900000,5585800000,6892300000,2108000000,3992300000,39300000,0,2926200000,2362300000,2152600000,188200000,188200000,1.48,1.46,0.29,-177500000,-71700000,-37700000,-282900000,704100000,71200000,124.88,126.44,123.31,0.2101,0.0763,31.71,4.25,19.73,18.32,0.1811,0.5917,0.3655,0.0965,0.79,-1.98,2.6498
2011-12-31,125801407,125801407,1,10713700000,5464600000,6975200000,2075600000,3700100000,38400000,0,2908200000,2374400000,2145000000,237900000,237900000,1.88,1.86,0.29,594500000,-139300000,-38000000,415200000,987000000,138800000,121.4,123.79,119,0.2178,0.0794,29.41,4,21.52,18.03,0.1792,0.6417,0.3454,0.1004,0.79,3.62,2.6328
2011-09-30,125203607,125203607,1,10245700000,5011700000,6414100000,1966000000,3796000000,35600000,0,2944500000,2391700000,2032600000,201100000,201100000,1.59,1.57,0.29,247700000,-134100000,-48700000,53800000,571800000,79100000,101.2,122.33,80.07,0.1984,0.0732,30.32,3.32,19.02,17.74,0.2014,0.6301,0.3705,0.0932,0.79,1.35,2.5492
2011-06-30,125005231,125005231,1,10256300000,4933400000,6408000000,1949800000,3812000000,36300000,0,2970100000,2384600000,2001400000,176600000,176600000,1.39,1.38,0.29,241100000,-519900000,-15800000,-293100000,518000000,62300000,89.66,96.12,83.21,0.1937,0.0701,30.49,3.13,17.31,17.45,0.2099,0.6256,0.3717,0.0912,0.77,1.43,2.5302
2011-03-31,124870523,124870523,1,9597400000,4898700000,5977500000,1693600000,3577900000,42000000,0,2446000000,2352700000,1895900000,194800000,194800000,1.53,1.52,0.29,96300000,-27700000,-61800000,12200000,811100000,35500000,86.91,94.12,79.71,0.2007,0.071,28.65,3.26,19.19,17.16,0.2119,0.6576,0.3728,0.0924,0.77,0.49,2.8925
2010-12-31,125605938,125605938,1,9271600000,4671100000,5883800000,1592400000,3346900000,40900000,0,2438000000,2352800000,1806200000,148300000,148300000,1.16,1.17,0.29,8800000,-123200000,-437000000,-552400000,798900000,122700000,80.77,88.6,72.93,0.1841,0.0635,26.65,3.07,19.37,16.87,0.2383,0.703,0.361,0.0831,0.76,-0.91,2.9334
2010-09-30,125375457,125375457,1,9664000000,5128900000,6319600000,1905300000,3303500000,40900000,0,2452400000,2353000000,1748000000,160200000,160200000,1.26,1.25,0.27,252200000,-328700000,554800000,484900000,1351300000,47200000,70.1,75.77,64.44,0.1763,0.0596,26.35,2.96,17.27,16.58,0.2527,0.7123,0.3418,0.0787,0.76,1.64,2.6919
2010-06-30,125282498,125282498,1,8791500000,4595700000,5779800000,1718000000,2971400000,40300000,0,2201900000,2007900000,1717500000,159000000,159000000,1.25,1.24,0.27,223300000,-92800000,-35400000,88000000,866400000,30700000,70.53,77.89,63.17,0.1776,0.0603,23.72,2.99,16.71,16.31,0.2545,0.6757,0.338,0.0777,0.78,1.54,2.675
2010-03-31,125178657,125178657,1,8727900000,4508100000,5729200000,1674000000,2950100000,48600000,0,2176500000,2007300000,1695200000,111200000,111200000,0.88,0.87,0.27,29300000,-21300000,-33200000,-32600000,778400000,20800000,66.45,72.8,60.1,0.189,0.0638,23.57,2.85,14.14,16.04,0.2407,0.6804,0.338,0.0806,0.79,0.07,2.693
2009-12-31,125165336,125165336,1,8741400000,4414400000,5773800000,1613100000,2921000000,46600000,0,2220200000,2008100000,1642300000,105000000,105000000,0.84,0.81,0.27,229400000,-416700000,208700000,21400000,811000000,54000000,58.95,65.93,51.97,0.2238,0.0726,23.34,2.55,11.23,15.77,0.2124,0.6875,0.3342,0.0893,0.81,1.4,2.7366
2009-09-30,124357280,124357280,1,8273400000,4325800000,5329800000,1670000000,2880000000,63600000,0,1834700000,1708700000,1647700000,145400000,145400000,1.15,1.14,0.25,237100000,-42000000,-23700000,170200000,789600000,41400000,52.67,57.98,47.36,0.2685,0.0836,23.16,2.46,9.68,15.5,0.1876,0.5933,0.3481,0.0981,0.85,1.57,2.5903
2009-06-30,123982974,123982974,1,8027500000,4098700000,5316200000,1688200000,2650000000,61300000,0,1839400000,1708200000,1699700000,177100000,177100000,1.41,1.4,0.25,157000000,-69200000,-144100000,-45700000,619400000,38900000,45.52,55.34,35.69,0.282,0.0882,21.37,2.53,8.28,15.25,0.1764,0.6446,0.3301,0.0996,0.89,0.95,2.4279
2009-03-31,123855808,123855808,1,7861700000,4088600000,5576700000,1806500000,2226600000,58400000,0,1770300000,1707600000,1695900000,169800000,169800000,1.35,1.35,0.25,67100000,-33900000,263700000,294800000,665100000,33400000,35.81,41.67,29.95,0.2785,0.0902,17.98,2.12,6.64,15,0.1699,0.7669,0.2832,0.0988,0.91,0.27,2.2633
2008-12-31,123767029,123767029,1,7482900000,3668300000,5391600000,1841300000,2091300000,0,0,1793000000,1410400000,1695100000,168700000,168700000,1.37,1.36,0.25,325800000,-91400000,-108700000,123400000,370300000,91400000,33.3,41.5,25.11,0.2602,0.0888,16.9,1.5,6.58,14.75,0.1687,0.6744,0.2795,0.0965,0.92,1.89,1.9922
2008-09-30,123098500,123098500,1,7621600000,3612500000,4893900000,1938600000,2727700000,0,0,1858000000,1405400000,1772300000,168000000,168000000,1.35,1.33,0.225,141000000,-111500000,-37800000,-18600000,246900000,73200000,46.89,55,38.79,0.2349,0.0838,22.16,2.02,9.93,14.5,0.1732,0.5152,0.3579,0.0927,0.9,0.55,1.8635
2008-06-30,125105024,125105024,1,7784300000,3668900000,4874800000,1706500000,2909500000,0,0,1898000000,1527500000,1849300000,186600000,186600000,1.49,1.46,0.225,168900000,-143500000,-223600000,-197700000,265500000,59200000,58.8,70.38,47.21,0.224,0.0787,23.26,2.68,13.87,14.27,0.1806,0.525,0.3738,0.0889,0.88,0.88,2.15
2008-03-31,125074877,125074877,1,7799500000,3779800000,5055200000,1866700000,2744300000,0,0,1828800000,1565300000,1745000000,157900000,157900000,1.26,1.24,0.225,148300000,-47900000,-44300000,57200000,463200000,54400000,63.93,71.14,56.72,0.2141,0.0718,21.94,3.1,16.91,14.05,0.1955,0.5704,0.3519,0.0826,0.87,0.75,2.0249
2007-12-31,125075415,125075415,1,7534000000,3548800000,4954600000,1742600000,2579400000,0,0,1815300000,1562900000,1579600000,131200000,131200000,1.05,1.03,0.22,182300000,-29300000,-60100000,91700000,406000000,119500000,70.75,75.74,65.76,0.2046,0.0657,20.62,3.5,20.1,13.82,0.2126,0.6059,0.3424,0.0755,0.87,0.5,2.0365
2007-09-30,124918621,124918621,1,7519100000,3565300000,4994600000,1658600000,2524500000,0,0,1827300000,1723100000,1601700000,126800000,126800000,1.01,0.99,0.2,215700000,-65700000,-51300000,100900000,314300000,64300000,62.36,68.58,56.13,0.2039,0.0626,20.21,3.46,18.73,13.6,0.2224,0.6826,0.3357,0.0709,0.88,1.21,2.1496
2007-06-30,125244228,125244228,1,7270600000,3318700000,5014800000,1646100000,2255800000,0,0,1817600000,1720500000,1622400000,124800000,124800000,1,0.98,0.2,74200000,-58700000,-35100000,-18500000,213400000,58700000,55.72,60.17,51.26,0.202,0.0601,18.01,3.36,18.64,13.4,0.236,0.7627,0.3103,0.0686,0.88,0.12,2.0161
2007-03-31,125166048,125166048,1,7076100000,3197800000,5000700000,1590500000,2075400000,0,0,1812600000,1722100000,1588500000,99800000,99800000,0.8,0.78,0.2,122800000,-36800000,-56000000,30600000,231900000,36800000,48.71,52.45,44.97,0.1865,0.0546,16.58,3.09,12.78,13.2,0.2629,0.8298,0.2933,0.0629,0.87,0.69,2.0106
2006-12-31,125375447,125375447,1,6901200000,3007500000,4924500000,1632600000,1976700000,0,0,1813300000,1721700000,1535300000,98900000,98900000,0.79,0.77,0.2,265100000,-100900000,-103600000,61200000,201300000,100900000,43.28,46.48,40.08,0.2474,0.0703,15.77,2.58,11.96,13,0.2069,0.871,0.2864,0.082,0.86,1.31,1.8422
2006-09-30,124761757,124761757,1,6979500000,2786900000,4887500000,1598600000,2092000000,0,0,1800000000,1721600000,1436000000,100700000,100700000,0.81,0.8,0.2,-44000000,-58200000,33400000,-68300000,140100000,58200000,39.7,42.14,37.25,0.2485,0.0671,16.77,2.46,11.99,12.8,0.2194,0.8229,0.2997,0.079,0.85,-0.82,1.7433
2006-06-30,124717032,124717032,1,6919000000,2808300000,4902500000,1626900000,2016500000,0,0,1801700000,1719600000,1483200000,81000000,81000000,0.65,0.64,0.2,-8600000,-50600000,-19600000,-74600000,208400000,50600000,42.3,47.45,37.15,0.2469,0.0629,16.17,3.07,12.9,12.6,0.2397,0.8528,0.2914,0.0728,0.86,-0.47,1.7262
2006-03-31,123907696,123907696,1,6637400000,2613200000,4929000000,1564600000,1708400000,0,0,1779400000,1740400000,1423800000,201500000,201500000,1.63,1.6,0.2,74700000,-43100000,-600000,31700000,283000000,43100000,40.67,44,37.34,0.2679,0.0639,13.79,3.41,18.92,12.4,0.248,1.0187,0.2574,0.0736,0.87,0.26,1.6702
2005-12-31,123408839,123408839,1,6454000000,2425400000,4981000000,1614600000,1473000000,0,0,1780700000,1742100000,1391300000,69600000,69600000,0.58,0.58,0.2,None,None,None,7300000,251300000,112000000,39.3,44.99,33.6,0.1824,0.0419,11.94,3.24,20.79,12.2,0.3809,1.1827,0.2282,0.0488,0.86,None,1.5022
2005-09-30,122915661,122915661,1,6236900000,2489900000,4745200000,1619500000,1491700000,0,0,1738800000,1709100000,1370500000,60800000,60800000,0.5,0.49,0.2,87900000,-31900000,-60600000,-7300000,244000000,31900000,43.03,45.82,40.25,0.164,0.0372,12.14,4.12,23.77,12,0.4302,1.1457,0.2392,0.044,0.85,0.46,1.5374
2005-06-30,135152924,135152924,1,6178000000,2424200000,4765300000,1649800000,1412700000,0,0,1754200000,1711800000,1352700000,75700000,75700000,0.63,0.61,0.2,None,None,None,-35100000,251300000,34300000,39.72,42.98,36.45,0.1618,0.0358,10.45,3.42,26.13,11.8,0.4478,1.2117,0.2287,0.0436,0.82,None,1.4694
2005-03-31,120543337,120543337,1,6285600000,2450400000,4883100000,1595100000,1402500000,0,0,1790900000,1893800000,1282000000,57500000,57500000,0.48,0.47,0.2,19700000,-35600000,5800000,-11500000,286400000,26800000,34.61,39.11,30.11,0.1388,0.0301,11.63,3.08,24.2,11.6,0.5199,1.3503,0.2231,0.0379,0.79,-0.06,1.5362
2004-12-31,119568200,119568200,1,6217500000,2356800000,4874600000,1564500000,1342900000,0,0,1773300000,1899400000,1261900000,37600000,37600000,0.31,0.32,0.2,175700000,-67900000,-158000000,-47600000,297900000,67900000,31.51,33.63,29.39,0.1339,0.0286,11.23,2.89,24.43,11.4,0.5515,1.4144,0.216,0.0364,0.78,0.9,1.5064
2004-09-30,118931857,118931857,1,5995000000,2285100000,4698300000,1487700000,1296700000,0,0,1747600000,2030600000,1166500000,49900000,49900000,0.42,0.41,0.2,109800000,-21500000,-99200000,-10900000,345500000,21500000,31.7,33.9,29.5,0.1259,0.0265,10.9,3,27.09,11.2,0.6018,1.566,0.2163,0.0342,0.77,0.74,1.536
2004-06-30,118733588,118733588,1,5934500000,2186300000,4679300000,1444500000,1255200000,0,0,1751800000,2069900000,1134000000,38800000,38800000,0.33,0.32,0.2,81600000,-28300000,-26100000,26900000,356400000,28300000,29.7,32.6,26.8,0.1192,0.0239,10.57,2.79,30.62,11,0.6676,1.6491,0.2115,0.0315,0.76,0.45,1.5135
2004-03-31,117605382,117605382,1,5938900000,2170300000,4688800000,1385200000,1250100000,0,0,1767300000,2140700000,1162100000,45900000,45900000,0.39,0.38,0.2,48500000,-23400000,-74800000,-48900000,329500000,22900000,29.75,32.9,26.6,0.1042,0.0199,10.63,2.93,35.42,10.8,0.805,1.7124,0.2105,0.0263,0.76,0.22,1.5668
2003-12-31,117718853,117718853,1,5889900000,2087100000,4696400000,1400900000,1193500000,0,0,1744200000,2136600000,1130300000,22600000,22600000,0.18,0.18,0.2,204300000,-51600000,-79700000,52500000,378400000,48600000,27.23,30.3,24.16,0.0961,0.0173,10.14,3.07,66.41,10.61,0.9372,1.7902,0.2026,0.0229,0.75,1.32,1.4898
2003-09-30,117605382,117605382,1,5864300000,2083200000,4820800000,1361600000,1043500000,0,0,1725200000,2144100000,1063900000,34000000,34000000,0.29,0.29,0.2,131200000,-30700000,-18700000,58100000,325900000,26300000,23.37,26.48,20.25,0.0545,0.0091,8.87,2.74,41,10.41,1.7035,2.0547,0.1779,0.012,0.76,0.89,1.53
2003-06-30,117585771,117585771,1,5788700000,2050200000,4786200000,1284500000,1002500000,0,0,1658600000,2133200000,1094500000,14400000,14400000,0.12,0.12,0.2,96000000,7600000,-24900000,82000000,267800000,25800000,16.67,21.14,12.2,0.0671,0.0119,8.53,2.08,18.52,10.21,1.3435,2.1279,0.1732,0.0154,0.78,0.6,1.5961
2003-03-31,117542647,117542647,1,5726300000,1970900000,4785000000,1293400000,941300000,0,0,1649500000,2132100000,1094200000,29400000,29400000,0.25,0.25,0.2,121600000,132000000,-402100000,35900000,185800000,17500000,16.57,20.05,13.1,0.0987,0.0188,8.01,1.81,14.54,10.01,2.1392,2.2651,0.1644,0.0237,0.79,0.89,1.5238
2002-12-31,102100408,102100408,1,5989600000,2008100000,4931300000,1554200000,932900000,125400000,0,1659100000,2129000000,1181400000,-24400000,-24400000,-0.25,-0.25,0.2,183000000,-1468900000,1078900000,-196400000,149900000,41600000,17.27,20.38,14.17,0.1081,0.0235,9.14,1.73,20.56,9.81,1.7966,2.2821,0.1558,0.0302,0.78,1.38,1.292
2002-09-30,102106452,102106452,1,4440400000,1810900000,3419300000,1281200000,1021100000,0,0,844500000,1326500000,882100000,46000000,46000000,0.45,0.45,0.2,193100000,-18400000,30900000,197600000,346300000,18500000,22.9,27.49,18.31,0.0734,0.0187,10,2.26,18.77,9.61,2.5015,1.2991,0.23,0.0255,0.73,1.71,1.4134
2002-06-30,102100408,102100408,1,4408300000,1729600000,3374700000,1245100000,1033600000,0,0,883000000,1312800000,925500000,45900000,45900000,0.45,0.45,1.4,102800000,-5600000,57000000,44800000,148700000,15900000,30.3,34.42,26.17,0.0986,0.0271,10.12,2.25,19.55,9.41,1.7513,1.2701,0.2345,0.0359,0.75,0.85,1.3891
2002-03-31,101972486,101972486,1,5270700000,2557300000,3897300000,1769200000,1373400000,0,0,884900000,1305600000,921200000,50400000,50400000,0.49,0.49,0.275,60300000,-16100000,-3200000,18100000,103900000,16200000,28.16,32.19,24.12,0.117,0.0334,13.47,2.1,10.51,8.01,0.6766,0.9506,0.2606,0.0426,0.78,0.43,1.4455
2001-12-31,101715416,101715416,1,4638100000,1921300000,3276700000,1158600000,1361400000,0,0,886100000,1307200000,716300000,-54400000,-54400000,-0.55,-0.55,0.28,172100000,-51300000,-102400000,1500000,85800000,54600000,22.77,26.89,18.65,0.2015,0.0576,13.38,1.55,5.72,7.73,0.3927,0.9602,0.2935,0.0691,0.83,1.16,1.6583
2001-09-30,101938739,101938739,1,4856900000,2144200000,3356000000,1284100000,1500900000,0,0,895100000,1310600000,1051900000,88000000,88000000,0.85,0.83,0.275,187000000,-141700000,-83300000,-208000000,84300000,42900000,27.35,38.8,15.91,0.3009,0.0798,14.72,1.92,6.98,7.45,0.27,0.8732,0.309,0.1142,0.7,1.41,1.6698
2001-06-30,104117236,104117236,1,5298500000,2289900000,3816300000,1467800000,1482200000,0,0,865600000,1310700000,1239000000,83300000,83300000,0.8,0.78,0.275,92300000,-51100000,-17200000,-65400000,292300000,47100000,40.25,44.5,36.01,0.3143,0.0747,14.24,2.98,10.35,7.18,0.2752,0.8843,0.2797,0.1029,0.73,0.43,1.5601
2001-03-31,103344210,103344210,1,5278200000,2329700000,3881200000,1490700000,1397000000,0,0,868500000,1315700000,1177300000,172300000,172300000,1.68,1.62,0.275,-68800000,-44700000,-733400000,280200000,357700000,43900000,37.86,42.65,33.06,0.3369,0.0731,13.52,3.17,12.41,6.9,0.2745,0.9418,0.2647,0.099,0.74,-1.09,1.5628
2000-12-31,102791696,102791696,1,5717500000,3080300000,4490900000,2147300000,1226600000,0,0,870700000,1316200000,226500000,78200000,78200000,0.77,0.75,0.28,None,None,None,-12700000,77500000,11900000,37.63,42.75,32.5,0.2731,0.057,11.93,3.3,12.26,6.63,0.3504,1.073,0.2145,0.0747,0.76,None,1.4345
2000-09-30,101842138,101842138,1,5864400000,2365000000,4704500000,2166200000,1159900000,0,0,1196300000,1315000000,1378200000,79900000,79900000,0.79,0.77,0.275,-15900000,-50300000,76600000,8700000,90200000,37600000,37.16,43.13,31.19,0.3118,0.0668,11.39,3.4,22.39,6.35,0.3082,1.1337,0.1978,0.0606,1.1,-0.53,1.0918
2000-06-30,101468524,101468524,1,5694700000,2268600000,4585200000,1917000000,1109500000,0,0,1143300000,1515200000,1380900000,81700000,81700000,0.77,0.75,0.275,87100000,-40600000,-39900000,4700000,81500000,41800000,32.78,37.81,27.75,0.1832,0.0409,10.93,2.75,18.95,6.07,0.5235,1.3657,0.1948,0.0367,1.11,0.45,1.1834
2000-03-31,107334177,107334177,1,5574800000,2188200000,4296800000,1678400000,1278000000,0,0,1157200000,1516400000,1378200000,86100000,86100000,0.79,0.78,0.275,9000000,-62800000,64100000,10400000,76800000,29900000,25.56,29.56,21.56,0.1503,0.0398,11.91,2.18,15.88,5.8,0.5387,1.1865,0.2292,0.0351,1.13,-0.19,1.3037
1999-12-31,110237864,110237864,1,5455600000,2100500000,4162400000,1510900000,1293200000,0,0,1138100000,1516900000,2088100000,129600000,129600000,0.77,0.77,0.28,166800000,-74300000,-90000000,1200000,66400000,69300000,24.47,27.94,21,0.1162,0.0349,11.73,2.13,15.1,5.52,0.6022,1.173,0.237,0.0306,1.14,0.88,1.3902
1999-09-30,110149461,110149461,1,5444600000,2144800000,4180100000,1484300000,1264500000,0,0,1140200000,1527300000,1332100000,-70900000,-70900000,-0.64,-0.64,0.275,61500000,-88000000,-26900000,-53500000,65200000,70900000,35.79,44.63,26.94,0.064,0.0216,11.48,1.61,11.7,5.24,0.937,1.2078,0.2322,0.022,0.98,-0.09,1.445
1999-06-30,74583020,74583020,1,4293900000,1702900000,2635000000,848700000,1658900000,0,0,908400000,1189900000,1081700000,61600000,61600000,0.83,0.82,0.275,98600000,-58200000,23000000,63500000,96900000,47900000,38.94,45,32.88,0.1422,0.0543,22.24,1.79,13.07,4.97,0.3593,0.7173,0.3863,0.0556,0.98,0.68,2.0065
1999-03-31,74445557,74445557,1,4263200000,1675700000,2643100000,1046600000,1620100000,0,0,790100000,991900000,1035600000,49300000,49300000,0.66,0.66,0.275,45700000,-65300000,21700000,1700000,33400000,42700000,33.81,36.13,31.5,0.142,0.0538,21.76,1.57,11.2,4.69,0.3678,0.6122,0.38,0.0551,0.98,0.04,1.6011
1998-12-31,74387028,74387028,1,4192600000,1614500000,2593000000,990800000,1599600000,0,0,883400000,995200000,1015900000,58300000,58300000,0.79,0.78,0.28,70500000,-120900000,38600000,-11400000,31700000,73500000,34.47,39.94,29,0.1481,0.0556,21.5,1.64,22.1,4.42,0.3606,0.6222,0.3815,0.0573,0.97,-0.04,1.6295
1998-09-30,74333324,74333324,1,4096700000,1625800000,2535100000,934600000,1561600000,0,0,825700000,995000000,986200000,59700000,59700000,0.8,0.8,0.275,137700000,-63500000,-88400000,-14000000,43100000,56600000,38.38,49.69,27.06,0.1053,0.0401,21.01,1.89,23.12,4.13,0.5197,0.6372,0.3812,0.0343,1.17,1.09,1.7396
1998-06-30,73987129,73987129,1,4050900000,1608000000,2545900000,943400000,1505000000,0,0,817900000,993400000,1011000000,55900000,55900000,0.76,0.74,0.275,115000000,-50500000,-68900000,-3400000,57100000,43700000,49.94,54.81,45.06,0.1046,0.0413,20.34,2.51,25.74,3.86,0.5187,0.6601,0.3715,0.0351,1.18,0.96,1.7045
1998-03-31,72916001,72916001,1,3946100000,1496700000,2495800000,1226800000,1450300000,0,0,585700000,692300000,937700000,52600000,52600000,0.72,0.7,0.275,33400000,-396600000,377700000,13500000,60500000,30500000,46.41,53.81,39,0.1113,0.046,19.89,2.38,16.57,3.58,0.4814,0.4773,0.3675,0.0392,1.17,0.04,1.22
1997-12-31,72815895,72815895,1,3493900000,1401300000,2071300000,934900000,1422600000,0,0,597300000,564300000,1619100000,-11900000,-11900000,-0.68,None,0.28,137500000,-169300000,-212300000,-244600000,47000000,67300000,43.38,46,40.75,0.1452,0.063,19.54,1.95,10.79,3.31,0.3646,0.3967,0.4072,0.0528,1.19,0.96,1.4989
1997-09-30,54128605,54128605,1,2626700000,1040200000,1424000000,500600000,1202700000,0,0,541500000,390900000,585900000,49300000,49300000,0.9,None,0.275,8200000,67900000,-13400000,62000000,236900000,24800000,44.44,47.25,41.63,0.1934,0.0838,22.22,2.06,10.31,3.03,0.2719,0.325,0.4579,0.1009,0.83,-0.31,2.0779
1997-06-30,54050729,54050729,1,2617400000,986900000,1451700000,514100000,1165700000,0,0,547800000,391800000,578100000,55800000,55800000,1.02,None,0.275,41800000,44700000,-24900000,61800000,174900000,27400000,41.69,48.25,35.13,0.2151,0.0892,21.57,2.01,10.45,2.75,0.2536,0.3361,0.4454,0.1088,0.82,0.27,1.9197
1997-03-31,53948337,53948337,1,2569600000,921100000,1450300000,528400000,1119300000,0,0,567400000,394300000,589900000,85000000,85000000,1.56,None,0.275,22100000,175800000,-132300000,64400000,113100000,31900000,39.81,43.13,36.5,0.2079,0.0822,20.75,2.04,14.22,2.48,0.274,0.3523,0.4356,0.0975,0.84,-0.18,1.7432
1996-12-31,53792458,53792458,1,2663100000,912300000,1612900000,662500000,1050200000,0,0,591900000,400000000,420600000,29300000,29300000,0.54,None,0.28,112800000,-50400000,-63500000,-1100000,48700000,62400000,42.01,45.88,38.13,0.1538,0.0581,19.52,2.19,15.59,2.21,0.3895,0.3809,0.3944,0.0678,0.86,0.94,1.3771
1996-09-30,53682657,53682657,1,2672100000,978100000,1642700000,724700000,1029400000,0,0,604900000,381600000,567600000,64600000,64600000,1.19,None,0.275,84100000,-39400000,-33500000,11100000,49800000,38900000,39.26,45.13,33.38,0.1544,0.0567,19.18,2.16,18.74,1.92,0.4019,0.3707,0.3852,0.06,0.94,0.84,1.3497
1996-06-30,53632693,53632693,1,2642400000,970400000,1669100000,771800000,973300000,0,0,609300000,356100000,646100000,37900000,37900000,0.7,None,0.275,67200000,-128500000,71100000,9600000,38700000,38000000,38.63,41.88,35.38,0.1241,0.0451,18.15,2.29,17.68,1.65,0.5181,0.3659,0.3683,0.0455,0.98,0.54,1.2573
1996-03-31,52801972,52801972,1,2470600000,926400000,1579300000,655300000,891300000,0,0,527800000,348000000,604500000,19900000,19900000,0.37,None,0.275,-6400000,-39100000,14700000,-31200000,29100000,39100000,37.09,40.25,33.94,0.1336,None,16.88,2.22,17.5,1.38,0.4945,0.3904,0.3608,0.0482,0.98,-0.86,1.4137
1995-12-31,26345956,52691912,2,2489600000,950000000,1611000000,600700000,878600000,0,0,532900000,422300000,608000000,23200000,23200000,0.87,None,0.55,111600000,-57200000,-47800000,6400000,60300000,52600000,33.41,36.31,30.5,0.1275,None,16.67,2,None,1.1,0.5104,0.4807,0.3529,0.0467,0.97,1.12,1.5815
1995-09-30,26132139,52264278,2,2489700000,959900000,1494100000,656800000,873500000,122100000,0,535700000,385500000,606000000,32900000,31200000,1.19,1.18,0.55,38500000,-39100000,12500000,11200000,53900000,32300000,29.88,33.13,26.63,None,None,16.71,1.83,None,0.83,None,0.4413,0.3508,None,None,0.12,1.4615
1995-06-30,25944427,51888854,2,2454600000,919900000,1606200000,629000000,848400000,0,0,539800000,389200000,600600000,44300000,42300000,1.63,1.58,0.55,26500000,47300000,-71900000,2300000,42700000,32700000,24.79,27.38,22.19,None,None,16.35,1.39,None,0.55,None,0.4587,0.3456,None,None,-0.12,1.4625
1995-03-31,25886442,51772884,2,2510800000,920800000,1586200000,677400000,924600000,0,0,550200000,419700000,594000000,17600000,15700000,0.61,0.61,0.55,16900000,-30500000,17100000,4600000,40400000,26900000,21.82,22.82,20.82,None,None,17.86,1.22,None,0.28,None,0.4539,0.3682,None,None,-0.19,1.3593
1994-12-31,25795706,51591412,2,2468900000,878800000,1546300000,638000000,922600000,0,0,549500000,427100000,None,None,None,None,None,0,None,None,None,None,35800000,0,21.59,22.44,20.75,None,None,17.88,None,None,0,None,0.4629,0.3737,None,None,None,1.3774
