"Quarter end","Shares","Shares split adjusted","Split factor","Assets","Current Assets","Liabilities","Current Liabilities","Shareholders equity","Non-controlling interest","Preferred equity","Goodwill & intangibles","Long-term debt","Revenue","Earnings","Earnings available for common stockholders","EPS basic","EPS diluted","Dividend per share","Cash from operating activities","Cash from investing activities","Cash from financing activities","Cash change during period","Cash at end of period","Capital expenditures","Price","Price high","Price low","ROE","ROA","Book value of equity per share","P/B ratio","P/E ratio","Cumulative dividends per share","Dividend payout ratio","Long-term debt to equity ratio","Equity to assets ratio","Net margin","Asset turnover","Free cash flow per share","Current ratio"
2019-06-30,20174932,20174932,1,144837000,117217000,21194000,20255000,123643000,0,9000,860000,0,79988000,5343000,5343000,0.26,0.26,0.27,36000,-192000,-16975000,-17131000,83398000,192000,19.59,23.9,15.27,0.2342,0.2019,6.13,2.94,10.65,7.9,0.7236,0,0.8536,0.1105,1.83,-0.01,5.7871
2019-03-31,20223354,20223354,1,154427000,126431000,19747000,18626000,134680000,0,9000,860000,0,64565000,6619000,6619000,0.31,0.32,0.27,13113000,-113000,-5637000,7363000,100529000,113000,22.41,24.32,20.5,0.2896,0.2466,6.66,3.49,11.09,7.63,0.5775,0,0.8721,0.1332,1.85,0.64,6.7879
2018-12-31,20673921,20673921,1,156917000,128473000,24059000,23052000,132858000,0,9000,860000,0,60068000,7787000,7787000,0.38,0.38,0.27,11623000,-57000,-5532000,6034000,93166000,57000,27.63,33.4,21.85,0.3289,0.2788,6.43,4.4,13.28,7.37,0.5202,0,0.8466,0.1443,1.93,0.56,5.5732
2018-09-30,20673921,20673921,1,148071000,119128000,18230000,17045000,129841000,0,9000,860000,0,71396000,10752000,10752000,0.53,0.52,0.27,-1632000,-144000,-5653000,-7429000,87132000,144000,38.78,44.69,32.87,0.3553,0.2982,6.28,6.47,19.49,7.1,0.4703,0,0.8768,0.1488,2,-0.09,6.989
2018-06-30,20685555,20685555,1,152667000,123316000,28786000,27955000,123881000,0,9000,860000,0,87390000,12582000,12582000,0.62,0.62,0.25,22034000,-306000,-5103000,16625000,94561000,306000,39.32,46.83,31.81,0.3577,0.2963,5.99,7,21.6,6.83,0.4573,0,0.8114,0.1442,2.06,1.05,4.4112
2018-03-31,20600605,20600605,1,134836000,105235000,19105000,18109000,115731000,0,9000,860000,0,67322000,10183000,10183000,0.49,0.5,0.25,2234000,-139000,-5156000,-3061000,77936000,139000,47.57,53.94,41.2,0.3476,0.2863,5.62,8.91,28.15,6.58,0.4697,0,0.8582,0.1362,2.1,0.1,5.8112
2017-12-31,20601106,20601106,1,135591000,105593000,25610000,24934000,109981000,0,9000,860000,0,60110000,9064000,9064000,0.45,0.44,0.2,16842000,-214000,-4074000,12554000,80997000,214000,41.17,49.04,33.3,0.3404,0.2774,5.34,8.14,27.63,6.33,0.47,0,0.8111,0.1284,2.16,0.81,4.2349
2017-09-30,20604307,20604307,1,124882000,94566000,20559000,19255000,104323000,0,9000,860000,0,66711000,8760000,8760000,0.43,0.43,0.2,4407000,-307000,-4182000,-82000,68443000,307000,41.41,50.9,31.92,0.3146,0.2635,5.06,8.61,31.85,6.13,0.5283,0,0.8353,0.1158,2.28,0.2,4.9112
2017-06-30,20604307,20604307,1,125665000,95129000,26634000,25649000,99031000,0,9000,860000,0,79657000,9276000,9276000,0.46,0.45,0.2,13896000,-43000,-4058000,9795000,68525000,43000,30.91,41.73,20.1,0.2867,0.245,4.81,6.79,26.42,5.92,0.597,0,0.788,0.1034,2.37,0.67,3.7089
2017-03-31,20525524,20525524,1,112809000,81785000,19443000,18355000,93366000,0,9000,860000,0,63032000,7503000,7503000,0.37,0.37,0.19,15562000,-744000,-3992000,10826000,58730000,744000,21.46,23.66,19.26,0.2668,0.2342,4.55,4.93,20.06,5.72,0.6549,0,0.8276,0.0956,2.45,0.72,4.4557
2016-12-31,20526108,20526108,1,97620000,67689000,8235000,7934000,89385000,0,9000,860000,0,52866000,4823000,4823000,0.24,0.24,0.19,3857000,-4001000,-3848000,-3992000,47904000,4001000,21.38,23.49,19.28,0.2506,0.2263,4.35,4.98,19.98,5.53,0.7077,0,0.9156,0.09,2.51,-0.01,8.5315
2016-09-30,20526525,20526525,1,96527000,74592000,8563000,8563000,87964000,0,0,0,0,60791000,4899000,4899000,0.24,0.24,0.19,14679000,-3255000,-3835000,7589000,51896000,3255000,19.85,20.94,18.76,0.2577,0.2324,4.29,4.71,18.9,5.34,0.6944,0,0.9113,0.091,2.55,0.56,8.711
2016-06-30,20526942,20526942,1,99806000,77273000,13439000,13439000,86367000,0,0,0,0,72487000,6594000,6594000,0.33,0.32,0.19,13106000,-2604000,-3834000,6668000,44307000,2604000,18.4,19.49,17.31,0.2597,0.2332,4.21,4.52,18.04,5.15,0.6961,0,0.8653,0.0909,2.57,0.51,5.7499
2016-03-31,20446942,20446942,1,90279000,67627000,7084000,7084000,83195000,0,0,0,0,55392000,5418000,5418000,0.27,0.27,0.18,-1582000,-4258000,-3650000,-9490000,37639000,19953000,17.23,18.7,15.77,0.2562,0.2281,4.07,4.33,17.4,4.96,0.7127,0,0.9215,0.0876,2.6,-1.05,9.5464
2015-12-31,20326942,20326942,1,88583000,86420000,7708000,7708000,80875000,0,9000,860000,0,50933000,4890000,4890000,0.24,0.24,0.18,8594000,-19000,-3626000,4949000,47129000,2000,16.77,17.94,15.61,0.2565,0.2276,3.98,4.3,16.94,4.78,0.7175,0,0.9129,0.0877,2.6,0.42,11.2117
2015-09-30,20330842,20330842,1,88400000,86099000,9156000,9156000,79244000,0,9000,860000,0,56725000,4502000,4502000,0.22,0.22,0.18,3230000,-82000,-3653000,-505000,42180000,65000,16.48,18.42,14.53,0.2615,0.2323,3.9,4.3,18.11,4.6,0.7101,0,0.8963,0.0879,2.64,0.16,9.4036
2015-06-30,20330842,20330842,1,93443000,91045000,15561000,15561000,77882000,0,9000,860000,0,71634000,5757000,5757000,0.29,0.29,0.18,10811000,-126000,-3613000,7072000,42685000,110000,16.78,18.06,15.5,0.2442,0.2174,3.83,4.51,19.29,4.42,0.7673,0,0.8334,0.0798,2.72,0.53,5.8508
2015-03-31,20259359,20259359,1,82852000,80400000,7417000,7417000,75435000,0,9000,860000,0,49994000,4951000,4951000,0.24,0.24,0.17,2515000,-535000,-3435000,-1455000,35613000,520000,15.31,16.59,14.04,0.2383,0.2127,3.72,4.22,18.01,4.24,0.7895,0,0.9104,0.0761,2.8,0.1,10.84
2014-12-31,20263024,20263024,1,79842000,77755000,6295000,6295000,73547000,0,9000,860000,0,49284000,4797000,4797000,0.24,0.24,0.17,5938000,-42000,-3407000,2489000,37068000,26000,13.64,14.72,12.56,0.2367,0.2104,3.63,3.84,16.24,4.07,0.8085,0,0.921,0.0747,2.82,0.29,12.3519
2014-09-30,20263024,20263024,1,79429000,77164000,7582000,7582000,71847000,0,9000,860000,0,57576000,2732000,2732000,0.14,0.14,0.17,9333000,-383000,-3512000,5438000,34579000,366000,13.89,14.54,13.24,0.2371,0.2103,3.55,3.9,15.26,3.9,0.8201,0,0.9044,0.0733,2.87,0.44,10.1773
2014-06-30,20269423,20269423,1,86023000,81796000,13884000,13884000,72139000,0,9000,860000,0,72541000,4973000,4973000,0.25,0.25,0.17,14257000,-26000,-3395000,10836000,29141000,6000,13.21,13.8,12.63,0.2615,0.2293,3.56,3.8,14.68,3.73,0.7555,0,0.8385,0.0785,2.92,0.7,5.8914
2014-03-31,20189440,20189440,1,78375000,74209000,8158000,8093000,70217000,0,9000,860000,0,48632000,4526000,4526000,0.22,0.22,0.17,-4168000,-28000,-3436000,-7632000,18305000,6000,14.63,16.65,12.62,0.2641,0.2299,3.48,4.29,16.08,3.56,0.7415,0,0.8958,0.077,2.99,-0.21,9.1695
2013-12-31,20190273,20190273,1,75109000,70782000,6336000,6237000,68773000,0,9000,860000,0,50086000,4541000,4541000,0.23,0.23,0.17,-6684000,-29000,-3263000,-9976000,25937000,8000,15.76,16.94,14.58,0.2714,0.2347,3.41,4.73,17.32,3.39,0.7153,0,0.9155,0.0765,3.07,-0.33,11.3487
2013-09-30,20190273,20190273,1,77835000,75290000,10677000,10527000,67158000,0,9000,860000,0,60479000,4150000,4150000,0.21,0.21,0.17,4513000,-47000,-3551000,915000,35913000,27000,15,17.17,12.82,0.279,0.2386,3.33,4.59,16.67,3.22,1.796,0,0.8627,0.0768,3.11,0.22,7.1521
2013-06-30,20191773,20191773,1,81426000,78678000,15357000,15153000,66069000,0,9000,860000,0,74194000,4755000,4755000,0.24,0.24,0.15,19845000,-25000,-2977000,16843000,34998000,4000,13.05,13.73,12.37,0.264,0.2284,3.27,4.1,15.17,3.05,1.7836,0,0.8113,0.0771,2.96,0.98,5.1922
2013-03-31,20108773,20108773,1,73179000,70187000,9165000,8997000,64014000,0,9000,860000,0,51120000,4602000,4602000,0.23,0.23,0.15,-8551000,-120000,-3192000,-11863000,18155000,97000,12.73,14.37,11.09,0.2377,0.2094,3.18,4.11,15.34,2.9,1.869,0,0.8746,0.0753,2.78,-0.43,7.8012
2012-12-31,20000773,20000773,1,70731000,67576000,8661000,8414000,62070000,0,9000,860000,0,49609000,4577000,4577000,0.23,0.23,1.15,6107000,-351000,-22779000,-17023000,30018000,238000,11.17,12.39,9.95,0.2165,0.1916,3.1,2.79,14.14,2.75,1.9397,0,0.8774,0.0712,2.69,0.29,8.0314
2012-09-30,20006773,20006773,1,89363000,86192000,9250000,9023000,80113000,0,9000,860000,0,58145000,4034000,4034000,0.2,0.2,0.15,1933000,-5111000,-7132000,-10310000,47041000,84000,10.86,12.35,9.36,0.1962,0.1748,4,2.68,13.92,1.6,0.7341,0,0.8964,0.068,2.57,0.09,9.5525
2012-06-30,20421991,20421991,1,94543000,91207000,11898000,11628000,82645000,0,9000,860000,0,68955000,3952000,3952000,0.2,0.2,0.15,13801000,-233000,-3018000,10550000,57351000,207000,12.41,13.76,11.07,0.1956,0.1743,4.05,3.11,15.51,1.45,0.7099,0,0.8741,0.0675,2.58,0.67,7.8437
2012-03-31,20334941,20334941,1,91064000,87607000,9883000,9391000,81181000,0,9000,860000,0,55924000,3994000,3994000,0.21,0.2,0.15,6669000,1386000,-3219000,4836000,46801000,81000,11.45,12.72,10.17,0.2044,0.1816,3.99,2.92,14.68,1.3,0.6459,0,0.8914,0.0699,2.6,0.32,9.3288
2011-12-31,20337941,20337941,1,88403000,83181000,8590000,8231000,79813000,0,9000,860000,0,50523000,3898000,3898000,0.19,0.19,0.125,-2473000,853000,-3553000,-5173000,41965000,331000,9.56,10.55,8.57,0.1967,0.176,3.92,2.46,12.1,1.16,0.6259,0,0.9027,0.0721,2.44,-0.14,10.1058
2011-09-30,20337941,20337941,1,87973000,81514000,9041000,8695000,78932000,0,9000,860000,0,58225000,3930000,3930000,0.19,0.19,0.125,7651000,1863000,-11789000,-2275000,47138000,211000,10.59,12.28,8.91,0.1914,0.1735,3.88,2.58,12.91,1.03,0.6192,0,0.8971,0.0765,2.27,0.37,9.3748
2011-06-30,21008033,21008033,1,99416000,90621000,13275000,12935000,86141000,0,9000,860000,0,73578000,4837000,4837000,0.22,0.22,0.125,8544000,7537000,-16328000,-247000,49413000,82000,13.71,15.89,11.53,0.1912,0.175,4.1,3.06,14.9,0.91,0.6006,0,0.8664,0.0801,2.19,0.4,7.0059
2011-03-31,21636065,21636065,1,106287000,89604000,9282000,8961000,97005000,0,0,0,0,50910000,4147000,4147000,0.19,0.18,0.13,-1367000,-218000,-10009000,-11594000,49660000,176000,16.14,17.89,14.39,0.2074,0.1905,4.48,3.56,16.3,0.78,0.5159,0,0.9127,0.0901,2.11,-0.07,9.9993
2010-12-31,22521433,22521433,1,108260000,91280000,5944000,5229000,102316000,0,0,0,0,45118000,4522000,4522000,0.2,0.2,0.125,4795000,-248000,-3799000,748000,61254000,188000,17.01,18.8,15.21,0.2266,0.2091,4.54,3.83,16.36,0.65,0.4499,0,0.9451,0.0987,2.12,0.2,17.4565
2010-09-30,22783483,22783483,1,108589000,91449000,7454000,6694000,101135000,0,0,0,0,61245000,4977000,4977000,0.22,0.22,0.125,214000,-210000,-6385000,-6381000,60506000,173000,16.95,18.45,15.45,0.2433,0.2239,4.44,3.81,15.41,0.53,0.4076,0,0.9314,0.1019,2.2,0,13.6613
2010-06-30,22916252,22916252,1,115160000,97709000,13141000,12337000,102019000,0,0,0,0,74369000,7225000,7225000,0.32,0.32,0.1,26464000,-10147000,-2573000,13744000,66887000,130000,20.92,24.5,17.34,0.265,0.2428,4.45,4.97,18.35,0.4,0.3643,0,0.8859,0.1068,2.27,1.15,7.92
2010-03-31,23018702,23018702,1,104170000,86499000,7313000,7088000,96857000,0,0,0,0,50297000,6072000,6072000,0.26,0.25,0.1,-1223000,-194000,-2042000,-3459000,53143000,194000,20.56,23.3,17.82,0.2878,0.2599,4.21,5.09,18.19,0.3,0.2643,0,0.9298,0.1091,2.38,-0.06,12.2036
2009-12-31,22856035,22856035,1,98353000,80546000,6032000,5488000,92321000,0,0,850000,0,48353000,5590000,5590000,0.25,0.25,0.1,2803000,-270000,-2119000,414000,56602000,270000,17.63,19.74,15.53,0.3013,0.2706,4.04,4.56,16.17,0.2,0.1786,0,0.9387,0.1084,2.5,0.11,14.6767
2009-09-30,22841203,22841203,1,96607000,78693000,8174000,7728000,88433000,0,0,850000,0,62447000,6265000,6265000,0.28,0.28,0.1,-3152000,1876000,-2039000,-3315000,56188000,274000,16.82,19.26,14.37,0.3037,0.2681,3.87,4.58,15.87,0.1,0.0918,0,0.9154,0.1076,2.49,-0.15,10.1828
2009-06-30,22828503,22828503,1,101129000,80959000,17320000,16864000,83809000,0,0,850000,0,77169000,8075000,8075000,0.36,0.36,0,29257000,-309000,429000,29377000,59503000,309000,15.87,17.55,14.19,0.3068,0.2686,3.67,4.81,16.19,0,0,0,0.8287,0.107,2.51,1.27,4.8007
2009-03-31,22722803,22722803,1,81962939,61625128,6994935,6994935,74968004,0,0,850000,0,48070577,5649337,5649337,0.25,0.24,0,-818392,15032274,-11278384,2935498,30126041,1457726,15.77,18.29,13.26,0.2984,0.2622,3.3,4.57,16.6,0,0,0,0.9147,0.1047,2.5,-0.1,8.81
2008-12-31,23336097,23336097,1,91430442,70072751,10987977,10987977,80442465,0,0,850000,0,43405846,4884768,4884768,0.21,0.21,0,-2875989,5257011,-4157614,-1776592,27190543,1392989,16.01,19,13.02,0.2964,0.26,3.45,4.75,17.4,0,0,0,0.8798,0.105,2.48,-0.18,6.3772
2008-09-30,23532321,23532321,1,89274148,71139430,9968941,9968941,79305207,0,0,0,0,59569141,5821097,5821097,0.25,0.25,0,12035488,-21517210,-143927,-9625649,28967135,142210,14.05,15.9,12.21,0.3023,0.2692,3.37,4.55,16.53,0,0,0,0.8883,0.1058,2.54,0.51,7.1361
2008-06-30,23702604,23702604,1,87874035,69404575,14621742,14621742,73252293,0,0,0,0,68366683,6621209,6621209,0.28,0.28,0,6624577,12407310,-706932,18324955,38592784,212690,12.48,14,10.96,0.2985,0.2652,3.09,4.41,15.22,0,0,0,0.8336,0.1035,2.56,0.27,4.7467
2008-03-31,23721956,23721956,1,73454647,45224500,6420672,6420672,67033975,0,0,0,0,40423170,4903439,4903439,0.2,0.21,0,9517498,15189330,-6579271,18127557,20267829,150670,11.96,13.47,10.45,0.3079,0.2755,2.83,4.24,15.74,0,0,0,0.9126,0.1063,2.59,0.39,7.0436
2007-12-31,24184312,24184312,1,72720321,69017187,4452221,4452221,68268100,0,0,0,0,37348867,4409982,4409982,0.18,0.18,0,-2986993,-47836,-2215168,-5249997,2140272,37836,13.53,15.07,11.99,0.3036,0.2692,2.82,5.05,19.61,0,0,0,0.9388,0.1017,2.65,-0.13,15.5017
2007-09-30,24477976,24477976,1,74531870,70902220,8903840,8903840,65628030,0,0,0,0,51537197,4525726,4525726,0.19,0.18,0,3346719,516758,1526455,5389932,7390269,58242,14.43,15.98,12.88,0.2991,0.2627,2.68,5.99,22.2,0,0,0,0.8805,0.0958,2.74,0.13,7.9631
2007-06-30,24534693,24534693,1,70039119,66418650,10896438,10896438,59142681,0,0,0,0,59027235,6183084,6183084,0.26,0.25,0,9503270,-6555958,-1263445,1683867,2000337,255958,12.19,13.6,10.78,0.303,0.2655,2.41,5.52,20.32,0,0,0,0.8444,0.0931,2.85,0.38,6.0954
2007-03-31,24335781,24335781,1,61218487,57968369,7354914,7354914,53863573,0,0,0,0,36408023,3624039,3624039,0.15,0.15,0,1453838,-16475663,18701,-15003124,316470,200663,12.96,14.17,11.74,0.2986,0.2616,2.21,6.29,22.34,0,0,0,0.8799,0.089,2.94,0.05,7.8816
2006-12-31,24219317,24219317,1,54409719,51101132,4507200,4507200,49902519,0,0,0,0,31352277,2754234,2754234,0.11,0.11,0,863657,-522277,164869,506249,38169594,522277,12.16,14.19,10.13,0.315,0.2761,2.06,6.3,20.97,0,0,0,0.9172,0.0899,3.07,0.01,11.3377
2006-09-30,24212501,24212501,1,53502446,50731857,6806968,6806968,46695478,0,0,0,0,43812754,3314971,3314971,0.14,0.14,0,4518255,-97512,119654,4540397,37663345,97512,11.26,13.08,9.44,0.344,0.2933,1.93,6.33,20.47,0,0,0,0.8728,0.0926,3.17,0.18,7.4529
2006-06-30,24144042,24144042,1,51708924,48936294,8714413,8714413,42994511,0,0,0,0,50673353,4750258,4750258,0.2,0.2,0,9728690,-204227,381578,9906041,33122948,204227,14.34,17.72,10.97,0.365,0.3064,1.78,9.13,28.68,0,0,0,0.8315,0.0918,3.34,0.39,5.6156
2006-03-31,24007390,24007390,1,42624159,39953401,4984630,4984630,37639529,0,0,0,0,29408628,3139010,3139010,0.13,0.13,0,-3271098,-507274,354768,-3423604,23216907,507274,17.16,19.99,14.34,0.3702,0.3081,1.57,12.08,36.51,0,0,0,0.8831,0.0877,3.51,-0.16,8.0153
2005-12-31,23946223,23946223,1,41398080,39246439,7382393,7382393,34015687,0,0,0,0,25890095,2672092,2672092,0.11,0.11,0,867501,-219387,375301,1023415,26640511,219387,12.68,15.52,9.83,0.3883,0.3194,1.42,9.75,28.82,0,0,0,0.8217,0.0862,3.71,0.03,5.3162
2005-09-30,23720980,23720980,1,37530072,35491814,6736524,6736524,30793548,0,0,0,0,38652674,2710826,2710826,0.12,0.11,0,4726307,-18811,201863,4909359,25617096,18811,9.63,11.64,7.63,0.4069,0.3402,1.3,8.09,23.49,0,0,0,0.8205,0.084,4.05,0.2,5.2686
2005-06-30,23518690,23518690,1,35066197,32920268,7185338,7185338,27880859,0,0,0,0,43631758,3541586,3541586,0.15,0.15,0,7954780,-12104,84099,8026775,20707737,12104,7.36,8.21,6.5,0.418,0.3501,1.19,7.15,21.65,0,0,0,0.7951,0.0834,4.2,0.34,4.5816
2005-03-31,23487058,23487058,1,28119483,25871203,3902419,3902419,24217064,0,0,0,0,23531685,2423466,2423466,0.11,0.1,0,4812475,-25134,67601,4854942,12680962,25134,7.53,8.55,6.5,0.394,0.3225,1.03,8.18,25.1,0,0,0,0.8612,0.0739,4.36,0.2,6.6295
2004-12-31,23456223,23456223,1,24288805,21876839,2655081,2655081,21633724,0,0,0,0,20782837,1957111,1957111,0.08,0.08,0,-3059854,-36040,132000,-2963894,7826020,36040,6.12,7.61,4.63,0.3896,0.3088,0.92,7.37,22.67,0,0,0,0.8907,0.0652,4.74,-0.13,8.2396
2004-09-30,23418723,23418723,1,23740590,21295510,4331941,4331941,19408649,0,0,0,0,28754697,1811655,1811655,0.08,0.08,0,4854757,-43373,815776,5627160,10789914,43373,6.1,8.1,4.1,0.4046,None,0.83,8.71,22.59,0,0,0,0.8175,0.0603,5,0.21,4.9159
2004-06-30,23018723,23018723,1,23189644,20632643,7117507,7117507,16072137,0,0,0,0,35288528,1818138,1818138,0.08,0.08,0,1741421,-67210,209617,1883828,5162754,67210,9.51,12.29,6.73,0.4739,None,0.7,14.86,38.04,0,0,0,0.6931,0.0627,5.37,0.07,2.8989
2004-03-31,22036058,22036058,1,18480808,15824303,4486299,4486299,13994509,0,0,0,0,21467871,1338908,1338908,0.07,0.06,0,4205045,-416333,-511112,3277600,3278926,416333,10.01,12.96,7.05,None,None,0.64,16.68,None,0,0,0,0.7572,None,None,0.17,3.5273
2003-12-31,19648558,19648558,1,16672257,14278799,4925376,4908265,11746881,0,0,0,0,17169571,1223924,1223924,0.06,0.05,0,-5889880,-93742,1291102,-4692520,1326,93742,8.12,9.23,7,None,None,0.6,15.04,None,0,None,0,0.7046,None,None,-0.3,2.9091
2003-09-30,19633558,19633558,1,15303571,12866149,4788826,4754605,10514745,0,0,0,0,24969228,1818188,1818188,0.09,0.08,0,2853285,-21763,369820,3201342,4693846,21763,6.7,8.15,5.24,None,None,0.54,15.95,None,0,None,0,0.6871,None,None,0.14,2.706
2003-06-30,19336458,19336458,1,12831377,10133669,4620302,4568970,8211075,0,0,0,0,30387563,1432584,1432584,0.08,0.06,0,-62855,-209902,781092,508335,1492504,209902,3.63,5,2.27,None,None,0.42,None,None,0,None,0,0.6399,None,None,-0.01,2.2179
