"Quarter end","Shares","Shares split adjusted","Split factor","Assets","Current Assets","Liabilities","Current Liabilities","Shareholders equity","Non-controlling interest","Preferred equity","Goodwill & intangibles","Long-term debt","Revenue","Earnings","Earnings available for common stockholders","EPS basic","EPS diluted","Dividend per share","Cash from operating activities","Cash from investing activities","Cash from financing activities","Cash change during period","Cash at end of period","Capital expenditures","Price","Price high","Price low","ROE","ROA","Book value of equity per share","P/B ratio","P/E ratio","Cumulative dividends per share","Dividend payout ratio","Long-term debt to equity ratio","Equity to assets ratio","Net margin","Asset turnover","Free cash flow per share","Current ratio"
2019-06-30,224226878,224226878,1,14567700000,4168500000,4404200000,1031500000,10163500000,0,0,8734500000,2438300000,1203300000,459800000,459800000,2.05,2.04,0,538400000,-41000000,-61100000,438400000,1984700000,46800000,127.36,141.86,112.86,0.1396,0.0947,45.33,2.94,69.6,0,0,0.2399,0.6977,0.2964,0.32,2.19,4.0412
2019-03-31,224237214,224237214,1,13999600000,3650600000,4293000000,943800000,9706600000,0,0,8598200000,2470000000,1140400000,587900000,587900000,2.63,2.61,0,429900000,2900000,-252400000,179000000,1546300000,44000000,116.74,138.32,95.16,0.0452,0.0301,43.29,2.85,353.76,0,0,0.2545,0.6933,0.0959,0.31,1.72,3.868
2018-12-31,223469381,223469381,1,13931900000,3385000000,4766600000,1174000000,9165300000,0,0,8678700000,2501700000,1128800000,-45000000,-45000000,-0.2,-0.2,0,83400000,52200000,3100000,138100000,1367300000,42400000,116.28,140,92.56,0.0086,0.0056,41.01,2.83,173.55,0,0,0.273,0.6579,0.0188,0.3,0.18,2.8833
2018-09-30,223096632,223096632,1,13843600000,3248400000,4673900000,1027400000,9169700000,0,0,8751000000,2533300000,1026500000,330900000,330900000,1.48,1.47,0,387100000,104700000,11000000,498300000,1231100000,41200000,127.59,140.77,114.4,0.017,0.0112,41.1,3.24,None,0,0,0.2763,0.6624,0.0391,0.29,1.55,3.1618
2018-06-30,222859148,222859148,1,13490400000,2836100000,4723000000,1044400000,8767400000,0,0,8831200000,2564900000,1045000000,-457400000,-457400000,-2.05,-2.05,0,-343800000,568300000,7000000,219100000,732800000,62800000,115.37,128.64,102.1,-0.0112,-0.0073,39.34,2.82,49.52,0,None,0.2925,0.6499,None,0.27,-1.82,2.7155
2018-03-31,222500663,222500663,1,13830200000,3152000000,4717500000,942000000,9112700000,0,0,8911500000,2678800000,930900000,249100000,249100000,1.12,1.11,0,299300000,-254700000,-123500000,-72600000,513700000,66600000,121.41,137.88,104.95,0.0583,0.0383,40.96,3.03,61.63,0,0,0.294,0.6589,0.1446,0.26,1.05,3.3461
2017-12-31,221681437,221681437,1,13583300000,2953900000,4690200000,952500000,8893100000,0,0,8991800000,2720700000,910100000,30300000,30300000,0.13,0.14,0,257600000,700000,-225600000,34400000,584400000,88300000,124.96,144.91,105.01,0.0499,0.0327,40.12,3.12,55.54,0,0,0.3059,0.6547,0.1248,0.26,0.76,3.1012
2017-09-30,223409644,223409644,1,13643000000,2882000000,4699000000,972000000,8944000000,0,0,9069000000,2763000000,859000000,78000000,78000000,0.35,0.35,0,270000000,-171000000,-95000000,8000000,550000000,94000000,133.25,149.34,117.17,0.0577,0.0379,40.03,3.35,57.44,0,0,0.3089,0.6556,0.1471,0.26,0.79,2.965
2017-06-30,223185245,223185245,1,13489000000,2789000000,4614000000,856000000,8875000000,0,0,9149000000,2804000000,912000000,165000000,165000000,0.74,0.73,0,280000000,-253000000,-207000000,-171000000,542000000,100000000,114.92,133.67,96.18,0.0603,0.0394,39.77,2.91,54.72,0,0,0.3159,0.6579,0.1545,0.26,0.81,3.2582
2017-03-31,224556542,224556542,1,13435000000,2733000000,4579000000,837000000,8856000000,0,0,9260000000,2846000000,870000000,170000000,170000000,0.76,0.75,0,308000000,-495000000,-69000000,-253000000,713000000,75000000,130.29,145,115.58,0.0557,0.036,39.44,3.37,74.03,0,0,0.3214,0.6592,0.1467,0.25,1.04,3.2652
2016-12-31,224613750,224613750,1,13253000000,2578000000,4559000000,823000000,8694000000,0,0,9340000000,2888000000,828740000,97553000,97553000,0.44,0.42,0,382696000,114558000,-283463000,204122000,966000000,107005000,127.27,145.42,109.12,0.0477,0.0305,38.71,3.35,78.08,0,0,0.3322,0.656,0.1295,0.24,1.23,3.1324
2016-09-30,223930700,223930700,1,13293462000,2594534000,4789359000,1034341000,8504103000,0,0,9505170000,2929384000,799106000,94338000,94338000,0.42,0.42,0,291387000,-65218000,-62187000,164439000,761989000,94964000,127.12,138.4,115.84,0.0446,0.0282,37.98,3.48,317.8,0,0,0.3445,0.6397,0.1247,0.23,0.88,2.5084
2016-06-30,224247998,224247998,1,13029347000,2361209000,4830008000,658462000,8199339000,0,0,9585206000,3171092000,753116000,114943000,114943000,0.51,0.51,0,243933000,-330675000,-24093000,-112648000,597550000,66827000,136.28,162,110.56,0.011,0.0069,36.56,3.79,189.28,0,0,0.3867,0.6293,0.0319,0.22,0.79,3.5859
2016-03-31,224020164,224020164,1,12802445000,2127509000,4740168000,603613000,8062277000,0,0,9677138000,3212772000,701038000,92166000,92166000,0.41,0.41,0,167984000,-5665000,-466257000,-299913000,710198000,64204000,155.88,187.59,124.16,0.0175,0.0111,35.99,4.25,205.11,0,0,0.3985,0.6297,0.0537,0.21,0.46,3.5246
2015-12-31,225291331,225291331,1,13133230000,2425349000,4874614000,718250000,8258616000,0,0,9755799000,3281250000,699352000,66604000,66604000,0.3,0.29,0,190857000,-161590000,-181310000,-153170000,1010111000,80111000,172.07,193.45,150.69,0.0202,0.0132,36.66,4.7,139.89,0,0,0.3973,0.6288,0.0555,0.24,0.49,3.3767
2015-09-30,225324303,225324303,1,13153015000,2480219000,4900146000,766860000,8252869000,0,0,9803420000,3325000000,666637000,-183757000,-183757000,-0.81,-0.81,0,223086000,-195194000,-185028000,-158842000,1163281000,76053000,175.45,208.88,142.02,0.0391,0.0265,36.63,4.64,60.09,0,0,0.4029,0.6275,0.0923,0.29,0.65,3.2343
2015-06-30,226154636,226154636,1,13167719000,2533238000,4614848000,769169000,8552871000,0,0,9831662000,3368750000,636210000,170215000,170215000,0.84,0.83,0,238222000,-3179966000,3346341000,405309000,1322123000,73096000,170.53,191,150.06,0.1282,0.0923,37.82,9.68,58.4,0,0,0.3939,0.6495,0.2478,0.37,0.73,3.2935
2015-03-31,199576769,199576769,1,4414925000,2852987000,898023000,580439000,3516902000,0,0,841108000,0,600333000,91323000,91323000,0.46,0.45,0,23034000,-48423000,5074000,-27185000,916814000,57075000,182.18,193.27,171.08,0.1837,0.1467,17.62,11.16,55.88,0,0,0,0.7966,0.2597,0.56,-0.17,4.9152
2014-12-31,202148509,202148509,1,4201962000,2796029000,899944000,606740000,3302018000,0,0,841119000,9500000,599476000,153332000,153332000,0.77,0.76,0,283459000,-57179000,-30112000,191835000,943999000,52771000,179.16,203.3,155.01,0.2188,0.1749,16.33,11.38,74.65,0,0,0.0029,0.7858,0.2941,0.59,1.14,4.6083
2014-09-30,198286879,198286879,1,3890887000,2559878000,767848000,502537000,3123039000,0,0,851333000,21500000,555146000,177731000,177731000,0.9,0.88,0,281521000,-75574000,-59394000,140119000,752164000,22690000,164.04,173.7,154.38,0.1748,0.1371,15.75,11.26,82.43,0,0,0.0069,0.8027,0.2334,0.59,1.31,5.0939
2014-06-30,197814997,197814997,1,3553810000,2341306000,672228000,417701000,2881582000,0,0,853859000,33500000,512495000,166495000,166495000,0.84,0.83,0,106150000,81000,-22580000,83760000,612045000,43456000,154.44,172.5,136.37,0.1553,0.1205,14.57,11.31,94.17,0,0,0.0116,0.8108,0.2085,0.58,0.32,5.6052
2014-03-31,197796456,197796456,1,3379666000,2245880000,678688000,396822000,2700978000,0,0,857094000,45500000,566616000,159354000,159354000,0.81,0.79,0,-31055000,-90197000,119212000,-1572000,528285000,17733000,156.09,185.43,126.76,0.1368,0.1051,13.66,12.96,123.88,0,0,0.0168,0.7992,0.1855,0.57,-0.25,5.6597
2013-12-31,197830376,197830376,1,3317696000,2186857000,935617000,582429000,2382079000,0,0,863792000,65000000,441909000,-18992000,-18992000,-0.1,-0.1,0,208881000,-613271000,24516000,-380554000,529857000,8701000,117.32,133.75,100.89,0.1119,0.0852,12.04,9.77,66.66,0,0,0.0273,0.718,0.163,0.52,1.01,3.7547
2013-09-30,196074387,196074387,1,3049795000,1915502000,695029000,395456000,2354766000,0,0,900211000,89251000,400405000,93785000,93785000,0.48,0.47,0,144275000,-216331000,44464000,-26053000,910411000,6616000,109.5,125.65,93.34,0.1636,0.1264,12.01,9.68,62.57,0,0,0.0379,0.7721,0.2468,0.51,0.7,4.8438
2013-06-30,195558014,195558014,1,2815238000,1678633000,603698000,302978000,2211540000,0,0,897325000,95854000,370091000,95885000,95885000,0.49,0.48,0,97696000,-191970000,6967000,-86496000,936464000,8519000,97.57,108.13,87.01,0.1725,0.1323,11.31,9.11,67.29,0,0,0.0433,0.7856,0.2654,0.5,0.46,5.5404
2013-03-31,195146634,195146634,1,2685881000,1550041000,595828000,295747000,2090053000,0,0,899038000,101000000,338941000,82217000,82217000,0.42,0.41,0,46497000,-5569000,-4308000,33459000,1022960000,5493000,92.51,103.2,81.82,0.1518,0.1137,10.71,9.16,72.84,0,0,0.0483,0.7782,0.2374,0.48,0.21,5.2411
2012-12-31,195209249,195209249,1,2613560000,1495600000,642710000,360089000,1970850000,0,0,900323000,101000000,320526000,80972000,80972000,0.42,0.4,0,104957000,-7590000,-12506000,83975000,989501000,7589000,102.87,119.54,86.2,0.1498,0.1062,10.1,10.67,91.85,0,0,0.0512,0.7541,0.2247,0.47,0.5,4.1534
2012-09-30,194285561,194285561,1,2505608000,1410391000,633173000,361942000,1872435000,0,0,902145000,113000000,294136000,92179000,92179000,0.48,0.46,0,141324000,-6239000,-36688000,99316000,905526000,6239000,105.62,116.43,94.8,0.1488,0.106,9.64,11.66,105.62,0,0,0.0603,0.7473,0.2132,0.5,0.7,3.8967
2012-06-30,193059462,193059462,1,2457610000,1276161000,707916000,375162000,1749694000,0,0,931201000,180000000,274719000,36258000,36258000,0.19,0.18,0,101527000,-4559000,350948000,446822000,806210000,4252000,90.49,99.7,81.28,0.1517,0.1089,9.06,13.94,90.49,0,0,0.1029,0.7119,0.2055,0.53,0.5,3.4016
2012-03-31,186924017,186924017,1,2017464000,811934000,804184000,353677000,1213280000,0,0,941318000,247000000,244733000,45413000,45413000,0.24,0.23,0,62805000,-609197000,364622000,-181477000,359388000,3766000,82.41,95.01,69.82,0.178,0.1315,6.49,13.51,90.56,0,0,0.2036,0.6014,0.2249,0.58,0.32,2.2957
2011-12-31,185993409,185993409,1,1394751000,941270000,260259000,230225000,1134492000,0,0,171243000,182000,227559000,48170000,48170000,0.26,0.25,0,90787000,661000,12853000,102711000,540865000,6741000,66.21,71.55,60.87,0.1734,0.1393,6.1,11.62,83.28,0,0,0.0002,0.8134,0.2238,0.62,0.45,4.0885
2011-09-30,185147112,185147112,1,1305042000,817356000,249314000,211244000,1055728000,0,0,172844000,286000,204047000,65570000,65570000,0.36,0.34,0,76252000,7592000,8409000,90286000,438154000,5405000,57.25,66.99,47.51,0.163,0.1321,5.7,11.07,94.63,0,0,0.0003,0.809,0.2158,0.61,0.38,3.8693
2011-06-30,184530093,184530093,1,1179575000,700395000,226073000,187780000,953502000,0,0,174052000,378000,185699000,34745000,34745000,0.19,0.18,0,78684000,30995000,-52104000,58438000,347868000,7614000,48.4,52.19,44.61,0.1315,0.1081,5.17,9.88,88.81,0,0,0.0004,0.8083,0.1785,0.61,0.39,3.7299
2011-03-31,91917665,183835330,2,1154529000,669246000,253164000,217182000,901365000,0,0,174413000,462000,166126000,26830000,26830000,0.3,0.28,0,24361000,-72965000,69892000,22285000,289430000,2222000,45.27,49.87,40.67,0.1223,0.103,4.9,9.61,87.06,0,0,0.0005,0.7807,0.1746,0.59,0.12,3.0815
2010-12-31,91308703,182617406,2,1012037000,646556000,152301000,138515000,859736000,0,0,44100000,4462000,155976000,26450000,26450000,0.3,0.27,0,51009000,-9978000,15850000,57189000,267145000,3895000,36.48,41.17,31.78,0.1211,0.1055,4.71,8.12,21.52,0,0,0.0052,0.8495,0.1794,0.59,0.26,4.6678
2010-09-30,90490697,180981394,2,942257000,558237000,130441000,117663000,811816000,0,0,45193000,4024000,141569000,27873000,27873000,0.31,0.3,0,42943000,-55420000,8807000,-2148000,209956000,3425000,28.66,32.49,24.82,0.4056,0.3563,4.49,6.53,16.96,0,0,0.005,0.8616,0.6208,0.57,0.22,4.7444
2010-06-30,90131042,180262084,2,889594000,491785000,97380000,89229000,792214000,0,0,46253000,4099000,125834000,21773000,21773000,0.24,0.24,0,45462000,-21644000,3474000,26042000,212104000,3186000,26.32,28.34,24.31,0.4627,0.4002,4.39,6.36,15.81,0,0,0.0052,0.8905,0.6713,0.6,0.23,5.5115
2010-03-31,89585562,179171124,2,835763000,430081000,93288000,81435000,742475000,0,0,47368000,9356000,117578000,20934000,20934000,0.24,0.23,0,21492000,-2276000,10736000,28890000,186062000,2317000,25.23,27.7,22.75,0.5375,0.4486,4.14,6.54,15.48,0,0,0.0126,0.8884,0.7128,0.63,0.11,5.2813
2009-12-31,89137398,178274796,2,786401000,373456000,98045000,85262000,688356000,0,0,48543000,10421000,110649000,237127000,237127000,2.72,2.62,0,32443000,-27710000,-12582000,-8123000,157172000,9170000,22.98,24.41,21.55,0.6645,0.5035,3.86,9.54,58.92,0,0,0.0151,0.8753,0.7631,0.66,0.13,4.3801
2009-09-30,88566016,177132032,2,552006000,332144000,124768000,107945000,427238000,0,0,49201000,10414000,102628000,26731000,26731000,0.31,0.29,0,38755000,-7514000,-12343000,19492000,165295000,7780000,20.88,23.34,18.43,0.2198,0.1441,2.41,9.49,58,0,0,0.0244,0.774,0.2075,0.69,0.17,3.077
2009-06-30,87950219,175900438,2,514985000,300230000,128538000,112198000,386447000,0,0,50202000,9962000,92256000,16802000,16802000,0.2,0.19,0,26714000,-27226000,6527000,6764000,145803000,11919000,18.43,20.55,16.3,0.2452,0.1386,2.2,11.04,65.82,0,0,0.0258,0.7504,0.2026,0.68,0.08,2.6759
2009-03-31,82072694,164145388,2,491642000,286366000,216931000,70084000,274711000,0,0,51054000,97347000,81267000,14506000,14506000,0.18,0.16,0,15929000,-18973000,4128000,1027000,139039000,6406000,17.95,20.09,15.82,0.2525,0.1167,1.67,11.89,104.06,0,0,0.3544,0.5588,0.1761,0.66,0.06,4.086
2008-12-31,81695309,163390618,2,477551000,277101000,230550000,84418000,247001000,0,0,52279000,97425000,77399000,15335000,15335000,0.18,0.14,0,30850000,-17609000,804000,13862000,138012000,12553000,18.26,21.02,15.5,0.2023,0.0803,1.51,16.45,1043.43,0,0,0.3944,0.5172,0.1279,0.63,0.11,3.2825
2008-09-30,77925725,155851450,2,430343000,270420000,256583000,61387000,173760000,0,0,29946000,150280000,76500000,19689000,19689000,0.26,0.23,0,19452000,-10173000,8852000,18049000,124150000,10101000,21.04,23.75,18.33,0.043,0.0146,1.11,25.98,None,0,0,0.8649,0.4038,0.0255,0.57,0.06,4.4052
2008-06-30,38899422,155597688,4,379189000,228130000,252391000,54636000,126798000,0,0,30194000,150355000,59559000,2374000,2374000,0.06,0.06,0,14150000,-8711000,-3770000,1247000,106101000,9129000,16.75,18.23,15.26,-0.3197,-0.0981,0.81,23.93,None,0,None,1.1858,0.3344,None,0.46,0.03,4.1755
2008-03-31,38418574,153674296,4,363994000,218125000,255955000,58435000,108039000,0,0,30443000,150427000,45641000,-4249000,-4249000,-0.11,-0.11,0,-11253000,-2157000,22422000,9533000,104854000,7950000,16.01,19.28,12.74,-0.6408,-0.194,0.7,23.9,None,0,None,1.3923,0.2968,None,0.34,-0.12,3.7328
2007-12-31,38106662,152426648,4,334357000,205354000,232801000,37709000,101556000,0,0,19954000,150499000,33858000,-12328000,-12328000,-0.34,-0.34,0,-21413000,9989000,15241000,3821000,95321000,12823000,18.33,19.95,16.71,-0.9242,-0.293,0.67,29.56,None,0,None,1.4819,0.3037,None,0.23,-0.22,5.4458
2007-09-30,37592344,150369376,4,321105000,190702000,228480000,33286000,92625000,0,0,19954000,150570000,22110000,-20085000,-20085000,-0.55,-0.55,0,-38119000,-11859000,28386000,-21264000,91500000,17297000,14.08,16.68,11.48,None,-0.3787,0.62,21.66,None,0,None,1.6256,0.2885,None,0.12,-0.37,5.7292
2007-06-30,37137557,148550228,4,296890000,186860000,200579000,23941000,96311000,0,0,19954000,150638000,9756000,-27184000,-27184000,-0.75,-0.75,0,-40722000,6763000,9823000,-24228000,112764000,22486000,11.5,12.53,10.46,None,-0.456,0.65,15.33,None,0,None,1.5641,0.3244,None,0.06,-0.43,7.805
2007-03-31,36417203,145668812,4,307737000,206975000,198798000,22534000,108939000,0,0,19954000,150264000,6317000,-32693000,-32693000,-0.92,-0.92,0,-39360000,-1816000,11394000,-29834000,136992000,16219000,9.95,10.95,8.94,None,-0.5136,0.75,11.44,None,0,None,1.3793,0.354,None,0.03,-0.38,9.185
2006-12-31,35740970,142963880,4,333537000,222841000,208860000,27822000,124677000,0,0,19954000,150283000,188000,-39250000,-39250000,-1.18,-1.18,0,-27978000,8950000,145928000,126845000,166826000,11618000,10.03,11.35,8.71,None,-0.5276,0.87,143.29,None,0,None,1.2054,0.3738,None,0.01,-0.28,8.0095
2006-09-30,31851672,127406688,4,211001000,147498000,202405000,21503000,8596000,0,0,19954000,150000000,263000,-31872000,-31872000,-1.02,-1.02,0,-31180000,-8801000,27344000,-12661000,39981000,17574000,8.77,9.67,7.87,None,-0.4973,0.07,32.48,None,0,None,17.45,0.0407,None,0.01,-0.38,6.8594
2006-06-30,31597246,126388984,4,214581000,168572000,180245000,25171000,34336000,0,0,19954000,150025000,339000,-33165000,-33165000,-1.06,-1.06,0,-22661000,62723000,647000,40695000,52642000,2187000,8.28,9.03,7.53,None,-0.4751,0.27,16.56,None,0,None,4.3693,0.16,None,0.01,-0.2,6.6971
2006-03-31,31541141,126164564,4,237924000,193199000,174709000,19457000,63215000,0,0,19954000,150056000,768000,-27227000,-27227000,-0.88,-0.88,0,-28095000,-8965000,5405000,-31682000,11947000,477000,7.3,9.6,5.01,None,-0.4576,0.5,11.23,None,0,None,2.3737,0.2657,None,0.01,-0.23,9.9295
2005-12-31,31344703,125378812,4,262711000,217551000,180821000,25390000,81890000,0,0,19954000,150088000,204000,-22882000,-22882000,-0.74,-0.74,0,-19043000,-1466000,1156000,-19363000,43629000,327000,6.04,7.48,4.59,None,-0.4589,0.65,7.37,None,0,None,1.8328,0.3117,None,0,-0.15,8.5684
2005-10-31,30914583,123658332,4,281100000,235609000,179506000,23955000,101594000,0,0,19954000,150110000,460000,-35074000,-35074000,-1.16,-1.16,0,-31322000,-19093000,66454000,16041000,62992000,117000,6.8,7.5,6.1,None,-0.4036,0.82,12.36,None,0,None,1.4775,0.3614,None,0,-0.25,9.8355
2005-07-31,30790694,123162776,4,248122000,201162000,180451000,24714000,67671000,0,0,19954000,150149000,203000,-32642000,-32642000,-1.16,-1.16,0,-32443000,42555000,1698000,11810000,46951000,469000,5.9,6.73,5.07,-0.9659,-0.3476,0.55,6.78,None,0,None,2.2188,0.2727,None,0,-0.27,8.1396
2005-04-30,28114845,112459380,4,280579000,232036000,182179000,26356000,98400000,0,0,19954000,150088000,151000,-32450000,-32450000,-1.16,-1.16,0,-23228000,992000,-119642000,-141878000,35141000,1508000,5.85,6.74,4.95,-0.6933,-0.291,0.87,5,None,0,None,1.5253,0.3507,None,0.02,-0.22,8.8039
2005-01-31,27932093,111728372,4,425412000,375534000,295109000,138117000,130303000,0,0,19954000,150000000,563000,-24470000,-24470000,-0.88,-0.88,0,-21299000,4468000,146366000,129535000,177019000,588000,5.42,6.51,4.32,-0.5557,-0.2439,1.17,3.93,None,0,None,1.1512,0.3063,None,0.02,-0.2,2.719
2004-10-31,27820256,111281024,4,297412000,251807000,143452000,16267000,153960000,0,0,19954000,120000000,147000,-19188000,-19188000,-0.7,-0.7,0,-19913000,-46390000,563000,-65740000,47484000,415000,4.06,4.8,3.33,-0.5179,-0.2559,1.38,2.6,None,0,None,0.7794,0.5177,None,0.02,-0.18,15.4796
2004-07-31,27610750,110443000,4,319575000,276333000,147053000,19673000,172522000,0,0,19954000,120000000,4147000,-20123000,-20123000,-0.89,-0.89,0,-16619000,-25754000,81037000,38664000,113224000,1844000,4.73,5.81,3.65,-0.5345,-0.262,1.56,3.72,None,0,None,0.6956,0.5398,None,0.02,-0.17,14.0463
2004-04-30,22020751,88083004,4,253265000,208802000,141403000,13830000,111862000,0,0,19954000,120000000,168000,-15213000,-15213000,-0.69,-0.69,0,-19714000,82420000,1322000,64028000,74560000,350000,5.54,6.54,4.53,-0.6018,-0.2804,1.27,3.87,None,0,None,1.0728,0.4417,None,0,-0.23,15.0978
2004-01-31,21956277,87825108,4,272119000,227194000,146116000,18350000,126003000,0,0,19954000,120000000,147000,-18547000,-18547000,-0.85,-0.85,0,-14391000,13417000,586000,-388000,10532000,145000,4.67,5.21,4.12,-0.6015,-0.2896,1.43,2.83,None,0,None,0.9524,0.463,None,0,-0.17,12.3811
2003-10-31,21893350,87573400,4,286321000,240663000,142241000,15624000,144080000,0,0,19954000,120000000,147000,-20212000,-20212000,-1.01,-1.01,0,-21269000,-36933000,44278000,-13924000,10920000,796000,4.21,5.41,3.01,-0.5836,-0.2913,1.65,2.55,None,0,None,0.8329,0.5032,None,0,-0.25,15.4034
2003-07-31,18208796,72835184,4,266077000,219760000,145791000,15107000,120286000,0,0,19954000,120000000,167000,-21584000,-21584000,-1.18,-1.18,0,-13798000,-22633000,67000,-36364000,24844000,1115000,4.12,5.04,3.2,-0.5547,-0.2854,1.65,2.11,None,0,None,0.9976,0.4521,None,0,-0.2,14.5469
2003-04-30,18213246,72852984,4,282043000,234734000,139647000,8816000,142396000,0,0,19954000,120000000,167000,-19778000,-19778000,-1.09,-1.09,0,-21478000,30347000,38000,8907000,61208000,570000,3.13,3.77,2.5,-0.4824,-0.2633,1.95,1.4,None,0,None,0.8427,0.5049,None,0,-0.3,26.6259
2003-01-31,18208796,72835184,4,305837000,255544000,143493000,12515000,162344000,0,0,19954000,120000000,220000,-21465000,-21465000,-1.18,-1.18,0,-29597000,61653000,41000,32097000,52301000,413000,3.44,4.5,2.38,-0.4174,-0.2384,2.23,1.36,None,0,None,0.7392,0.5308,None,0.01,-0.41,20.419
2002-10-31,18205296,72821184,4,329703000,286081000,145680000,14555000,184023000,0,0,19954000,120000000,323000,-21640000,-21640000,-1.19,-1.19,0,-24323000,-3056000,9000,-27370000,20204000,972000,3.08,3.91,2.26,-0.3287,-0.1959,2.53,1.09,None,0,None,0.6521,0.5581,None,0.01,-0.35,19.6552
2002-07-31,18204796,72819184,4,354069000,310784000,148591000,17319000,205478000,0,0,19954000,120000000,757000,-20838000,-20838000,-1.15,-1.15,0,-16442000,-57501000,90000,-73853000,47574000,1737000,3.61,4.56,2.67,-0.2437,-0.1506,2.82,1.17,None,0,None,0.584,0.5803,None,0.02,-0.25,17.9447
2002-04-30,18191796,72767184,4,370160000,327139000,145279000,13860000,224881000,0,0,20165000,120000000,539000,-17105000,-17105000,-0.94,-0.94,0,-16448000,-30973000,54000,-47367000,121427000,950000,5.5,6.67,4.33,-0.2118,-0.1345,3.09,1.65,None,0,None,0.5336,0.6075,None,0.02,-0.24,23.6031
2002-01-31,18128338,72513352,4,383515000,343661000,141147000,9581000,242368000,0,0,20165000,120000000,3380000,-10810000,-10810000,-0.6,-0.6,0,-5304000,53810000,130000,48636000,168794000,966000,5.21,6.25,4.18,-0.1615,-0.1046,3.34,1.48,None,0,None,0.4951,0.632,None,0.03,-0.09,35.869
2001-10-31,18117851,72471404,4,394010000,357022000,138626000,6913000,255384000,0,0,20230000,123920000,1860000,-7789000,-7789000,-0.43,-0.43,0,-8027000,-7055000,52000,-15030000,120158000,443000,4.25,5.01,3.5,-0.1323,-0.0873,3.52,1.18,None,0,None,0.4852,0.6482,None,0.03,-0.12,51.645
2001-07-31,18110801,72443204,4,400259000,362747000,139851000,7990000,260408000,0,0,20270000,123920000,3566000,-16360000,-16360000,-0.93,-0.93,0,-7814000,-88620000,47000,-96387000,135188000,842000,6.06,7.5,4.63,-0.257,-0.1596,3.59,1.64,None,0,None,0.4759,0.6506,None,0.03,-0.12,45.4001
2001-04-30,18097601,72390404,4,406429000,368139000,138965000,6957000,267464000,0,0,21116000,123920000,1960000,-6462000,-6462000,-0.36,-0.36,0,-5129000,-24367000,402000,-29094000,231575000,1441000,8.93,13.63,4.22,-0.2657,-0.1499,3.69,2.29,None,0,None,0.4633,0.6581,None,0.04,-0.09,52.9163
2001-01-31,18074655,72298620,4,414515000,375970000,132301000,8381000,282214000,0,0,21940000,123920000,3027000,-4633000,-4633000,-0.26,-0.26,0,-2561000,6141000,209396000,212976000,260669000,2663000,19.34,28,10.69,-0.3744,-0.1807,3.9,17.91,None,0,None,0.4391,0.6808,None,0.06,-0.07,44.8598
2000-10-31,18016311,72065244,4,208007000,171350000,130194000,6274000,77813000,0,0,22015000,123920000,3252000,-29588000,-29588000,-1.93,-1.93,0,-7668000,-37527000,1030000,-44165000,47693000,2075000,22.83,29.66,16,-0.6458,-0.2641,1.08,23.06,None,0,None,1.5925,0.3741,None,0.11,-0.14,27.3111
2000-07-31,15494671,61978684,4,192702000,180080000,131098000,7178000,61604000,0,0,0,123920000,3991000,-5092000,-5092000,-0.33,-0.33,0,-1272000,-76016000,382000,-76906000,91858000,55000,14.38,21.13,7.63,-0.3563,-0.1596,0.99,13.19,None,0,None,2.0116,0.3197,None,0.17,-0.02,25.0878
2000-04-30,15095810,60383240,4,194939000,181751000,128999000,4893000,65940000,0,0,0,124106000,4483000,-6319000,-6319000,-0.42,-0.42,0,-2833000,1076000,117210000,115453000,168764000,1108000,19.34,29.97,8.7,-0.3881,-0.2152,1.09,16.39,None,0,None,1.8821,0.3383,None,0.26,-0.07,37.1451
2000-01-31,15028023,60112092,4,80330000,71560000,9198000,4999000,71132000,0,0,0,4199000,6679000,-3639000,-3639000,-0.26,-0.26,0,-4769000,-1593000,46407000,40045000,53311000,719000,7.86,12.53,3.19,-0.1567,-0.127,1.18,16.38,None,0,None,0.059,0.8855,None,0.6,-0.09,14.3149
1999-10-31,14747447,58989788,4,38909000,30307000,10508000,6218000,28401000,0,0,0,4290000,6288000,-5177000,-5177000,-0.46,-0.46,0,-6884000,-4333000,245000,-10972000,13266000,347000,3.28,4.06,2.5,-0.2432,-0.1933,0.48,4.49,None,0,None,0.1511,0.7299,None,0.61,-0.12,4.8741
1999-07-31,11331310,45325240,4,44374000,35662000,11073000,6690000,33301000,0,0,0,4383000,5955000,-4153000,-4153000,-0.37,-0.37,0,-4190000,489000,-20000,-3721000,24238000,1027000,2.69,3.19,2.19,-0.1863,-0.157,0.73,3.24,None,0,None,0.1316,0.7505,None,0.46,-0.12,5.3306
1999-04-30,11283699,45134796,4,46496000,38371000,9088000,4613000,37408000,0,0,0,4475000,12374000,6298000,6298000,0.56,0.53,0,4520000,1442000,322000,6284000,27959000,552000,2.83,3.56,2.1,-0.0854,-0.0686,0.83,4.1,None,0,None,0.1196,0.8045,None,0.33,0.09,8.318
1999-01-31,11281324,45125296,4,33974000,29730000,2927000,2280000,31047000,0,0,0,647000,170000,-4880000,-4880000,-0.43,-0.43,0,-4493000,-3714000,275000,-7932000,21675000,145000,3.27,4.44,2.1,-0.3368,-0.3029,0.69,4.14,None,0,None,0.0208,0.9138,None,0.03,-0.1,13.0395
1998-10-31,11281324,45125296,4,38097000,33821000,2551000,1811000,35546000,0,0,0,740000,255000,-3660000,-3660000,-0.33,-0.33,0,-3572000,1766000,-96000,-1902000,29607000,188000,1.97,2.56,1.38,-0.2817,-0.2428,0.79,2.26,None,0,None,0.0208,0.933,None,0.03,-0.08,18.6753
1998-07-31,11226812,44907248,4,42085000,37840000,2895000,2063000,39190000,0,0,0,832000,489778,-513891,-813891,-0.06,-0.06,0,-3462599,1066506,-932746,-3328839,31509000,425959,2.72,3.44,2,-0.226,-0.1909,0.87,2.83,None,0,None,0.0212,0.9312,None,0.12,-0.09,18.3422
1998-04-30,11225112,44900448,4,45222442,42725802,2308514,2308514,42913928,0,0,0,0,100669,-3015258,-3165258,-0.3,-0.3,0,-2272010,-34349,9219969,6913610,34837355,1300303,3.39,3.75,3.03,-0.3101,-0.2745,0.96,4.19,None,0,None,0,0.949,None,0.15,-0.08,18.5079
1998-01-31,11221888,44887552,4,38468546,37127888,2079081,2079081,36389465,0,0,0,0,320875,-2758241,-3208241,-0.34,-0.34,0,-3710246,-2913122,3076972,-3546396,27923745,167646,3.1,3.72,2.47,-0.3462,-0.306,0.81,3.23,None,0,None,0,0.946,None,0.2,-0.09,17.8578
1997-10-31,9545064,38180256,4,38999174,37697175,2342048,2342048,36657126,0,0,0,0,4125678,-1577610,-1577610,-0.22,-0.22,0,1482855,-161035,13405805,14727625,31470141,163092,3.16,4,2.31,-0.3284,-0.3024,0.96,5.27,None,0,None,0,0.9399,None,0.3,0.03,16.0958
1997-07-31,9107149,36428596,4,24260561,22981281,2414161,2414161,21846400,0,0,0,0,940834,-2731936,-2731936,-0.34,-0.34,0,-1455247,83886,10671311,9299950,16742516,179994,2.42,2.91,1.92,-0.4238,None,0.6,5.15,None,0,None,0,0.9005,None,0.2,-0.04,9.5194
1997-04-30,7389537,29558148,4,15572914,14127534,1586355,1585957,13986559,0,0,0,0,621027,-1905820,-1905820,-0.26,-0.26,0,-1538434,354375,-8125,-1192184,7442566,134826,2.62,3.13,2.1,None,None,0.47,4.85,None,0,None,0,0.8981,None,None,-0.06,8.9079
1997-01-31,7361721,29446884,4,17103443,15628774,1260726,1259813,15842717,0,0,0,0,1437984,-1036204,-1036204,-0.14,-0.14,0,-888947,2202575,33171,1346799,8634750,231217,2.67,3.25,2.1,None,None,0.54,4.68,None,0,None,0,0.9263,None,None,-0.04,12.4056
1996-10-31,7339084,29356336,4,18293228,16891912,1526358,1464328,16766870,0,0,0,58043,810755,-1577610,-1577610,-0.22,-0.22,0,-1841913,-294031,-67322,-2203266,7287951,203177,2.06,2.63,1.5,None,None,0.57,3.32,None,0,None,0.0035,0.9166,None,None,-0.07,11.5356
1996-07-31,7339084,29356336,4,20453980,19064482,2169055,2032591,18284925,0,0,0,128264,None,None,None,None,None,0,-913134,-8559727,-114341,-9587202,9491217,105506,2.22,2.94,1.5,None,None,0.62,3.26,None,0,None,0.007,0.894,None,None,-0.03,9.3794
1996-04-30,7323018,29292072,4,21571396,20097356,1604580,1388994,19966816,0,0,0,215586,767885,-1212843,-1212843,-0.18,-0.18,0,None,None,None,None,19078419,0,2.24,2.38,2.1,None,None,0.68,None,None,0,None,0.0108,0.9256,None,None,None,14.469
