"Quarter end","Shares","Shares split adjusted","Split factor","Assets","Current Assets","Liabilities","Current Liabilities","Shareholders equity","Non-controlling interest","Preferred equity","Goodwill & intangibles","Long-term debt","Revenue","Earnings","Earnings available for common stockholders","EPS basic","EPS diluted","Dividend per share","Cash from operating activities","Cash from investing activities","Cash from financing activities","Cash change during period","Cash at end of period","Capital expenditures","Price","Price high","Price low","ROE","ROA","Book value of equity per share","P/B ratio","P/E ratio","Cumulative dividends per share","Dividend payout ratio","Long-term debt to equity ratio","Equity to assets ratio","Net margin","Asset turnover","Free cash flow per share","Current ratio"
2013-09-30,172828374,172828374,1,8488236000,1746116000,3511460000,801304000,4976561000,215000,0,5821382000,2067587000,935090000,118246000,118246000,0.68,0.67,0,250448000,-29447000,-146721000,76289000,336389000,27531000,74.56,75.08,74.05,0.0995,0.0558,28.79,2.67,30.94,0,0,0.4155,0.5863,0.1239,0.45,1.29,2.1791
2013-06-30,172662195,172662195,1,8483747000,1682816000,3663395000,934243000,4819873000,479000,0,5883043000,2068224000,945808000,126640000,126640000,0.73,0.72,0,219254000,-53564000,-164000000,-1691000,260100000,24251000,69.31,74.48,64.13,0.0903,0.0495,27.92,2.55,29.37,0,0,0.4291,0.5681,0.111,0.45,1.13,1.8013
2013-03-31,172077175,172077175,1,8539048000,1669462000,3852727000,1071116000,4685624000,697000,0,5958883000,2068979000,962512000,121196000,121196000,0.71,0.69,0,134719000,-30388000,-95346000,6244000,261791000,-9905000,57.86,65.84,49.87,0.09,0.049,27.23,2.12,24.21,0,0,0.4416,0.5487,0.1097,0.45,0.84,1.5586
2012-12-31,170386980,170386980,1,8638065000,1625239000,3984602000,1192351000,4652681000,782000,0,6029215000,2060855000,998904000,110005000,110005000,0.63,0.63,0,221207000,-139031000,-101890000,-18614000,255547000,63294000,48.82,51.97,45.67,0.0923,0.0503,27.31,1.82,21.51,0,0,0.4429,0.5386,0.1134,0.44,0.93,1.3631
2012-09-30,172057029,172057029,1,8558035000,1595689000,3943534000,1121668000,4614336000,165000,0,6000002000,2061280000,911183000,65857000,65857000,0.38,0.37,0,196818000,-30594000,-157606000,14193000,274161000,22180000,45.39,50.27,40.5,0.089,0.0476,26.82,1.7,18.76,0,0,0.4467,0.5392,0.1086,0.44,1.02,1.4226
2012-06-30,175295275,175295275,1,8482010000,1538807000,3790164000,1014975000,4691428000,418000,0,6001019000,2047280000,949309000,122354000,122354000,0.69,0.67,0,256051000,-45425000,-159546000,40956000,259968000,25147000,44.4,49.07,39.73,0.0957,0.0504,26.76,1.69,19.56,0,0,0.4364,0.5531,0.1161,0.43,1.32,1.5161
2012-03-31,178576743,178576743,1,8579164000,1533102000,3875566000,1082056000,4703598000,0,0,6086591000,2047308000,939114000,132639000,132639000,0.74,0.72,0,103916000,-64423000,-663372000,-619750000,219012000,25006000,45.32,50.84,39.8,0.0906,0.0465,26.34,1.76,22.11,0,0,0.4353,0.5483,0.1093,0.43,0.44,1.4168
2011-12-31,178267389,178267389,1,9187963000,2093617000,4588737000,1496306000,4599226000,0,0,6113285000,2297653000,1010446000,93068000,93068000,0.52,0.51,0,315928000,-37460000,-26040000,244546000,838762000,35224000,39.69,43.31,36.07,0.0836,0.0413,25.8,1.55,20.78,0,0,0.4996,0.5006,0.1002,0.41,1.57,1.3992
2011-09-30,178204930,178204930,1,9046493000,1853102000,4470095000,1404444000,4572957000,3441000,0,6192835000,2298072000,928198000,96271000,96271000,0.54,0.52,0,173668000,-30524000,-57507000,74088000,594216000,32584000,43.95,52.61,35.3,0.0794,0.0386,25.66,1.74,22.54,0,0,0.5025,0.5055,0.0963,0.4,0.79,1.3195
2011-06-30,180461180,180461180,1,9124623000,1811738000,4571353000,1479112000,4549320000,3950000,0,6298879000,2298473000,941135000,95466000,95466000,0.53,0.52,0,204488000,-33037000,-349001000,-173567000,520128000,17680000,53.28,56.71,49.85,0.0815,0.0402,25.21,2.17,26.51,0,0,0.5052,0.4986,0.1005,0.4,1.04,1.2249
2011-03-31,178765816,178765816,1,9275797000,1893037000,4890422000,1788981000,4381262000,4113000,0,6360237000,2298841000,895893000,93687000,93687000,0.52,0.5,0,115051000,-50863000,-194720000,-119874000,693695000,16576000,53.22,57.25,49.18,0.0858,0.0424,24.51,2.16,26.74,0,0,0.5247,0.4723,0.1057,0.4,0.55,1.0582
2010-12-31,180002190,180002190,1,9486199000,2046525000,5048170000,1146385000,4434076000,3953000,0,6412248000,2727624000,932337000,70680000,70680000,0.37,0.37,0,224571000,-281187000,366880000,310667000,813569000,42569000,50.98,56.78,45.19,0.0862,0.0431,24.63,2.09,27.12,0,0,0.6152,0.4674,0.1054,0.41,1.01,1.7852
2010-09-30,186727590,186727590,1,8507116000,1726711000,3939698000,1132692000,4559418000,8000000,0,5776275000,1925709000,867082000,105540000,105540000,0.57,0.56,0,215179000,-50731000,-353129000,-168377000,502902000,29685000,44.89,48.67,41.1,0.0832,0.0411,24.42,1.88,29.15,0,0,0.4224,0.536,0.1011,0.41,0.99,1.5244
2010-06-30,183322075,183322075,1,8638997000,1850094000,4243195000,1478047000,4373147000,22655000,0,5803012000,1921397000,903732000,110568000,110568000,0.61,0.58,0,228516000,-181963000,32798000,62126000,671279000,27428000,51.41,56.19,46.63,0.0713,0.0332,23.85,2.24,43.57,0,0,0.4394,0.5062,0.0844,0.39,1.1,1.2517
2010-03-31,182607998,182607998,1,8455521000,1684074000,4273802000,1120412000,4181719000,0,0,5803412000,2289660000,884943000,91507000,91507000,0.51,0.48,0,70823000,394077000,-454357000,12566000,609153000,31585000,50.19,54.06,46.32,0.0562,0.0247,22.9,2.25,63.53,0,0,0.5475,0.4946,0.0651,0.38,0.21,1.5031
2009-12-31,180826916,180826916,1,9115740000,1796164000,5089072000,1385723000,4026668000,0,0,5855413000,2620089000,871115000,48911000,48911000,0.28,0.26,0,263449000,-113611000,-89556000,77651000,596587000,71947000,49,52.7,45.3,0.0385,0.016,22.27,2.29,None,0,0,0.6507,0.4417,0.0441,0.36,1.06,1.2962
2009-09-30,178337721,178337721,1,9023845000,1706712000,5213974000,1313121000,3809871000,0,0,5968156000,2798483000,800729000,41136000,41136000,0.23,0.22,0,199936000,2308000,-162629000,35330000,518936000,35732000,43.98,48.46,39.49,-0.0031,-0.0012,21.36,2.11,None,0,None,0.7345,0.4222,None,0.33,0.92,1.2997
2009-06-30,176339485,176339485,1,9109321000,1747126000,5431453000,1018572000,3677868000,0,0,6030869000,3342261000,832763000,38943000,38943000,0.22,0.22,0,146717000,-86364000,23142000,135919000,483606000,41863000,36.21,41.92,30.5,-0.0087,-0.0036,20.86,1.81,3621,0,None,0.9087,0.4037,None,0.33,0.59,1.7153
2009-03-31,174673012,174673012,1,8817174000,1554779000,5323877000,889006000,3493297000,0,0,5836712000,3369372000,775737000,15604000,15604000,0.09,0.09,0,104369000,-60331000,-13298000,11757000,347687000,26045000,28.16,33.33,22.99,-0.0048,-0.0021,20,1.44,53.13,0,None,0.9645,0.3962,None,0.33,0.45,1.7489
2008-12-31,173800545,173800545,1,8913917000,1612171000,5513450000,1007242000,3400467000,0,0,6312055000,3503589000,540618000,-106860000,-106860000,-0.89,-0.89,0,131241000,-2780425000,2344459000,-337150000,335930000,29040000,29.04,38.52,19.56,0.014,0.0066,19.57,1.46,15.87,0,0,1.0303,0.3815,0.0193,0.34,0.59,1.6006
2008-09-30,92358140,92358140,1,3396073000,1148082000,1554506000,243706000,1841567000,0,0,1805238000,1150962000,361696000,25228000,25228000,0.27,0.26,0,85112000,-44001000,7820000,29901000,673080000,24582000,40.61,44.65,36.56,0.0984,0.0532,19.94,1.99,21.49,0,0,0.625,0.5423,0.1266,0.42,0.66,4.7109
2008-06-30,92310158,92310158,1,3426859000,1129885000,1546326000,231609000,1880533000,0,0,1868014000,1150962000,367791000,53225000,53225000,0.58,0.55,0,81996000,-17225000,36818000,97745000,643179000,16786000,42.43,48.13,36.73,0.1033,0.0556,20.37,2.11,23.97,0,0,0.612,0.5488,0.1351,0.41,0.71,4.8784
2008-03-31,44737702,89475404,2,3327100000,1020745000,1527240000,219278000,1799860000,0,0,1888475000,1150981000,350218000,59728000,59728000,1.29,1.22,0,67433000,-48058000,-87695000,-60711000,545434000,11478000,43.95,49,38.89,0.0999,0.053,20.12,2.33,29.8,0,0,0.6395,0.541,0.1305,0.41,0.63,4.655
2007-12-31,46753887,93507774,2,3329747000,1090484000,1564300000,234413000,1765447000,0,0,1815300000,1150700000,336445000,41050000,41050000,0.88,0.82,0,98556000,-66648000,-24268000,11216000,606145000,42475000,45.1,49.58,40.62,0.0853,0.0445,18.88,2.45,2255,0,0,0.6518,0.5302,0.1117,0.4,0.6,4.652
2007-09-30,46565923,93131846,2,3227412000,1062846000,1511542000,209092000,1715870000,0,0,1823422000,1150703000,314959000,30996000,30996000,0.67,0.64,0,87922000,-65497000,1076000,28476000,594929000,10161000,38.5,41.88,35.12,0.0012,0.0006,18.42,2.19,None,0,0,0.6706,0.5317,0.0016,0.4,0.83,5.0832
2007-06-30,46307936,92615872,2,3149131000,988587000,1517015000,212386000,1632116000,0,0,1823815000,1150706000,321690000,40878000,40878000,0.88,0.86,0,69219000,184752000,-34265000,219730000,566453000,14920000,34.61,37.5,31.71,-0.0958,-0.049,17.62,2.02,None,0,None,0.705,0.5183,None,0.39,0.59,4.6547
2007-03-31,46751579,93503158,2,3157469000,991862000,1558157000,242549000,1599312000,0,0,1833489000,1150710000,308653000,30266000,30266000,0.64,0.63,0,67867000,-4152000,-85788000,-20170000,346723000,10777000,30.89,33.81,27.96,-0.1006,-0.0526,17.1,1.78,None,0,None,0.7195,0.5065,None,0.37,0.61,4.0893
2006-12-31,47067113,94134226,2,3182875000,797856000,1552448000,247631000,1630427000,0,0,2016923000,1151814000,329801000,-100154000,-100154000,-2.09,-2.09,0,106437000,10802000,-233530000,-110914000,366893000,6059000,28.4,28.57,28.23,-0.0999,-0.0531,17.32,1.55,None,0,None,0.7064,0.5122,None,0.35,1.07,3.222
2006-09-30,48105944,96211888,2,3463862000,936639000,1697436000,397839000,1766426000,0,0,2144212000,1152128000,311043000,-129793000,-129793000,-2.53,-2.53,0,71231000,82879000,-280027000,-122460000,477807000,14828000,31.77,32,31.54,-0.0222,-0.0119,18.36,1.57,33.09,0,None,0.6522,0.51,None,0.33,0.59,2.3543
2006-06-30,53480747,106961494,2,3887409000,1172083000,1724671000,412936000,2162738000,0,0,2339380000,1151896000,313637000,19680000,19680000,0.37,0.36,0,24213000,92463000,-2268000,120285000,600267000,18388000,32.96,33.2,32.72,0.0524,0.028,20.22,1.68,36.02,0,0,0.5326,0.5563,0.088,0.32,0.05,2.8384
2006-03-31,53206877,106413754,2,3850500000,1129381000,1758399000,440546000,2092101000,0,0,2351066000,1151902000,309004000,19218000,19218000,0.36,0.35,0,33179000,43674000,-33326000,44752000,479982000,20249000,35.25,35.55,34.95,0.0511,0.0267,19.66,1.83,30.65,0,0,0.5506,0.5433,0.0847,0.31,0.12,2.5636
2005-12-31,53070827,106141654,2,3877049000,1151196000,1835255000,511577000,2041794000,0,0,2357284000,1151923000,325276000,46199000,46199000,0.88,0.79,0,91103000,-117930000,-144788000,-164915000,435230000,21026000,33.98,37.09,30.88,0.0658,0.0342,19.24,1.77,33.64,0,0,0.5642,0.5266,0.1102,0.31,0.66,2.2503
2005-09-30,52851639,105703278,2,3950064000,1352018000,1923523000,195461000,2026541000,0,0,2238360000,1525934000,289639000,23867000,23867000,0.45,0.42,0,82495000,41306000,-13788000,103325000,600145000,24240000,40.79,44.13,37.45,0.0589,0.0307,19.17,2.17,38.48,0,0,0.753,0.513,0.1024,0.3,0.55,6.9171
2005-06-30,53065906,106131812,2,3953343000,1336375000,1954498000,201975000,1998845000,0,0,2242411000,1540548000,306456000,14906000,14906000,0.29,0.27,0,72736000,-469053000,254564000,-143964000,496820000,21849000,37.75,41.67,33.82,0.0624,0.0327,18.83,2,34.16,0,0,0.7707,0.5056,0.1094,0.3,0.48,6.6165
2005-03-31,51936672,103873344,2,3653633000,1396298000,1689066000,185417000,1964567000,0,0,1903501000,1319561000,277081000,47074000,47074000,0.91,0.82,0,63010000,388035000,8895000,442388000,640784000,12118000,34.51,36.78,32.24,0.0658,0.0348,18.91,1.86,43.41,0,0,0.6717,0.5377,0.1195,0.29,0.49,7.5306
2004-12-31,51585615,103171230,2,3614335000,1332228000,1701084000,196185000,1913251000,0,0,1864853000,1335876000,262235000,30464000,30464000,0.6,0.51,0,83262000,-65719000,4570000,26503000,198396000,26919000,30.28,34.12,26.45,0.0473,0.0248,18.54,1.68,46.23,0,0,0.6982,0.5294,0.0868,0.29,0.55,6.7907
2004-09-30,51230372,102460744,2,3546723000,1290776000,1696366000,183251000,1850357000,0,0,1849624000,1508598000,256328000,28163000,28163000,0.54,0.52,0,78567000,-55957000,-80291000,-60135000,363558000,8789000,29.49,35.9,23.09,0.0383,0.0205,18.06,1.64,56.17,0,0,0.8153,0.5217,0.0732,0.28,0.68,7.0438
2004-06-30,52675335,105350670,2,3584759000,1257200000,1692336000,155673000,1892423000,0,0,1875235000,1351866000,253964000,19689000,19689000,0.38,0.36,0,60495000,-87120000,16107000,-10218000,423693000,4034000,34.92,38.5,31.35,0.0309,0.0168,17.96,1.97,67.81,0,0,0.7144,0.5279,0.0621,0.27,0.54,8.0759
2004-03-31,52302943,104605886,2,3552092000,1221408000,1697959000,152541000,1854133000,0,0,1872304000,1352799000,251324000,10509000,10509000,0.2,0.2,0,30400000,-480683000,292491000,-154767000,433911000,7150000,36.83,41,32.65,0.0302,0.0172,17.72,2.12,62.96,0,0,0.7296,0.522,0.0633,0.27,0.22,8.0071
2003-12-31,52020524,104041048,2,3165689000,1287344000,1358842000,125693000,1806847000,0,0,1448066000,1054569000,207770000,12589000,12589000,0.24,0.23,0,43340000,-50034000,16223000,24822000,588678000,12410000,31.56,35.47,27.66,0.0348,0.0207,17.37,1.95,55.37,0,0,0.5837,0.5708,0.0773,0.27,0.3,10.242
2003-09-30,54287531,108575062,2,3128473000,1185048000,1374536000,139043000,1753937000,0,0,1453078000,1054502000,196939000,13698000,13698000,0.27,0.26,0,62907000,-395864000,353038000,22786000,563856000,6986000,24.91,31.52,18.3,0.0342,0.0209,16.15,1.48,42.95,0,0,0.6012,0.5606,0.0788,0.27,0.52,8.5229
2003-06-30,50257279,100514558,2,2660104000,1137407000,960657000,127550000,1695460000,3987000,0,1147351000,691077000,192387000,16931000,16931000,0.34,0.34,0,38909000,-2630000,1652000,46738000,541070000,7368000,17.55,21.07,14.02,0.0351,0.0222,16.87,1.06,36.19,0,0,0.4076,0.6374,0.0845,0.26,0.31,8.9173
2003-03-31,50052148,100104296,2,2639056000,1032015000,973533000,151626000,1661896000,3627000,0,1177497000,697226000,180642000,16912000,16912000,0.34,0.34,0,22899000,-59843000,-6742000,-43485000,494332000,3301000,15.33,16.48,14.18,0.0298,0.0188,16.6,0.93,34.07,0,0,0.4195,0.6297,0.0748,0.25,0.2,6.8063
2002-12-31,50011202,100022404,2,2614966000,968451000,968853000,140955000,1642610000,3503000,0,1112639000,674533000,161830000,10151000,10151000,0.21,0.2,0,24166000,-33111000,-84155000,-88519000,537817000,8273000,15.16,17.7,12.62,0.0283,0.0179,16.42,0.91,1010.67,0,0,0.4106,0.6282,0.0735,0.24,0.16,6.8706
2002-09-30,51576524,103153048,2,2683676000,955082000,967575000,135712000,1713046000,3055000,0,1112266000,684559000,162588000,14935000,14935000,0.28,0.28,0,36400000,-148166000,-8319000,-118610000,626336000,13292000,16.14,19,13.29,0.0011,0.0007,16.61,1,None,0,0,0.3996,0.6383,0.003,0.24,0.22,7.0376
2002-06-30,53197048,106394096,2,2691286000,1049715000,979647000,139206000,1708736000,2903000,0,1128570000,686980000,164290000,8063000,8063000,0.15,0.15,0,35088000,4801000,1454000,51287000,744946000,16741000,16.71,18.64,14.78,-0.0298,-0.0197,16.06,1.06,None,0,None,0.402,0.6349,None,0.25,0.17,7.5407
2002-03-31,53133854,106267708,2,2674304000,1086775000,989177000,138147000,1682381000,2746000,0,1151760000,687128000,159889000,14518000,14518000,0.27,0.27,0,27906000,-210441000,-1884000,-184555000,693659000,14428000,23.46,31.35,15.56,-0.0552,-0.0381,15.83,1.49,None,0,None,0.4084,0.6291,None,0.26,0.13,7.8668
2001-12-31,53041096,106082192,2,2667212000,1204469000,993727000,126582000,1671078000,2407000,0,1181487000,684210000,153256000,-35582000,-35582000,-0.67,-0.67,0,43210000,-210551000,490499000,315096000,878214000,19265000,32.59,36.9,28.27,-0.0863,-0.0625,15.75,2.03,None,0,None,0.4094,0.6265,None,0.27,0.23,9.5153
2001-09-30,52961228,105922456,2,2225901000,815165000,520238000,143131000,1703208000,2455000,0,1241213000,186813000,156005000,-37421000,-37421000,-0.71,-0.71,0,44494000,4646000,5970000,59956000,563118000,9344000,31.96,36.29,27.63,-0.0943,-0.0717,16.08,1.95,None,0,None,0.1097,0.7652,None,0.27,0.33,5.6952
2001-06-30,52738750,105477500,2,2258571000,741039000,531921000,129606000,1724398000,2252000,0,1334087000,190307000,159327000,-35098000,-35098000,-0.67,-0.67,0,28710000,50556000,14169000,88967000,503162000,-51657000,31.53,39.88,23.18,-0.0969,-0.0547,16.35,1.9,None,0,None,0.1104,0.7635,None,0.21,0.76,5.7176
2001-03-31,52410532,104821064,2,2292639000,653688000,545542000,120593000,1741863000,5234000,0,1413179000,191251000,160702000,-39565000,-39565000,-0.76,-0.76,0,6663000,-17346000,7374000,-4704000,414195000,17346000,31.11,42.97,19.25,-0.0949,-0.0476,16.62,1.83,None,0,None,0.1098,0.7598,None,0.2,-0.1,5.4206
2000-12-31,52192073,104384146,2,2369215000,671749000,585879000,153028000,1778397000,4939000,0,1473903000,179203000,143228000,-51780000,-51780000,-1.02,-1.02,0,-94761000,18874000,18603000,-54340000,418899000,11363000,35.2,43.72,26.69,-0.0949,-0.0376,17.04,17.43,7040,0,None,0.1008,0.7506,None,0.17,-1.02,4.3897
2000-09-30,50897621,101795242,2,2735080000,957981000,2524195000,2066809000,206035000,4850000,0,1547093000,183591000,47989000,-5612000,-5612000,-0.24,-0.24,0,4447000,290138000,-778000,297458000,473239000,6032000,32.39,40,24.78,0.01,0.0018,2.02,9.88,308.48,0,0,0.8911,0.0753,0.0119,0.15,-0.02,0.4635
2000-06-30,23715127,47430254,2,346431000,308968000,190727000,15445000,155704000,0,0,5403000,175282000,27692000,4826000,4826000,0.2,0.19,0,11990000,-101940000,341000,-89647000,175781000,4066000,28.63,39.25,18,0.0539,None,3.28,8.97,409,0,0,1.1257,0.4495,0.0637,0.47,0.17,20.0044
2000-03-31,23397555,46795110,2,335665000,307732000,186614000,11090000,149051000,0,0,4124000,175524000,27286000,-1760000,-1760000,-0.08,-0.08,0,3271000,-2544000,162419000,163190000,265411000,2541000,35.78,49.75,21.82,0.0371,None,3.19,13.11,188.32,0,0,1.1776,0.444,0.0416,0.58,0.02,27.7486
1999-12-31,23040997,46081994,2,135544000,123147000,9922000,9201000,125622000,0,0,3651000,721000,30902000,4143000,4143000,0.18,0.14,0,5336000,270000,58430000,64004000,102220000,689000,22.66,33.69,11.63,None,None,2.73,12.66,None,0,0,0.0057,0.9268,None,None,0.1,13.3841
1999-09-30,16182192,32364384,2,68273000,55349000,10493000,9752000,57780000,0,0,3577000,741000,17522000,-627000,-627000,-0.04,-0.04,0,2941000,313000,-1482000,1603000,38216000,1316000,14.63,17.57,11.69,None,None,1.79,7.43,None,0,None,0.0128,0.8463,None,None,0.05,5.6757
1999-06-30,13431450,26862900,2,58151000,47606000,5172000,4508000,52979000,0,0,3192000,64000,10287000,1837000,1819000,0.14,0.12,0,1832000,-321000,-1181000,511000,36094000,1304000,9.72,13,6.44,None,None,1.97,5.12,None,0,None,0.0012,0.9111,None,None,0.02,10.5603
1999-03-31,13320893,26641786,2,56977000,48212000,6275000,4675000,50702000,0,0,1545000,74000,9601000,1312000,2078000,0.19,0.16,0,743000,81000,32987000,33786000,35583000,712000,6.88,7.75,6,None,None,1.9,None,None,0,None,0.0015,0.8899,None,None,0,10.3127
