"Quarter end","Shares","Shares split adjusted","Split factor","Assets","Current Assets","Liabilities","Current Liabilities","Shareholders equity","Non-controlling interest","Preferred equity","Goodwill & intangibles","Long-term debt","Revenue","Earnings","Earnings available for common stockholders","EPS basic","EPS diluted","Dividend per share","Cash from operating activities","Cash from investing activities","Cash from financing activities","Cash change during period","Cash at end of period","Capital expenditures","Price","Price high","Price low","ROE","ROA","Book value of equity per share","P/B ratio","P/E ratio","Cumulative dividends per share","Dividend payout ratio","Long-term debt to equity ratio","Equity to assets ratio","Net margin","Asset turnover","Free cash flow per share","Current ratio"
2019-03-29,618193875,618193875,1,15938000000,3186000000,10200000000,3766000000,5738000000,0,0,10700000000,3961000000,1189000000,34000000,34000000,0.06,0.06,0.08,547000000,-180000000,-880000000,-518000000,1791000000,28000000,21.19,24.05,18.32,0.0053,0.0019,9.28,2.29,None,6.72,6.2332,0.6903,0.36,0.0066,0.29,0.84,0.846
2018-12-28,639217123,639217123,1,16456000000,3724000000,10550000000,3643000000,5906000000,0,0,10673000000,4447000000,1211000000,65000000,65000000,0.1,0.1,0.075,377000000,-41000000,-172000000,162000000,2309000000,32000000,20.55,23.66,17.43,-0.0109,-0.0038,9.24,2.21,11.35,6.64,None,0.753,0.3589,None,0.29,0.54,1.0222
2018-09-28,638888439,638888439,1,16234000000,3418000000,10284000000,3411000000,5950000000,0,0,10761000000,4442000000,1175000000,-8000000,-8000000,-0.01,-0.01,0.075,240000000,-30000000,-59000000,146000000,2147000000,51000000,19.98,22.15,17.81,0.2224,0.0757,9.31,2.16,11.1,6.56,0.1593,0.7466,0.3665,0.2558,0.3,0.3,1.0021
2018-06-29,638888439,638888439,1,16248000000,3328000000,10330000000,2875000000,5918000000,0,0,10854000000,5032000000,1156000000,-60000000,-60000000,-0.1,-0.1,0.075,331000000,10000000,-98000000,227000000,2001000000,44000000,24.02,29.2,18.85,0.2493,0.0757,9.26,3.06,14.3,6.49,0.1587,0.8503,0.3642,0.2515,0.3,0.45,1.1576
2018-03-30,638800147,638800147,1,15759000000,3493000000,10736000000,3170000000,5023000000,0,0,10962000000,5026000000,1210000000,-59000000,-59000000,-0.09,-0.09,0.08,266000000,-57000000,-590000000,-368000000,1774000000,37000000,27.34,29.73,24.94,0.2693,0.0716,7.86,3.43,17.75,6.41,0.1671,1.0006,0.3187,0.2354,0.3,0.36,1.1019
2017-12-29,621538648,621538648,1,15980000000,3567000000,11022000000,3101000000,4958000000,0,0,11072000000,5587000000,1209000000,1342000000,1342000000,2.17,2.01,0.075,294000000,670000000,-684000000,306000000,2142000000,33000000,30.55,33.92,27.18,0.2743,0.0639,7.98,5.36,None,6.33,0.1781,1.1269,0.3103,0.2224,0.29,0.42,1.1503
2017-09-29,619982061,619982061,1,15996000000,3687000000,12461000000,3287000000,3535000000,0,0,11148000000,6079000000,1240000000,-12000000,-12000000,-0.02,-0.02,0.075,177000000,-580000000,-75000000,-470000000,1826000000,25000000,30.76,34.2,27.31,-0.0674,-0.0145,5.7,5.56,None,6.26,None,1.7197,0.221,None,0.27,0.25,1.1217
2017-06-30,612800923,612800923,1,15868000000,3173000000,12479000000,3121000000,3389000000,0,0,11530000000,6202000000,1175000000,-133000000,-133000000,-0.22,-0.22,0.075,213000000,-54000000,-2126000000,-1941000000,2306000000,47000000,30.46,33.22,27.71,-0.1019,-0.0221,5.53,5.32,None,6.18,None,1.83,0.2136,None,0.25,0.27,1.0167
2017-03-31,608240301,608240301,1,18174000000,5324000000,14687000000,4622000000,3487000000,0,0,11631000000,6876000000,1115000000,-143000000,-143000000,-0.23,-0.23,0.08,353000000,-2216000000,511000000,-1328000000,4247000000,13000000,27.42,30.83,24.01,-0.0281,-0.0067,5.73,4.3,8.31,6.11,None,1.9719,0.1919,None,0.25,0.56,1.1519
2016-12-30,618834453,618834453,1,16760000000,6511000000,12811000000,3605000000,3949000000,0,0,9094000000,6358000000,1041000000,46000000,46000000,0.07,0.07,0.075,144000000,-16000000,-112000000,-35000000,5575000000,18000000,24.47,25.45,23.49,0.546,0.1463,6.38,3.95,7.03,6.03,1.2874,1.61,0.2356,None,None,0.2,1.8061
2016-09-30,623419220,623419220,1,16864000000,6469000000,13002000000,3509000000,3862000000,0,0,9193000000,6576000000,979000000,-144000000,-144000000,-0.23,-0.23,0.075,55000000,-4549000000,3994000000,-498000000,5610000000,17000000,22.77,25.27,20.28,0.5284,0.1694,6.19,3.72,5.78,5.95,1.2383,1.7027,0.229,None,None,0.06,1.8435
2016-07-01,615588602,615588602,1,11530000000,6799000000,7764000000,3322000000,3766000000,0,0,3569000000,2605000000,884000000,135000000,135000000,0.22,0.22,0.075,-772000000,15000000,898000000,125000000,6108000000,22000000,18.92,21.24,16.6,0.5352,0.2102,6.12,3.15,4.86,5.88,1.1119,0.6917,0.3266,None,None,-1.29,2.0467
2016-04-01,612292085,612292085,1,11767000000,6959000000,8091000000,4033000000,3676000000,0,0,3591000000,2207000000,None,2045000000,2045000000,3.13,3.24,4.15,250000000,6499000000,-3233000000,3471000000,5983000000,47000000,18.75,20.88,16.62,0.4771,0.2033,6,2.27,20.83,5.8,1.1426,0.6004,0.3124,None,None,0.33,1.7255
2016-01-01,652222522,652222522,1,11936000000,7173000000,6542000000,3827000000,5394000000,0,0,3610000000,1740000000,909000000,170000000,170000000,0.26,0.25,0.15,112000000,59000000,-717000000,-585000000,2512000000,76000000,20.44,21.48,19.39,0.1071,0.0491,8.27,2.34,21.07,1.65,0.6525,0.3226,0.4519,0.1141,0.43,0.06,1.8743
2015-10-02,675526104,675526104,1,12460000000,4664000000,6568000000,3729000000,5892000000,0,0,6419000000,1740000000,1498000000,156000000,156000000,0.23,0.23,0.15,134000000,578000000,-576000000,116000000,3097000000,71000000,21.53,23.99,19.07,0.1136,0.052,8.72,2.5,19.75,1.5,0.6087,0.2953,0.4729,0.1091,0.48,0.09,1.2507
2015-07-03,684172994,684172994,1,12784000000,5022000000,6888000000,4064000000,5896000000,0,0,6445000000,1741000000,1499000000,117000000,117000000,0.17,0.17,0.15,300000000,37000000,-238000000,107000000,2981000000,78000000,24.49,26.16,22.83,0.1284,0.0584,8.62,2.81,19.44,1.35,0.541,0.2953,0.4612,0.121,0.48,0.32,1.2357
2015-04-03,680727932,680727932,1,13233000000,5422000000,7298000000,4453000000,5935000000,0,0,6475000000,1746000000,1518000000,176000000,176000000,0.26,0.25,0.15,488000000,-151000000,-189000000,110000000,2874000000,162000000,24.98,26.69,23.28,0.1489,0.067,8.72,2.88,18.78,1.2,0.4687,0.2942,0.4485,0.1349,0.5,0.48,1.2176
2015-01-02,682380095,682380095,1,13102000000,5255000000,7192000000,4233000000,5910000000,0,0,6523000000,1745000000,1638000000,222000000,222000000,0.32,0.32,0.15,358000000,-281000000,-218000000,-208000000,2764000000,20000000,24.26,26.58,21.94,0.1568,0.0698,8.66,2.84,17.21,1.05,0.4496,0.2953,0.4511,0.1389,0.5,0.5,1.2414
2014-10-03,690147433,690147433,1,12883000000,5038000000,6986000000,4045000000,5897000000,0,0,6550000000,1745000000,1617000000,244000000,244000000,0.35,0.35,0.15,173000000,2000000,-188000000,-95000000,2972000000,107000000,23.59,24.77,22.42,0.1683,0.0742,8.54,2.79,16.85,0.9,0.423,0.2959,0.4577,0.1467,0.51,0.1,1.2455
2014-07-04,690468702,690468702,1,13164000000,5288000000,7326000000,3979000000,5838000000,0,0,6606000000,2095000000,1735000000,236000000,236000000,0.34,0.34,0.15,293000000,-724000000,-216000000,-640000000,3067000000,92000000,21.5,23.04,19.97,0.1695,0.0739,8.46,2.57,16.8,0.75,0.4252,0.3589,0.4435,0.1458,0.51,0.29,1.329
2014-03-28,691693986,691693986,1,13539000000,5652000000,7742000000,4306000000,5797000000,0,0,6626000000,2095000000,1625000000,217000000,217000000,0.31,0.32,0.15,449000000,-375000000,-187000000,-106000000,3707000000,77000000,21.09,23.97,18.2,0.1582,0.068,8.38,2.53,17.15,0.6,0.464,0.3614,0.4282,0.1345,0.51,0.54,1.3126
2013-12-27,691554385,691554385,1,13258000000,5316000000,7500000000,4149000000,5758000000,0,0,6665000000,2094000000,1705000000,283000000,283000000,0.41,0.4,0.15,329000000,-38000000,-208000000,86000000,3813000000,65000000,23.13,25.06,21.2,0.1556,0.0647,8.33,2.85,20.47,0.45,0.3601,0.3637,0.4343,0.1278,0.51,0.38,1.2813
2013-09-27,696031510,696031510,1,12914000000,4970000000,7257000000,3907000000,5657000000,0,0,6711000000,2094000000,1637000000,241000000,241000000,0.34,0.34,0.15,191000000,-141000000,-125000000,-22000000,3727000000,57000000,24.19,26.44,21.93,0.1469,0.0587,8.13,3.07,22.82,0.3,0.2622,0.3702,0.4381,0.1159,0.51,0.19,1.2721
2013-06-28,698621994,698621994,1,13151000000,5179000000,7654000000,4205000000,5497000000,0,0,6731000000,2094000000,1709000000,157000000,157000000,0.23,0.22,0.15,312000000,-29000000,-1192000000,-936000000,3749000000,61000000,22.75,24.45,21.06,0.1418,0.0546,7.87,2.92,21.06,0.15,0.1397,0.3809,0.418,0.108,0.51,0.36,1.2316
2013-03-29,696634962,696634962,1,14379000000,6315000000,8958000000,5562000000,5421000000,0,0,6818000000,2094000000,1748000000,188000000,188000000,0.27,0.27,0,612000000,-95000000,24000000,485000000,4685000000,91000000,21.77,24.73,18.82,0.1481,0.0553,7.78,2.91,13.78,0,0,0.3863,0.377,0.1108,0.5,0.75,1.1354
2012-12-28,689188741,689188741,1,13962000000,5816000000,8806000000,5482000000,5156000000,0,0,6908000000,2094000000,1791000000,212000000,212000000,0.31,0.3,0,463000000,-76000000,-177000000,198000000,4200000000,77000000,18.21,19.09,17.33,0.2234,0.0841,7.48,2.48,11.38,0,0,0.4061,0.3693,0.1661,0.51,0.56,1.0609
2012-09-28,693902080,693902080,1,13463000000,5206000000,8360000000,5008000000,5088000000,15000000,0,6997000000,2093000000,1699000000,193000000,193000000,0.27,0.27,0,178000000,-65000000,-224000000,-80000000,4002000000,89000000,16.19,19.2,13.18,0.2348,0.0892,7.33,2.27,10.31,0,0,0.4114,0.3779,0.1721,0.52,0.13,1.0395
2012-06-29,702950451,702950451,1,13556000000,5219000000,8474000000,5114000000,5002000000,80000000,0,7086000000,2093000000,1668000000,172000000,172000000,0.24,0.24,0,340000000,-83000000,685000000,920000000,4082000000,79000000,16.34,18.8,13.89,0.239,0.0912,7.12,2.31,10.34,0,0,0.4184,0.369,0.1709,0.53,0.37,1.0205
2012-03-30,720745832,720745832,1,13020000000,4633000000,7848000000,4505000000,5094000000,78000000,0,7163000000,3039000000,1681000000,559000000,559000000,0.77,0.77,0,687000000,293000000,-170000000,835000000,3162000000,87000000,17.14,18.74,15.55,0.2486,0.0956,7.07,2.69,16.64,0,0,0.5966,0.3912,0.1741,0.55,0.83,1.0284
2011-12-30,729443620,729443620,1,12183000000,3886000000,7448000000,4169000000,4649000000,86000000,0,7104000000,2025000000,1715000000,240000000,240000000,0.33,0.32,0,403000000,-91000000,-209000000,112000000,2327000000,75000000,16.91,18.88,14.94,0.1708,0.0641,6.37,2.74,19.22,0,0,0.4356,0.3816,0.1162,0.55,0.45,0.9321
2011-09-30,737162808,737162808,1,11835000000,3433000000,7197000000,3895000000,4553000000,85000000,0,7209000000,2012000000,1681000000,182000000,182000000,0.24,0.24,0,308000000,-105000000,-229000000,-75000000,2215000000,73000000,17.7,20,15.39,0.1487,0.0552,6.18,2.91,21.85,0,0,0.4419,0.3847,0.1018,0.54,0.32,0.8814
2011-07-01,749745683,749745683,1,12023000000,3484000000,7379000000,4051000000,4564000000,80000000,0,7330000000,1999000000,1653000000,191000000,191000000,0.25,0.25,0,503000000,-415000000,-778000000,-660000000,2290000000,51000000,19.23,20.5,17.97,0.1389,0.0515,6.09,3.21,25.3,0,0,0.438,0.3796,0.0978,0.53,0.6,0.86
2011-04-01,755541093,755541093,1,12719000000,4486000000,8114000000,4893000000,4528000000,77000000,0,7005000000,1987000000,1673000000,168000000,168000000,0.23,0.22,0,689000000,-82000000,-133000000,505000000,2950000000,83000000,17.82,18.8,16.84,0.1325,0.0502,5.99,3.05,23.14,0,0,0.4388,0.356,0.0964,0.52,0.8,0.9168
2010-12-31,763249309,763249309,1,12163000000,3893000000,7622000000,4584000000,4455000000,86000000,0,7107000000,1974000000,1604000000,132000000,132000000,0.17,0.17,0,460000000,-31000000,-243000000,189000000,2445000000,39000000,16.5,18.24,14.76,0.1374,0.0538,5.84,2.84,17.01,0,0,0.4431,0.3663,0.1025,0.53,0.55,0.8493
2010-10-01,776254468,776254468,1,11819000000,3443000000,7230000000,4234000000,4505000000,84000000,0,7209000000,1962000000,1480000000,136000000,136000000,0.17,0.17,0,310000000,-1229000000,399000000,-470000000,2256000000,64000000,13.89,15.75,12.04,0.175,0.0703,5.8,2.42,14.17,0,0,0.4355,0.3812,0.1315,0.53,0.32,0.8132
2010-07-02,789341729,789341729,1,10866000000,3755000000,6328000000,4530000000,4538000000,0,0,6032000000,853000000,1433000000,161000000,161000000,0.2,0.2,0,335000000,-418000000,-207000000,-303000000,2726000000,52000000,15.52,17.47,13.58,0.1812,0.0735,5.75,2.73,17.84,0,0,0.188,0.4176,0.134,0.55,0.36,0.8289
2010-04-02,798888671,798888671,1,11232000000,4351000000,6684000000,3771000000,4548000000,0,0,5784000000,1871000000,1531000000,191000000,191000000,0.24,0.23,0,703000000,-117000000,-137000000,436000000,3029000000,99000000,16.07,18.17,13.97,0.1653,0.0659,5.69,2.93,48.7,0,0,0.4114,0.4049,0.1193,0.55,0.76,1.1538
2010-01-01,806239036,806239036,1,10949000000,3944000000,6529000000,3600000000,4420000000,0,0,5888000000,1844000000,1548000000,300000000,300000000,0.37,0.37,0,393000000,-17000000,-99000000,279000000,2593000000,-1000000,16.18,17.71,14.65,0.0656,0.0256,5.48,3.12,None,0,0,0.4172,0.4037,0.0462,0.55,0.49,1.0956
2009-10-02,810560473,810560473,1,10611000000,3493000000,6410000000,3373000000,4201000000,0,0,5976000000,1818000000,1474000000,150000000,150000000,0.18,0.18,0,226000000,-47000000,-77000000,122000000,2314000000,53000000,16.98,18.28,15.68,None,-0.6412,5.18,3.36,None,0,None,0.4328,0.3959,None,0.55,0.21,1.0356
2009-07-03,814504809,814504809,1,10529000000,3306000000,6417000000,3392000000,4112000000,0,0,6075000000,1792000000,1432000000,73000000,73000000,0.09,0.09,0,371000000,116000000,-128000000,399000000,2192000000,52000000,17.64,19.16,16.13,None,-0.5514,5.05,3.65,None,0,None,0.4358,0.3905,None,0.48,0.39,0.9746
2009-04-03,817831058,817831058,1,10645130000,3300139000,6697142000,3514367000,3947988000,0,0,6199307000,2189747000,1467568000,-249378000,-249378000,-0.31,-0.31,0,607057000,-197507000,-60822000,343469000,1792502000,56842000,19.24,21.95,16.53,-0.8854,-0.4729,4.83,3.77,None,0,None,0.5546,0.3709,None,0.43,0.67,0.939
2009-01-02,820984915,820984915,1,10842070000,2943128000,6651377000,3470841000,4190693000,0,0,6234343000,2100000000,1513954000,-6806257000,-6806257000,-8.23,-8.23,0,401674000,-986614000,-198389000,-813124000,1449033000,89893000,19.84,22.8,16.88,-0.6726,-0.3911,5.1,1.48,26.81,0,None,0.5011,0.3865,None,0.39,0.38,0.848
2008-10-03,836013435,836013435,1,17621999000,3431179000,6428707000,3170417000,11193292000,0,0,12464949000,2100000000,1518010000,140073000,140073000,0.17,0.16,0,248291000,146833000,-84308000,216914000,2262157000,28097000,13.66,17.27,10.05,0.0584,0.0362,13.39,1.04,21.34,0,0,0.1876,0.6352,0.1036,0.35,0.26,1.0822
2008-07-04,839099530,839099530,1,17809068000,3399656000,6743100000,3433079000,11065968000,0,0,12509615000,2100000000,1650322000,186692000,186692000,0.22,0.22,0,413576000,75351000,-332588000,155018000,2045243000,57695000,14.45,16.35,12.54,0.0504,0.0313,13.19,1.11,27.79,0,0,0.1898,0.6214,0.0907,0.35,0.42,0.9903
2008-03-28,840122348,840122348,1,18092094000,3729918000,7118911000,3799586000,10973183000,0,0,12450881000,2206187000,1539741000,186386000,186386000,0.21,0.21,0,674370000,-172205000,-134391000,405736000,1890225000,-40037000,18.73,20.7,16.77,0.0418,0.0262,13.06,1.45,48.03,0,0,0.2011,0.6065,0.079,0.33,0.85,0.9817
2007-12-28,846427672,846427672,1,17767545000,3374598000,6838464000,3581422000,10929081000,0,0,12508043000,2198662000,1515251000,131890000,131890000,0.15,0.15,0,462005000,-221514000,-164273000,96125000,1484489000,71100000,19.13,21.03,17.23,0.0311,0.0199,12.91,1.49,53.14,0,0,0.2012,0.6151,0.0614,0.32,0.46,0.9423
2007-09-28,867277815,867277815,1,17316749000,3029676000,6211330000,2991253000,11105419000,0,0,12263367000,2185419000,1419089000,50368000,50368000,0.06,0.06,0,330969000,-21226000,-329829000,14315000,1388364000,64244000,18.64,21.32,15.97,0.0288,0.0188,12.8,1.45,44.38,0,0,0.1968,0.6413,0.0603,0.31,0.31,1.0128
2007-06-29,882521613,882521613,1,17621609000,3080953000,6286143000,3040800000,11335466000,0,0,12381487000,2138647000,1400338000,95206000,95206000,0.11,0.1,0,351309000,-1111273000,-437060000,-1184985000,1374049000,73785000,16.63,18.72,14.54,0.0343,0.0228,12.84,1.29,40.56,0,0,0.1887,0.6433,0.0758,0.3,0.31,1.0132
2007-03-30,901018438,901018438,1,17750870000,4071047000,6149357000,3318089000,11601513000,0,0,11585986000,2121370000,1365167000,72433000,72433000,0.08,0.08,0,612904000,-133214000,-528471000,-32969000,2559034000,81467000,16.44,17.9,14.98,0.0331,0.0224,12.88,1.26,38.23,0,0,0.1829,0.6536,0.0778,0.29,0.59,1.2269
2006-12-29,924575651,924575651,1,17899716000,4126529000,5844985000,3142161000,12054731000,0,0,11647875000,2122118000,1313040000,113722000,113722000,0.12,0.12,0,439288000,-169343000,-320028000,-15783000,2592003000,98034000,18.1,21.42,14.78,0.0354,0.0249,13.04,1.39,46.41,0,0,0.176,0.6735,0.0889,0.28,0.37,1.3133
2006-09-29,938017595,938017595,1,17688043000,3872345000,5466743000,2774702000,12221300000,0,0,11674783000,2121471000,1262073000,123434000,123434000,0.13,0.12,0,260270000,79806000,-1413455000,-1077731000,2607786000,-13856000,20.39,22.19,18.59,0.0326,0.0237,13.03,1.56,339.83,0,0,0.1736,0.6909,0.0871,0.27,0.29,1.3956
2006-06-30,989189060,989189060,1,18988731000,5003796000,6050963000,3416139000,12937768000,0,0,11728521000,2126320000,1259086000,94791000,94791000,0.09,0.09,0,353773000,296000,952387000,1369895000,3685517000,132640000,19.03,21.86,16.2,0.0038,0.0029,13.08,1.44,79.29,0,0,0.1643,0.6813,0.0113,0.26,0.22,1.4648
2006-03-31,1035109852,1035109852,1,17913183000,3907932000,4244712000,3477567000,13668471000,0,0,11771918000,24916000,1238560000,118813000,118813000,0.12,0.1,0,487044000,42526000,-74459000,476377000,2315622000,64940000,20.45,22.9,18.01,0.0136,0.0104,13.2,1.57,68.17,0,0,0.0018,0.763,0.0379,0.28,0.41,1.1238
2005-12-30,1043314169,1043314169,1,17676871000,3933862000,4074952000,3195089000,13601919000,0,0,11545927000,36338000,1149026000,90734000,90734000,0.08,0.08,0,520583000,1275703000,-1744593000,32839000,1839245000,120544000,22,24.38,19.63,0.0174,0.0132,13.04,1.58,50,0,0,0.0027,0.7695,0.0436,0.3,0.38,1.2312
2005-09-30,1081475654,1081475654,1,18867412000,5233941000,3778997000,2896614000,15088415000,0,0,11430293000,40867000,1055864000,-251328000,-251328000,-0.21,-0.21,0,317545000,2658512000,-2124756000,858022000,1806406000,54157000,20.16,24.01,16.32,0.035,0.0259,13.95,6.17,24,0,0,0.0027,0.7997,0.0729,0.36,0.24,1.8069
2005-07-01,1197819604,1197819604,1,5714059000,3790108000,1795374000,1604315000,3918685000,0,0,1401642000,3442000,699942000,198633000,198633000,0.28,0.27,0,211724000,-357136000,33744000,-143049000,948384000,27576000,17.62,19.94,15.3,0.1766,0.1135,3.27,3.38,23.97,0,0,0.0009,0.6858,0.2265,0.5,0.15,2.3624
2005-04-01,711727753,711727753,1,5614221000,3688282000,1908768000,1701023000,3705453000,0,0,1395952000,0,712678000,119682000,119682000,0.17,0.16,0,354178000,366373000,6981000,712443000,1091433000,25124000,22.58,25.44,19.71,0.1697,0.1034,5.21,4.44,30.72,0,0,0,0.66,0.2076,0.5,0.46,2.1683
2004-12-31,709536917,709536917,1,5444105000,3497280000,1829428000,1658638000,3614677000,0,0,1373815000,0,695224000,163577000,163577000,0.24,0.22,0,383984000,-333454000,-10288000,68716000,657290000,27372000,23.84,27.68,20,0.1878,0.109,5.09,5.49,35.32,0,0,0,0.664,0.2198,0.5,0.5,2.1085
2004-10-01,317094170,634188340,2,4992261000,3085222000,2241831000,1482184000,2750430000,0,0,1378204000,605376000,618313000,135623000,135623000,0.43,0.38,0,239711000,-147354000,-10829000,83802000,588574000,20127000,28.79,34.05,23.53,0.1906,0.1051,4.34,7.06,47.39,0,0,0.2201,0.5509,0.2163,0.49,0.35,2.0815
2004-07-02,315150468,630300936,2,4683439000,2782554000,2113262000,1354794000,2570177000,0,0,1352271000,605674000,556634000,117277000,117277000,0.38,0.33,0,229586000,-548724000,-17854000,-334390000,504772000,18913000,23.33,26.6,20.05,0.1812,0.1004,4.08,6,43.81,0,0,0.2357,0.5488,0.2108,0.48,0.33,2.0539
2004-04-02,311834597,623669194,2,4456498000,2842134000,2030290000,1287040000,2426208000,0,0,1080759000,606019000,556435000,116929000,116929000,0.38,0.32,0,335676000,-108455000,-22305000,119312000,839162000,28007000,10.98,12.88,9.09,0.1674,0.0933,3.89,2.9,23.12,0,0,0.2498,0.5444,0.1982,0.47,0.49,2.2083
2004-01-02,311232906,622465812,2,4180947000,2659170000,1829227000,1223979000,2351720000,0,0,994743000,605248000,493905000,111476000,111476000,0.36,0.32,0,295502000,-186807000,35536000,173114000,719850000,19582000,13.62,16.67,10.57,0.1571,0.0876,3.78,3.95,32.05,0,0,0.2574,0.5625,0.1889,0.46,0.44,2.1726
2003-10-03,154031672,616126688,4,3777801000,2407995000,1653682000,1047786000,2124119000,0,0,853629000,605896000,428665000,83433000,83433000,0.55,0.49,0,159932000,-213101000,61702000,78873000,546736000,40865000,15.9,17.52,14.28,0.1515,0.0833,3.45,4.95,41.3,0,0,0.2852,0.5623,0.1779,0.47,0.19,2.2982
2003-07-04,151779892,607119568,4,3465766000,2176871000,1514130000,907491000,1951636000,0,0,833228000,606639000,391124000,58781000,58781000,0.39,0.36,0,111495000,-8935000,54221000,173257000,467863000,22756000,20.77,24.05,17.5,0.1483,0.0801,3.21,7.06,53.95,0,0,0.3108,0.5631,0.1691,0.47,0.15,2.3988
2003-03-28,149989024,599956096,4,3265730000,1988146000,1501351000,894624000,1764379000,0,0,833449000,606727000,390039000,68143000,68143000,0.47,0.41,0,208459000,-261518000,48442000,-1318000,294606000,135569000,8.75,10.24,7.26,0.1589,0.0846,2.94,3.22,30.17,0,0,0.3439,0.5403,0.1766,0.48,0.12,2.2223
2002-12-27,147711497,590845988,4,3040852000,1745900000,1433643000,830167000,1607209000,0,0,833449000,603476000,375635000,71732000,71732000,0.49,0.44,0,183168000,-218660000,57459000,26996000,295924000,14047000,7.77,8.74,6.8,0.1275,0.0674,2.72,3.13,43.17,0,0,0.3755,0.5285,0.1394,0.48,0.29,2.1031
2002-09-27,144652184,578608736,4,2746959000,1439997000,1310097000,704773000,1436862000,0,0,834600000,605324000,325231000,51994000,51994000,0.36,0.33,0,96402000,-124044000,-52962000,-88477000,268928000,18148000,9.41,11.55,7.26,0.0832,0.0438,2.48,3.78,121.42,0,0,0.4213,0.5231,0.0913,0.48,0.14,2.0432
2002-06-28,145068106,580272424,4,2699831000,1757204000,1255271000,651747000,1444560000,0,0,525927000,603524000,316041000,56569000,56569000,0.39,0.36,0,95876000,-152418000,20440000,-21832000,357405000,24430000,10.91,12.07,9.76,0.0378,0.0214,2.49,4.76,None,0,0,0.4178,0.5351,0.0428,0.5,0.12,2.6961
2002-03-29,144153798,576615192,4,2502605000,1562819000,1182729000,579098000,1319876000,0,0,521949000,603631000,310783000,4779000,4779000,0.03,0.03,0,207329000,-505012000,50408000,-249442000,379237000,46461000,7.02,9.18,4.86,-0.0215,-0.0134,2.29,3.18,None,0,None,0.4573,0.5274,None,0.51,0.28,2.6987
2001-12-28,142242206,568968824,4,2414847000,1461837000,1159948000,557585000,1254899000,0,0,570445000,602363000,290247000,100000,100000,0,0,0,187390000,-326514000,605382000,462850000,628679000,49435000,5.31,6.29,4.33,-0.0456,-0.0313,2.21,2.39,None,0,None,0.48,0.5197,None,0.52,0.24,2.6217
2001-09-28,69676760,557414080,8,1672709000,721335000,437023000,434660000,1235686000,0,0,624858000,2363000,242372000,-11812000,-11812000,-0.16,-0.16,0,62409000,103118000,-200691000,-39046000,165829000,16868000,6.54,8.72,4.35,-0.0328,-0.0256,2.22,2.68,307.76,0,None,0.0019,0.7387,None,0.52,0.08,1.6595
2001-06-29,73522108,588176864,8,1834364000,849314000,399937000,397574000,1434427000,0,0,670584000,2363000,228036000,-21218000,-21218000,-0.29,-0.29,0,54069000,-140855000,58963000,-23048000,204875000,28093000,9.28,10.6,7.96,0.0034,0.0026,2.44,3.98,70.04,0,0,0.0016,0.782,0.0049,0.54,0.04,2.1362
2001-03-30,73938889,591511112,8,1791581000,781901000,415080000,412717000,1376501000,0,0,713550000,2363000,250606000,-27448000,-27448000,-0.36,-0.36,0,111274000,107211000,-221954000,-11586000,227923000,27219000,7.75,8.94,6.57,0.0587,0.045,2.33,2.88,32.98,0,0,0.0017,0.7683,0.0749,0.6,0.14,1.8945
2000-12-29,75647449,605179592,8,1992305000,911936000,362005000,359642000,1630300000,0,0,771145000,2363000,219294000,13874000,13874000,0.22,0.21,0,92535000,76888000,7808000,178010000,255536000,8689000,6.56,7.96,5.17,0.1366,0.1037,2.69,4.62,17.04,0,0,0.0014,0.8183,0.1556,0.67,0.14,2.5357
2000-09-29,61139466,489115728,8,973952000,671845000,281309000,278597000,692643000,0,0,73118000,2712000,192296000,39113000,39113000,0.64,0.61,0,27311000,-117614000,4231000,-87534000,77526000,16964000,4.7,5.66,3.73,0.313,0.2237,1.42,3.48,12.97,0,0,0.0039,0.7112,0.2567,0.87,0.02,2.4115
2000-06-30,61003559,488028472,8,929319000,647189000,269156000,267052000,660163000,0,0,77797000,2104000,191358000,38397000,38397000,0.63,0.6,0,93403000,-42265000,11574000,61060000,149033000,8300000,5.39,6.58,4.2,0.3281,0.2318,1.35,4.24,15.91,0,0,0.0032,0.7104,0.2426,0.96,0.17,2.4235
2000-03-31,60691603,485532824,8,846027000,545537000,228070000,226517000,617957000,0,0,82972000,1553000,187205000,31576000,31576000,0.54,0.46,0,49438000,-182000000,19330000,-115605000,87973000,5240000,2.56,3.5,1.63,0.3485,0.2409,1.27,2.17,7.67,0,0,0.0025,0.7304,0.2282,1.06,0.09,2.4084
1999-12-31,59393072,475144576,8,792369000,511649000,231331000,230356000,561038000,0,0,69558000,975000,200847000,89013000,89013000,1.52,1.41,0,84717000,-89019000,25575000,20846000,213588000,7411000,3.86,4.5,3.22,0.3889,0.2569,1.18,4.34,20.05,0,0,0.0017,0.7081,0.2243,1.15,0.16,2.2211
1999-10-01,58142899,465143192,8,621300000,337985000,207535000,206626000,413765000,0,0,100820000,909000,182535000,25832000,25832000,0.45,0.43,0,33781000,-57501000,15861000,-6779000,192742000,8655000,6.45,8.3,4.59,0.2561,0.1591,0.89,8.16,45.26,0,0,0.0022,0.666,0.1322,1.2,0.05,1.6357
1999-07-02,56800780,454406240,8,565628000,325736000,205527000,204436000,360101000,0,0,68989000,1091000,175138000,23727000,23727000,0.42,0.41,0,56288000,-1958000,-9274000,45648000,199521000,7149000,8.05,10.1,6.01,0.2059,0.1247,0.79,10.45,74.88,0,0,0.003,0.6366,0.1053,1.19,0.11,1.5933
1999-04-02,56098393,448787144,8,563476000,316463000,218363000,216908000,345113000,0,0,75224000,0,169618000,24758000,24758000,0.45,0.42,0,37675000,-12744000,-22387000,3722000,153873000,5964000,3.42,4.02,2.83,0.1595,0.0975,0.77,5.26,33.37,0,0,0,0.6125,0.0847,1.15,0.07,1.459
1999-01-01,55656505,445252040,8,517125000,288382000,235444000,219902000,289817000,-8136000,0,58120000,1455000,155206000,15883000,15883000,0.29,0.28,0,43332000,36006000,-11016000,67836000,150151000,5815000,2.38,3.5,1.27,0.161,0.1005,0.65,3.61,20.92,0,0,0.005,0.5604,0.0856,1.17,0.08,1.3114
1998-10-02,55411446,443291568,8,480276000,281928000,187058000,175652000,293218000,0,0,14498000,5455000,130034000,1945000,1945000,0.03,0.03,0,10646000,-11692000,-38407000,-42755000,82315000,6156000,1.91,2.73,1.09,0.1822,0.118,0.66,2.65,12.42,0,0,0.0186,0.6105,0.0971,1.22,0.01,1.605
1998-07-03,57418197,459345576,8,499120000,328539000,168125000,153002000,330995000,0,0,15325000,8000000,137770000,7615000,7615000,0.13,0.13,0,31881000,-51181000,9821000,-13943000,125070000,7206000,2.33,2.86,1.81,0.2498,0.1644,0.72,3.38,13.13,0,0,0.0242,0.6632,0.1276,1.29,0.05,2.1473
1998-04-03,57530593,460244744,8,476460000,328539000,158953000,153002000,317507000,0,0,0,5951000,156092000,24138000,24138000,0.47,0.38,0,43411000,-20284000,9401000,32288000,139013000,6191000,2.05,2.55,1.56,0.3113,0.2037,0.69,3.36,13.9,0,0,0.0187,0.6664,0.1471,1.38,0.08,2.1473
1998-01-02,56576453,452611624,8,426883000,282934000,149270000,134986000,277613000,0,0,0,14284000,148240000,21836000,21836000,0.39,0.37,0,23681000,-17826000,-4235000,133000,106725000,5776000,2.81,3.19,2.43,0.2786,0.1802,0.61,4.84,21.21,0,0,0.0515,0.6503,0.1254,1.44,0.04,2.096
1997-10-03,56276053,450208424,8,402269000,261050000,140734000,125627000,261535000,0,0,0,15107000,139013000,20580000,20580000,0.35,0.35,0,26627000,-36570000,6311000,-5120000,106592000,7376000,2.89,3.38,2.4,0.2658,0.1681,0.58,5.45,31.67,0,0,0.0578,0.6501,0.116,1.45,0.04,2.078
1997-07-04,55806514,446452112,8,365565000,258876000,128813000,113754000,236752000,0,0,0,15059000,135016000,18535000,18535000,0.32,0.32,0,37157000,-21333000,285000,15954000,111712000,6996000,3.12,3.63,2.61,0.1957,0.1228,0.53,6.37,53.11,0,0,0.0636,0.6476,0.0834,1.47,0.07,2.2758
1997-03-28,55323964,442591712,8,341673000,238197000,123694000,108628000,217979000,0,0,0,15066000,129706000,8269000,8269000,0.14,0.14,0,26511000,7574000,6273000,39246000,95758000,4453000,1.82,2.27,1.38,0.1302,0.0812,0.49,3.96,None,0,0,0.0691,0.638,0.0551,1.47,0.05,2.1928
1996-12-27,55273196,442185568,8,347834000,236111000,142510000,127282000,205324000,0,0,0,15228000,124081000,13852000,13852000,0.25,0.25,0,39679000,-9852000,1116000,31905000,56512000,6468000,1.34,1.59,1.09,-0.0513,-0.0316,0.46,3.12,None,0,None,0.0742,0.5903,None,1.56,0.08,1.855
1996-09-30,54793294,438346352,8,297630000,234278000,108608000,93310000,189022000,0,0,0,15298000,109178000,882000,882000,0.02,0.02,0,14530000,-25801000,268000,-10936000,24607000,8436000,1.65,2.05,1.24,-0.3319,-0.2042,0.43,3.84,None,0,None,0.0809,0.6351,None,1.59,0.01,2.5107
1996-06-30,54730637,437845096,8,295404000,229410000,107686000,92338000,187718000,0,0,327000,15348000,109218000,3035000,3035000,0.06,0.06,0,13660000,-24164000,4046000,-6234000,35543000,7838000,1.94,2.3,1.58,-0.2771,-0.169,0.43,4.62,None,0,None,0.0818,0.6355,None,1.62,0.01,2.4845
1996-03-31,54124841,432998728,8,297929000,236862000,117612000,102219000,180317000,0,0,518000,15393000,141379000,-27550000,-27550000,-0.37,-0.37,0,9809000,-5642000,841000,7260000,41777000,7494000,3.13,3.69,2.58,-0.2446,None,0.42,7.82,None,0,None,0.0854,0.6052,None,1.66,0.01,2.3172
1995-12-31,53420110,427360880,8,292998000,234505000,121619000,106164000,171379000,0,0,951000,15455000,111097000,-36806000,-36806000,-0.69,-0.69,0,-18602000,4932000,4894000,-8344000,34517000,10803000,3.55,4.13,2.97,None,None,0.4,6.96,None,0,None,0.0902,0.5849,None,None,-0.07,2.2089
1995-09-29,39360906,314887248,8,260333000,209635000,100293000,84885000,160040000,0,0,7302000,15408000,102847000,12873000,12873000,0.31,0.3,0,9431000,-8031000,8365000,9974000,35441000,10661000,3.18,3.67,2.69,None,None,0.51,7.07,None,0,None,0.0963,0.6148,None,None,-0,2.4696
1995-06-30,38620712,308965696,8,224765000,180593000,85916000,70623000,138849000,0,0,7684000,15293000,90109000,11700000,11700000,0.29,0.28,0,10360000,-13306000,6195000,2695000,25467000,6809000,2.06,2.83,1.29,None,None,0.45,5.72,None,0,None,0.1101,0.6178,None,None,0.01,2.5571
1995-03-31,38241349,305930792,8,221315000,179629000,109993000,84585000,111322000,0,0,8274000,25408000,None,None,None,None,None,0,17824000,-23975000,8529000,81000,22772000,8518000,1.69,2.11,1.26,None,None,0.36,5.28,None,0,None,0.2282,0.503,None,None,0.03,2.1237
1994-12-30,36779026,294232208,8,195967000,156079000,102855000,77312000,93112000,0,0,9870000,25543000,84128000,9058000,9058000,0.25,None,0,None,None,None,None,22691000,0,1.68,2.02,1.34,None,None,0.32,None,None,0,None,0.2743,0.4751,None,None,None,2.0188
