"Quarter end","Shares","Shares split adjusted","Split factor","Assets","Current Assets","Liabilities","Current Liabilities","Shareholders equity","Non-controlling interest","Preferred equity","Goodwill & intangibles","Long-term debt","Revenue","Earnings","Earnings available for common stockholders","EPS basic","EPS diluted","Dividend per share","Cash from operating activities","Cash from investing activities","Cash from financing activities","Cash change during period","Cash at end of period","Capital expenditures","Price","Price high","Price low","ROE","ROA","Book value of equity per share","P/B ratio","P/E ratio","Cumulative dividends per share","Dividend payout ratio","Long-term debt to equity ratio","Equity to assets ratio","Net margin","Asset turnover","Free cash flow per share","Current ratio"
2019-06-30,142218236,142218236,1,8021817000,3751932000,4245558000,1906233000,3774923000,1336000,0,2028729000,1551319000,2839199000,27344000,27344000,0.19,0.19,0.04,-108664000,-68171000,165378000,-11375000,78117000,64267000,37.64,41,34.28,0.0879,0.0438,26.54,1.44,14.82,0.08,0.0347,0.411,0.4706,0.0279,1.57,-1.22,1.9682
2019-03-31,142117690,142117690,1,7652516000,3554544000,3927459000,1778737000,3723744000,1313000,0,2023594000,1378080000,2807259000,120488000,120488000,0.83,0.82,0.04,-82750000,-147156000,236260000,6236000,89492000,57808000,33.67,37.95,29.39,0.101,0.0523,26.2,1.32,17.18,0.04,0.0152,0.3701,0.4866,0.0324,1.61,-0.99,1.9984
2018-12-31,141392596,141392596,1,7075787000,3326104000,3470334000,1806127000,3604159000,1294000,0,1996362000,1073690000,3112218000,55478000,55478000,0.35,0.43,0,137172000,-80987000,-89430000,-34918000,83256000,69163000,31.95,36,27.9,0.0791,0.0423,25.49,1.22,14.26,0,0,0.2979,0.5094,0.0261,1.61,0.48,1.8416
2018-09-30,146516834,146516834,1,7191174000,3378122000,3366940000,1816184000,3822818000,1416000,0,1912139000,956541000,2985281000,124551000,124551000,0.82,0.81,0,39104000,-136431000,90963000,-6563000,118174000,68502000,34.1,35.59,32.61,0.0937,0.0521,26.09,1.38,17.14,0,0,0.2502,0.5316,0.0332,1.55,-0.2,1.86
2018-06-30,149293665,149293665,1,6790382000,3074836000,3096917000,1690565000,3690660000,2805000,0,2159484000,842206000,2656348000,74706000,74365000,0.49,0.48,0,156520000,-93354000,-44822000,19457000,124737000,77560000,34.81,37.44,32.19,0.0848,0.048,24.72,1.43,18.13,0,0,0.2282,0.5435,0.031,1.53,0.53,1.8188
2018-03-31,150095299,150095299,1,6653402000,2957069000,3006437000,1549639000,3643352000,3613000,0,2173697000,884630000,2417576000,38611000,37614000,0.24,0.24,0,25993000,-91898000,26719000,-38495000,105280000,61038000,36.4,40.1,32.7,0.083,0.0483,24.27,1.48,18.29,0,0,0.2428,0.5476,0.0314,1.52,-0.23,1.9082
2017-12-31,154230841,154230841,1,6480154000,2869907000,2684525000,1492067000,3791571000,4058000,0,2131779000,672425000,2478627000,115576000,113561000,0.73,0.71,0,197638000,-8750000,-142270000,46753000,138285000,69449000,37.42,39.5,35.35,0.0874,0.0521,24.58,1.55,20.45,0,0,0.1773,0.5851,0.0333,1.55,0.83,1.9234
2017-09-30,154720790,154720790,1,6640246000,2948239000,2910015000,1592492000,3727530000,2701000,0,2212063000,763495000,2609307000,89849000,89313000,0.57,0.56,0,173703000,-452344000,270133000,-8033000,91532000,58917000,35.13,37.59,32.67,0.0827,0.05,24.09,1.51,20.07,0,0,0.2048,0.5614,0.0412,1.2,0.74,1.8513
2017-06-30,151184065,151184065,1,5753344000,2617199000,2244013000,1286016000,3506723000,2608000,0,1800692000,486130000,2200374000,64360000,63837000,0.41,0.41,0,4945000,-67467000,55590000,-6949000,99565000,50714000,33.57,36.48,30.66,0.0809,0.0498,23.2,1.46,23.15,0,0,0.1386,0.6095,0.0618,0.8,-0.3,2.0351
2017-03-31,148111606,148111606,1,5543053000,2474913000,2144242000,1264738000,3396343000,2468000,0,1790318000,419310000,2178170000,48440000,48267000,0.31,0.31,0,-3811000,-47264000,44311000,-5669000,106514000,42223000,36.3,38.47,34.14,0.0685,0.042,22.93,1.58,28.58,0,0,0.1235,0.6127,0.1009,0.41,-0.31,1.9569
2016-12-31,145133163,145133163,1,5354059000,2288745000,2011357000,1205228000,3339427000,3275000,0,1790192000,353562000,19400000,88358000,87583000,0.55,0.55,0,183209000,-64117000,-122527000,-5183000,112183000,63259000,32.07,36.85,27.29,0.0611,0.0374,23.01,1.42,47.87,0,0,0.1059,0.6237,2.8961,0.01,0.83,1.899
2016-09-30,144676041,144676041,1,5476468000,2405351000,2199883000,1245908000,3273936000,2649000,0,1809794000,482399000,24600000,74152000,73742000,0.48,0.48,0,-69335000,-59655000,82907000,-44978000,117366000,29025000,25.36,28.14,22.58,0.0332,0.0201,22.63,1.14,18.93,0,0,0.1473,0.5978,0.055,0.36,-0.68,1.9306
2016-06-30,144194115,144194115,1,5297101000,2244387000,2093927000,1208089000,3200323000,2851000,0,1798811000,401119000,18900000,16729000,16562000,0.11,0.11,0,66528000,-58780000,-503000,7029000,162344000,55690000,23.04,24.47,21.6,0.0786,0.0475,22.19,1.05,15.89,0,0,0.1253,0.6042,0.0647,0.72,0.08,1.8578
2016-03-31,144159840,144159840,1,5295519000,2248374000,2122290000,1235911000,3170545000,2684000,0,1806703000,404058000,5600000,20859000,20496000,0.13,0.13,0,199739000,-89572000,-84702000,26544000,155315000,42606000,19.82,22.87,16.77,0.0815,0.0517,21.99,0.98,12.62,0,0,0.1274,0.5987,0.0488,1.03,1.09,1.8192
2015-12-31,152907166,152907166,1,5213543000,2277519000,2125728000,1203744000,3085494000,2321000,0,1757732000,475364000,1873702000,-4882000,-5074000,-0.05,-0.05,0,223533000,-186508000,42519000,79577000,128771000,24645000,22.76,27.05,18.46,0.0842,0.0563,20.18,1.09,11.85,0,0,0.1541,0.5918,0.0411,1.33,1.3,1.892
2015-09-30,152882049,152882049,1,5373424000,2362664000,2169510000,1340538000,3189372000,14542000,0,1822344000,348209000,1939438000,218956000,216388000,1.15,1.15,0,110209000,910000000,-1034502000,-16233000,49194000,39499000,25.23,29.1,21.35,0.0945,0.0664,20.86,1.18,21.03,0,0,0.1092,0.5935,0.0415,1.54,0.46,1.7625
2015-06-30,196832022,196832022,1,6130510000,2315567000,1920792000,1179148000,4196244000,13474000,0,1832957000,214255000,1872340000,49565000,46109000,0.22,0.22,0,117556000,-105337000,-83160000,-70107000,65427000,54760000,29.14,30.61,27.68,0.0597,0.0449,21.32,1.39,21.59,0,0,0.0511,0.6845,0.0276,1.52,0.32,1.9638
2015-03-31,204498117,204498117,1,6140834000,2387640000,1830081000,1124310000,4297488000,13265000,0,2174540000,115002000,1886956000,58185000,53484000,0.25,0.25,0,189227000,-99892000,-142235000,-54981000,135534000,64886000,27.8,29.94,25.67,0.067,0.0512,21.01,1.26,20.59,0,0,0.0268,0.6998,0.0371,1.3,0.61,2.1236
2014-12-31,204133234,204133234,1,6312024000,2553976000,1786484000,1137325000,4514473000,11067000,0,2192078000,72489000,3525332000,70975000,66576000,0.3,0.3,0,274482000,-164221000,-59618000,46356000,190515000,69845000,30.84,36.34,25.34,0.0671,0.0519,22.12,1.47,16.95,0,0,0.0161,0.7152,0.0378,1.29,1,2.2456
2014-09-30,212463762,212463762,1,6229289000,2536467000,1740658000,1128127000,4471037000,17594000,0,2109550000,83186000,2171144000,100015000,94648000,0.43,0.43,0,64119000,-158016000,56326000,-44789000,144159000,76931000,35.17,37.49,32.86,0.0912,0.0699,21.04,1.7,19.32,0,0,0.0186,0.7177,0.0646,1.03,-0.06,2.2484
2014-06-30,212395161,212395161,1,5909059000,2242928000,1507972000,967196000,4385860000,15227000,0,2057028000,4147000,392200000,85444000,81082000,0.37,0.37,0,32756000,-75595000,-44809000,-84392000,188948000,71347000,34.96,37.42,32.5,0.0933,0.0719,20.65,1.73,19.64,0,0,0.0009,0.7422,0.0703,0.98,-0.18,2.319
2014-03-31,213460471,213460471,1,5826620000,2214457000,1509944000,982475000,4305805000,10871000,0,2051620000,4556000,1762574000,58648000,54408000,0.25,0.25,0,-60533000,-145034000,-10246000,-215437000,273340000,68925000,33.56,37.28,29.85,0.0935,0.0723,20.17,1.69,17.95,0,0,0.0011,0.739,0.0574,1.2,-0.61,2.254
2013-12-31,213353417,213353417,1,5793245000,2313318000,1551926000,1043520000,4234188000,7131000,0,1988594000,0,1817623000,171317000,166697000,0.77,0.77,0,201492000,-3570000,-8278000,179624000,488777000,66917000,29.16,31.6,26.72,0.1007,0.0779,19.85,1.54,18.69,0,0,0,0.7309,0.0616,1.21,0.63,2.2168
2013-09-30,212360276,212360276,1,5494968000,2137387000,1470714000,964787000,4015933000,8321000,0,1840761000,0,1645132000,98409000,92906000,0.43,0.43,0,83192000,-134556000,-2452000,-53960000,309153000,46566000,27.35,29.13,25.57,0.0863,0.0671,18.91,1.48,17.31,0,0,0,0.7308,0.0557,1.14,0.17,2.2154
2013-06-30,210240394,210240394,1,5187931000,2176827000,1300092000,800415000,3882518000,5321000,0,1702009000,0,1474377000,74726000,70237000,0.33,0.33,0,117776000,-116225000,-964000,-3506000,363113000,79188000,27.91,30.56,25.26,0.0892,0.0684,18.47,1.53,17.89,0,0,0,0.7484,0.0559,1.16,0.18,2.7196
2013-03-31,209441254,209441254,1,5154818000,2185665000,1323997000,829886000,3826131000,4690000,0,1714310000,0,1585710000,76857000,72081000,0.34,0.34,0,44132000,-65615000,-4957000,-28082000,366619000,56093000,28.76,29.94,27.57,0.09,0.0684,18.27,1.6,19.97,0,0,0,0.7422,0.0548,1.19,-0.06,2.6337
2012-12-31,209333557,209333557,1,5140757000,2201727000,1368841000,881179000,3766548000,5368000,0,1721481000,0,1293195000,102009000,98986000,0.46,0.46,0,139906000,257033000,-128876000,266491000,394701000,50489000,25.44,27.96,22.92,0.085,0.0644,17.99,1.53,19.88,0,0,0,0.7327,0.0518,1.18,0.43,2.4986
2012-09-30,220815152,220815152,1,5255270000,2136427000,1585026000,925352000,3662899000,7345000,0,1869901000,125000000,1685201000,100856000,96398000,0.45,0.45,0,-59770000,-70271000,79836000,-44658000,128210000,68730000,23.85,26.07,21.63,0.078,0.0595,16.59,1.41,22.08,0,0,0.0341,0.697,0.0446,1.25,-0.58,2.3088
2012-06-30,209214607,209214607,1,4897303000,1824501000,1351149000,783971000,3536534000,9620000,0,1870981000,39000000,1516696000,69797000,65538000,0.31,0.31,0,86299000,-119386000,32797000,-4499000,172868000,43719000,22.14,24.07,20.21,0.0671,0.0523,16.9,1.34,24.07,0,0,0.011,0.7221,0.0402,1.21,0.2,2.3273
2012-03-31,209123748,209123748,1,4755334000,1770113000,1284620000,762656000,3461606000,9108000,0,1855763000,0,1425177000,49994000,45707000,0.22,0.22,0,-60218000,-80955000,899000,-137982000,177367000,34145000,21.57,22.55,20.59,0.0583,0.0463,16.55,1.32,34.79,0,0,0,0.7279,0.0377,1.14,-0.45,2.321
2011-12-31,207426375,207426375,1,4699114000,1765154000,1309851000,781076000,3381952000,7311000,0,1808434000,0,1513137000,70808000,66314000,0.3,0.3,0,125275000,-64440000,-5189000,57511000,315349000,38713000,19.56,22.5,16.63,0.0398,0.0325,16.3,1.22,41.62,0,0,0,0.7197,0.0287,1.04,0.42,2.2599
2011-09-30,206224437,206224437,1,4463955000,1576877000,1160958000,651708000,3294697000,8300000,0,1785836000,0,1250819000,55600000,51994000,0.25,0.25,0,40785000,-96668000,-60481000,-122544000,257838000,38280000,18.17,20.97,15.37,0.03,0.0248,15.98,1.14,34.94,0,0,0,0.7381,0.0237,0.97,0.01,2.4196
2011-06-30,207422401,207422401,1,4292855000,1476580000,989574000,503960000,3298587000,4694000,0,1750348000,0,1010914000,34313000,31801000,0.15,0.15,0,56158000,-85814000,-95387000,-122637000,380382000,50814000,20.73,22.98,18.49,0.0334,0.0272,15.9,1.31,39.11,0,0,0,0.7684,0.0265,0.98,0.03,2.93
2011-03-31,211740677,211740677,1,4324562000,1562324000,964784000,482711000,3357125000,2653000,0,1753479000,0,848959000,-16305000,-17594000,-0.08,-0.08,0,-4188000,-34295000,2324000,-36202000,503019000,34295000,22.08,24.18,19.98,0.0341,0.0275,15.85,1.39,30.67,0,0,0,0.7763,0.0277,0.96,-0.18,3.2366
2010-12-31,211178865,211178865,1,4341212000,1596364000,974293000,500395000,3365555000,1364000,0,1755222000,0,1106426000,34434000,33666000,0.16,0.15,0,262800000,-162673000,-984000,97974000,539221000,32422000,18.76,20.5,17.01,0.0475,0.0378,15.94,1.22,24.05,0,0,0,0.7753,0.039,0.95,1.09,3.1902
2010-09-30,211170379,211170379,1,4130962000,1621262000,892887000,504397000,3235084000,2991000,0,1606104000,0,1206007000,63700000,62780000,0.3,0.3,0,-54707000,-24527000,-22000,-78571000,441247000,24527000,20.02,22.66,17.39,0.0517,0.0408,15.32,1.33,25.02,0,0,0,0.7831,0.0429,0.94,-0.38,3.2143
2010-06-30,210542636,210542636,1,3960302000,1425373000,793584000,420355000,3164647000,2071000,0,1619416000,0,870502000,33323000,32986000,0.16,0.16,0,28539000,-24186000,-143564000,-140006000,519818000,24186000,20.68,23.23,18.13,0.0537,0.0421,15.03,1.39,25.53,0,0,0,0.7991,0.0485,0.86,0.02,3.3909
2010-03-31,210490611,210490611,1,4049152000,1505484000,911118000,402457000,3136300000,1734000,0,1628652000,127745000,748283000,24100000,23744000,0.11,0.11,0,3626000,-42867000,-1135000,-39805000,659824000,42867000,19.55,22.35,16.75,0.0558,0.0432,14.9,1.32,24.14,0,0,0.0407,0.7746,0.0494,0.86,-0.19,3.7407
2009-12-31,209396059,209396059,1,4116954000,1582792000,1006393000,495688000,3109183000,1378000,0,1634380000,126608000,985423000,44581000,43945000,0.21,0.21,0,98309000,10539000,3586000,115591000,699629000,39843000,20.54,23.34,17.73,0.0571,0.044,14.85,1.52,24.75,0,0,0.0407,0.7552,0.0489,0.89,0.28,3.1931
2009-09-30,209171196,209171196,1,3634105000,1402960000,810363000,390088000,2822869000,873000,0,1506955000,125493000,780794000,63956000,63436000,0.32,0.32,0,107959000,-48085000,613000,59682000,584038000,33937000,22.37,25.4,19.34,0.0606,0.0464,13.5,1.62,27.96,0,0,0.0445,0.7768,0.0508,0.91,0.35,3.5965
2009-06-30,197664132,197664132,1,3599502000,1385892000,866024000,430722000,2733125000,353000,0,1494105000,124400000,813379000,33644000,33427000,0.17,0.17,0,59428000,-42697000,-2006000,15547000,524356000,42697000,23.13,25.8,20.46,0.0602,0.0441,13.83,1.7,27.21,0,0,0.0455,0.7593,0.0444,0.99,0.08,3.2176
2009-03-31,197630988,197630988,1,3531480000,1341386000,839478000,404802000,2691866000,136000,0,1499012000,0,738530000,21354000,21354000,0.11,0.11,0,111202000,-39439000,-712000,70908000,508809000,39439000,19.74,23.65,15.84,0.0658,0.0464,13.62,1.46,22.43,0,0,0,0.7622,0.0446,1.04,0.36,3.3137
2008-12-31,196933163,196933163,1,3554787000,1381491000,896821000,451798000,2657966000,0,0,1503817000,143750000,921534000,47113000,47113000,0.24,0.23,0,192382000,-23243000,658000,171472000,437901000,16424000,18.64,26.72,10.56,0.0703,0.0476,13.5,1.57,22.46,0,0,0.0541,0.7477,0.0441,1.08,0.89,3.0578
2008-09-30,196560225,196560225,1,3562569000,1382782000,1223097000,780350000,2339472000,0,0,1359674000,143750000,1053355000,54858000,54858000,0.32,0.29,0,16816000,-54537000,587000,-38362000,266429000,49718000,29.1,35.39,22.81,0.068,0.0443,11.9,2.23,34.24,0,0,0.0614,0.6567,0.0411,1.08,-0.17,1.772
2008-06-30,174675352,174675352,1,3490494000,1317621000,1212651000,754510000,2277843000,0,0,1380249000,143750000,960882000,40518000,40518000,0.24,0.22,0,18116000,-90359000,4655000,-67403000,304791000,53064000,28.95,34.51,23.4,0.0671,0.0436,13.04,2.25,36.19,0,0,0.0631,0.6526,0.0444,0.98,-0.2,1.7463
2008-03-31,171625773,171625773,1,3398059000,1307137000,1188080000,740250000,2209979000,0,0,1355300000,143750000,844442000,24252000,24252000,0.14,0.14,0,15186000,-51208000,2337000,-34887000,372194000,51021000,22.57,26.77,18.38,0.0703,0.0439,12.88,1.76,25.36,0,0,0.065,0.6504,0.0441,1,-0.21,1.7658
2007-12-31,170319214,170319214,1,3387832000,1304762000,1202689000,757429000,2185143000,0,0,1507793000,143750000,867691000,33586000,33586000,0.2,0.18,0,103982000,-75155000,4818000,33645000,407081000,54156000,28.5,33.42,23.58,0.0921,0.0543,12.83,2.27,63.33,0,0,0.0658,0.645,0.0512,1.06,0.29,1.7226
2007-09-30,170162956,170162956,1,3274674000,1238462000,1139963000,437841000,2134711000,0,0,1490585000,413742000,655865000,49321000,49321000,0.36,0.31,0,42780000,12110000,-90909000,-34322000,371470000,8486000,27.97,32.58,23.36,0.0647,0.0348,12.55,4.12,90.23,0,0,0.1938,0.6519,0.0302,1.15,0.2,2.8286
2007-06-30,119176424,119176424,1,1682430000,987005000,873619000,278204000,808811000,0,0,361515000,413750000,557600000,21866000,21866000,0.18,0.17,0,8429000,-15250000,6181000,-640000,405792000,13252000,28.69,32.11,25.27,0.0586,0.0272,6.79,4.39,102.46,0,0,0.5116,0.4807,0.02,1.36,-0.04,3.5478
2007-03-31,118733232,118733232,1,1662766000,970989000,887330000,296890000,775436000,0,0,358591000,413750000,574880000,31204000,31204000,0.26,0.23,0,64049000,-42275000,971000,22745000,406432000,24539000,22.35,26.04,18.66,0.0545,0.0251,6.53,3.63,186.25,0,0,0.5336,0.4664,0.0185,1.36,0.33,3.2705
2006-12-31,118319890,118319890,1,1639157000,990629000,910074000,334456000,729083000,0,0,331282000,413750000,592028000,-30458000,-30458000,-0.26,-0.26,0,41377000,275288000,-253000,316412000,383687000,9152000,18.19,20.05,16.32,0.0238,0.0109,6.16,2.82,33.69,0,0,0.5675,0.4448,0.0082,1.33,0.27,2.9619
2006-09-30,117614150,117614150,1,1626426000,916078000,867875000,298978000,758551000,0,0,388160000,413750000,528468000,22423000,22423000,0.19,0.17,0,46776000,-16918000,61000,29919000,67275000,4643000,16.21,18.02,14.4,0.0912,0.042,6.45,2.59,33.77,0,0,0.5454,0.4664,0.0322,1.3,0.36,3.064
2006-06-30,117600022,117600022,1,1580830000,862515000,845511000,248576000,735319000,0,0,388226000,447023000,514048000,17660000,17660000,0.15,0.14,0,41929000,-224350000,-4471000,-186892000,37356000,12700000,16.7,18.92,14.47,0.0802,0.0364,6.25,2.75,45.14,0,0,0.6079,0.4651,0.0276,1.32,0.25,3.4698
2006-03-31,117518062,117518062,1,1560492000,835761000,847044000,255863000,713448000,0,0,388292000,447049000,496494000,7858000,7858000,0.07,0.07,0,-9442000,-72500000,1923000,-80019000,224248000,11985000,14.16,16.09,12.24,0.0616,0.0278,6.07,2.36,54.46,0,0,0.6266,0.4572,0.0215,1.29,-0.18,3.2664
2005-12-31,117154389,117154389,1,1554785000,831010000,851047000,258071000,703738000,0,0,388357000,450091000,523494000,18462000,18462000,0.16,0.16,0,83465000,3695000,-6529000,80631000,304267000,-3695000,12.78,14.54,11.02,0.0436,0.0197,6.01,2.19,116.18,0,0,0.6396,0.4526,0.0159,1.24,0.74,3.2201
2005-09-30,116992950,116992950,1,1543972000,797980000,862283000,260699000,681689000,0,0,388423000,458975000,523340000,12880000,12880000,0.11,0.11,0,-10870000,-7749000,1518000,-17101000,223636000,7749000,10.9,12.95,8.85,0.0194,0.0087,5.83,1.92,272.5,0,0,0.6733,0.4415,0.0074,1.19,-0.16,3.0609
2005-06-30,116968661,116968661,1,1469141000,708627000,804666000,232893000,664475000,0,0,388489000,459069000,439287000,3343000,3343000,0.03,0.03,0,-129000,-14844000,1708000,-13265000,240737000,14844000,8.56,9.52,7.6,0.0064,0.0029,5.68,1.51,None,0,0,0.6909,0.4523,0.0025,1.16,-0.13,3.0427
2005-03-31,116675077,116675077,1,1444732000,686867000,784740000,223059000,659992000,0,0,388554000,453836000,372505000,-5128000,-5128000,-0.04,-0.04,0,9964000,-11658000,-9864000,-11558000,254002000,11658000,7.83,8.4,7.25,-0.004,-0.0018,5.66,1.37,None,0,None,0.6876,0.4568,None,1.13,-0.01,3.0793
2004-12-31,116086371,116086371,1,1459997000,700036000,796750000,221058000,663247000,0,0,388620000,464363000,419242000,1836000,1836000,0.01,0.01,0,58622000,-7005000,-3795000,47822000,265560000,7539000,7.02,8.29,5.75,-0.014,-0.0063,5.71,1.24,None,0,None,0.7001,0.4543,None,1.12,0.44,3.1668
2004-09-30,116176223,116176223,1,1474148000,717341000,814755000,237176000,659393000,0,0,388685000,470307000,463077000,4156000,4156000,0.04,0.04,0,45826000,-7944000,-17461000,20421000,217738000,10326000,6.38,7.45,5.3,-0.0559,-0.0252,5.68,1.14,None,0,None,0.7132,0.4473,None,1.13,0.31,3.0245
2004-06-30,116262654,116262654,1,1444674000,660176000,792570000,203947000,652104000,0,0,388751000,489149000,389194000,-3492000,-3492000,-0.03,-0.03,0,4981000,-2411000,-933000,1637000,197317000,5190000,6.04,7.24,4.83,-0.0535,-0.0247,5.61,1.07,None,0,None,0.7501,0.4514,None,1.12,-0,3.237
2004-03-31,116079878,116079878,1,1440359000,654327000,786312000,205443000,654047000,0,0,388817000,489462000,354997000,-11694000,-11694000,-0.1,-0.1,0,34651000,-7784000,-10813000,16054000,195680000,11032000,8.01,9.52,6.5,-0.0624,-0.0296,5.63,1.4,None,0,None,0.7484,0.4541,None,1.15,0.2,3.185
2003-12-31,115485267,115485267,1,1466435000,676093000,803303000,199390000,663132000,0,0,388882000,500551000,431289000,-25710000,-25710000,-0.25,-0.25,0,40434000,-11597000,72962000,101799000,179626000,10752000,8.03,9.1,6.95,-0.0485,-0.0252,5.74,1.35,None,0,None,0.7548,0.4522,None,1.18,0.26,3.3908
2003-09-30,115511093,115511093,1,1387266000,585727000,700462000,213910000,686804000,0,0,395400000,384035000,436133000,5399000,5399000,0.05,0.05,0,3587000,-11698000,-177000,-8288000,77827000,10450000,7.17,9.87,4.48,-0.6903,-0.3324,5.95,1.22,None,0,None,0.5592,0.4951,None,1.21,-0.06,2.7382
2003-06-30,115554481,115554481,1,1360674000,550530000,681854000,199957000,678820000,0,0,395465000,384447000,408302000,-9835000,-9835000,-0.08,-0.08,0,35870000,-14133000,2945000,24682000,86115000,6933000,5.94,8.7,3.18,-0.739,-0.3419,5.87,1,None,0,None,0.5663,0.4989,None,1.2,0.25,2.7532
2003-03-31,115100498,115100498,1,1344949000,520877000,660813000,186831000,684136000,0,0,395531000,385008000,367129000,-4843000,-2734000,-0.03,-0.03,0,37292000,-4640000,880000,33532000,61433000,4640000,3.45,4.1,2.8,None,-0.4604,5.94,0.64,None,0,None,0.5628,0.5087,None,1.21,0.28,2.788
2002-12-31,113922656,113922656,1,1364812000,529497000,680219000,212141000,611671000,72922000,0,395597000,385667000,432756000,-444309000,-452108000,-26.25,-26.25,0,59511000,-8145000,-38830000,12536000,27901000,7967000,2.86,3.94,1.78,-0.8337,-0.4005,5.37,0.33,None,0,None,0.6305,0.4482,None,1.13,0.45,2.496
2002-09-30,68466639,68466639,1,1397420000,549402000,810488000,215722000,586932000,0,0,395662000,518048000,436215000,-8316000,-8550000,-0.11,-0.11,0,9197000,-5154000,6745000,10788000,15365000,5286000,5.97,10.19,1.75,-0.1804,-0.0943,8.57,0.69,None,0,None,0.8826,0.42,None,1.05,0.06,2.5468
2002-06-30,68300000,68300000,1,1406629000,555667000,814524000,242865000,592105000,0,0,395725000,511193000,432522000,-177197000,-177429000,-2.26,-2.26,0,-15693000,-22895000,36856000,-1732000,4577000,15450000,14.15,18.9,9.4,-0.1217,-0.0671,8.67,0.79,16.85,0,None,0.8633,0.4209,None,0.99,-0.46,2.288
2002-03-31,68217150,68217150,1,2019330000,549098000,796799000,232488000,1222531000,0,0,1037646000,462630000,449220000,10266000,10034000,0.13,0.13,0,68507000,-33953000,-34532000,22000,6309000,16192000,14.48,17.43,11.53,0.0552,0.0326,17.92,0.82,13.28,0,0,0.3784,0.6054,0.0338,0.95,0.77,2.3618
2001-12-31,67982756,67982756,1,2042901000,577120000,836150000,241530000,1206751000,0,0,1036982000,500274000,488045000,13457000,13225000,0.18,0.16,0,123450000,-40610000,-79332000,3508000,6287000,11435000,16.3,18.69,13.9,0.0725,0.042,17.75,0.82,14.55,0,0,0.4146,0.5907,0.0421,0.99,1.65,2.3894
2001-09-30,59605129,59605129,1,2106796000,664431000,919245000,262065000,1187551000,0,0,1034564000,578948000,504472000,26323000,26089000,0.34,0.34,0,-4795000,-48971000,53773000,7000,2779000,17704000,17.61,25.27,9.95,0.0755,0.0434,19.92,0.9,13.44,0,0,0.4875,0.5637,0.0413,1.04,-0.38,2.5354
2001-06-30,58698244,58698244,1,2025582000,627560000,871038000,285891000,1154544000,0,0,1002024000,513288000,503342000,16683000,16451000,0.21,0.21,0,30757000,-30510000,-4037000,-3790000,2772000,24928000,28.81,37.5,20.13,0.0915,0.0532,19.67,1.48,18.95,0,0,0.4446,0.57,0.0486,1.08,0.1,2.1951
2001-03-31,58004594,58004594,1,1983919000,600783000,853154000,269717000,1130765000,0,0,1003548000,516807000,519018000,29303000,29071000,0.38,0.38,0,60614000,-101730000,30372000,-10744000,6562000,27518000,27.63,36.5,18.75,0.1099,0.0659,19.49,1.49,19.46,0,0,0.457,0.57,0.0579,1.13,0.57,2.2275
2000-12-31,57706042,57706042,1,1874094000,602407000,805138000,252437000,1068956000,0,0,906031000,491102000,548193000,14392000,14160000,0.26,0.19,0,3951000,-85905000,80965000,-989000,17306000,23921000,30.44,38.13,22.75,0.1087,0.0671,18.52,1.65,22.11,0,0,0.4594,0.5704,0.0584,1.14,-0.35,2.3864
2000-09-30,55345273,55345273,1,1712490000,534106000,689048000,241969000,1023442000,0,0,846230000,401132000,487845000,40692000,40458000,0.64,0.53,0,22214000,-150407000,144115000,15922000,18295000,21580000,43.44,58.5,28.38,0.1322,0.0844,18.49,2.86,36.4,0,0,0.3919,0.5976,0.0743,1.13,0.01,2.2073
2000-06-30,62413782,62413782,1,1435857000,432165000,488176000,203663000,947681000,0,0,742799000,251701000,423526000,31095000,30863000,0.52,0.42,0,18168000,-67705000,49700000,163000,2373000,21021000,48.99,62.06,35.92,0.1187,0.0785,15.18,3.33,55.67,0,0,0.2656,0.66,0.0704,1.11,-0.05,2.122
2000-03-31,55646050,55646050,1,1277268000,369419000,459860000,180617000,817408000,0,0,673802000,247382000,333737000,19544000,19312000,0.34,0.28,0,1089000,-57981000,48327000,-8565000,2210000,21416000,30.95,43.33,18.58,0.1044,0.0665,14.69,2.18,45.07,0,0,0.3026,0.64,0.0617,1.07,-0.37,2.0453
1999-12-31,35607769,53411653,1.5,1159636000,335063000,402711000,170923000,756925000,0,0,624757000,199658000,332266000,26546000,26546000,0.26,0.22,0,13526000,-60237000,44799000,-1912000,10775000,11377000,19.4,23.13,15.67,0.0986,0.0618,14.17,1.38,27.71,0,0,0.2638,0.6527,0.0582,1.06,0.04,1.9603
1999-09-30,33557271,50335906,1.5,1034181000,298747000,325437000,164395000,708744000,0,0,567277000,146460000,271788000,19163000,19138000,0.58,0.52,0,27551000,-108578000,89522000,8495000,12687000,23812000,20.8,28.17,13.42,0.0828,0.0498,14.08,2.27,37.59,0,0,0.2066,0.6853,0.0464,1.07,0.07,1.8173
1999-06-30,28476973,42715459,1.5,741600000,222201000,350044000,111234000,391556000,0,0,385879000,229445000,193821000,4807000,4807000,0.16,0.16,0,9656000,-93570000,82849000,-1065000,4192000,16109000,22.67,29.59,15.75,0.0761,0.0407,9.17,2.7,40.97,0,0,0.586,0.528,0.0367,1.11,-0.15,1.9976
1999-03-31,26182357,39273535,1.5,554204000,172359000,224434000,82150000,329770000,0,0,283083000,134784000,127779000,3423000,3423000,0.13,0.13,0,-4407000,-105877000,112295000,2011000,5257000,8293000,17.13,19.83,14.42,0.0926,None,8.4,3.88,34.72,0,0,0.4087,0.595,0.044,1.16,-0.32,2.0981
1998-12-31,25670073,38505109,1.5,334958000,104729000,164660000,48848000,170298000,0,0,150887000,109551000,120747000,5760000,5760000,0.26,0.24,0,19759000,-16184000,-3109000,466000,3246000,9005000,11.41,15.33,7.5,0.1074,None,4.42,1.99,None,0,0,0.6433,0.5084,0.0491,1.22,0.28,2.144
1998-09-30,18275337,27413005,1.5,331323000,122147000,174374000,57539000,156949000,0,0,134929000,108297000,100639000,5960000,5960000,0.3,0.3,0,-14932000,-52086000,67824000,806000,2584000,6204000,9.13,10.25,8,None,None,5.73,1.77,None,0,None,0.69,0.4737,None,None,-0.77,2.1229
1998-06-30,16594419,24891628,1.5,205826000,66803000,77070000,40079000,128756000,0,0,93765000,33112000,63679000,3041000,3041000,0.16,0.16,0,3355000,-26905000,20259000,-3291000,1778000,4189000,10,11.83,8.17,None,None,5.17,2,None,0,None,0.2572,0.6256,None,None,-0.03,1.6668
1998-03-31,14560707,21841060,1.5,141579000,47229000,32163000,21071000,109416000,0,0,64696000,6648000,24144000,414000,414000,0.04,0.04,0,134000,-13902000,18544000,4776000,5176000,1845000,9.25,11.17,7.33,None,None,5.01,18.5,None,0,None,0.0608,0.7728,None,None,-0.08,2.2414
1997-12-31,13277000,19915500,1.5,25147000,10784000,15145000,9375000,10002000,0,0,0,3213000,None,None,None,None,None,0,None,None,None,None,400000,0,None,None,None,None,None,0.5,None,None,0,None,0.3212,0.3977,None,None,None,1.1503
