"Quarter end","Shares","Shares split adjusted","Split factor","Assets","Current Assets","Liabilities","Current Liabilities","Shareholders equity","Non-controlling interest","Preferred equity","Goodwill & intangibles","Long-term debt","Revenue","Earnings","Earnings available for common stockholders","EPS basic","EPS diluted","Dividend per share","Cash from operating activities","Cash from investing activities","Cash from financing activities","Cash change during period","Cash at end of period","Capital expenditures","Price","Price high","Price low","ROE","ROA","Book value of equity per share","P/B ratio","P/E ratio","Cumulative dividends per share","Dividend payout ratio","Long-term debt to equity ratio","Equity to assets ratio","Net margin","Asset turnover","Free cash flow per share","Current ratio"
2017-06-30,426000000,426000000,1,18675000000,9091000000,6288000000,2466000000,12307000000,80000000,0,4370000000,2678000000,2404000000,-179000000,-179000000,-0.42,-0.42,0.17,-64000000,25000000,-48000000,-89000000,4133000000,71000000,57.7,62.2,53.21,-0.0912,-0.0608,28.89,1.97,None,12.54,None,0.2176,0.659,None,0.5,-0.32,3.6865
2017-03-31,425463715,425463715,1,18676000000,8964000000,6125000000,2130000000,12471000000,80000000,0,4384000000,2884000000,2262000000,-129000000,-129000000,-0.3,-0.3,0.17,-163000000,-76000000,-112000000,-350000000,4222000000,11000000,60.86,65.8,55.93,-0.1446,-0.0973,29.31,2.05,None,12.37,None,0.2313,0.6678,None,0.49,-0.41,4.2085
2016-12-31,425325600,425325600,1,19034000000,9167000000,6297000000,2304000000,12656000000,81000000,0,4402000000,2886000000,2410000000,-417000000,-417000000,-0.98,-0.98,0.17,632000000,231000000,-26000000,836000000,4572000000,106000000,58.42,66.89,49.96,-0.1991,-0.1339,29.76,1.88,None,12.2,None,0.228,0.6649,None,0.48,1.24,3.9787
2016-09-30,422794027,422794027,1,19491000000,9002000000,6254000000,2224000000,13159000000,78000000,0,4623000000,2895000000,2353000000,-429000000,-429000000,-1,-1,0.17,119000000,61000000,-354000000,-174000000,3736000000,70000000,48.12,52.7,43.54,-0.2286,-0.1544,31.12,1.48,None,12.03,None,0.22,0.6751,None,0.5,0.12,4.0477
2016-06-30,427901413,427901413,1,20319000000,9399000000,6353000000,2338000000,13883000000,83000000,0,4672000000,2887000000,2408000000,-911000000,-911000000,-2.08,-2.08,0.17,3577000000,-150000000,-1710000000,1718000000,3910000000,70000000,44.44,49.52,39.36,-0.196,-0.1329,32.44,1.27,None,11.86,None,0.208,0.6833,None,0.53,8.2,4.0201
2016-03-31,437913730,437913730,1,22936000000,8771000000,7534000000,2462000000,15319000000,83000000,0,6623000000,3885000000,2670000000,-981000000,-981000000,-2.22,-2.22,0.17,-99000000,61000000,-95000000,-132000000,2192000000,86000000,43.16,47.44,38.88,-0.1414,-0.0958,34.98,1.16,None,11.69,None,0.2536,0.6679,None,0.56,-0.42,3.5626
2015-12-31,437853899,437853899,1,24080000000,9268000000,7698000000,2775000000,16298000000,84000000,0,6653000000,3890000000,3394000000,-1031000000,-1031000000,-2.35,-2.35,0.17,531000000,-192000000,-43000000,281000000,2324000000,214000000,50.34,57.33,43.36,-0.1137,-0.0768,37.22,1.26,None,11.52,None,0.2387,0.6768,None,0.61,0.72,3.3398
2015-09-30,436086675,436086675,1,25416000000,9586000000,7911000000,2918000000,17414000000,91000000,0,6804000000,3896000000,3786000000,-159000000,-159000000,-0.36,-0.36,0.17,428000000,-300000000,-52000000,70000000,2043000000,178000000,53.45,61.13,45.76,-0.0153,-0.0102,39.93,1.32,89.08,11.35,None,0.2237,0.6852,None,0.71,0.57,3.2851
2015-06-30,435882315,435882315,1,26018000000,9938000000,8221000000,3114000000,17697000000,100000000,0,6840000000,3904000000,3968000000,-188000000,-188000000,-0.43,-0.43,0.17,581000000,-176000000,-41000000,367000000,1973000000,258000000,65.12,69.13,61.11,0.0145,0.0095,40.6,1.59,35.58,11.18,1.1318,0.2206,0.6802,0.0122,0.78,0.74,3.1914
2015-03-31,434675580,434675580,1,26926000000,10705000000,9013000000,3733000000,17812000000,101000000,0,6855000000,3906000000,4594000000,-589000000,-589000000,-1.35,-1.35,0.17,256000000,-237000000,-146000000,-134000000,1606000000,315000000,59.29,65.04,53.53,0.0442,0.0285,40.98,1.38,15.13,11.01,0.3573,0.2193,0.6615,0.0343,0.83,-0.14,2.8677
2014-12-31,434526345,434526345,1,28827000000,12045000000,10097000000,4637000000,18625000000,105000000,0,6893000000,3913000000,6635000000,663000000,663000000,1.51,1.52,0.17,1199000000,-353000000,-305000000,531000000,1740000000,503000000,57.92,65.83,50.02,0.0948,0.0605,42.86,1.39,19.57,10.84,0.1618,0.2101,0.6461,0.07,0.86,1.6,2.5976
2014-09-30,432598988,432598988,1,28642000000,11811000000,10358000000,4962000000,18083000000,201000000,0,6931000000,3894000000,6250000000,375000000,375000000,0.86,0.86,0.17,1058000000,-620000000,-389000000,46000000,1209000000,425000000,70.2,75.35,65.06,0.0728,0.0463,41.8,1.69,24.46,10.67,0.2069,0.2153,0.6313,0.0548,0.84,1.46,2.3803
2014-06-30,435042740,435042740,1,28277000000,11547000000,10026000000,4595000000,18037000000,214000000,0,6835000000,3900000000,5935000000,353000000,353000000,0.81,0.8,0.15,393000000,-322000000,-107000000,-37000000,1163000000,424000000,69,74.63,63.37,0.0712,0.0453,41.46,1.69,26.44,10.5,0.2069,0.2162,0.6379,0.0545,0.83,-0.07,2.5129
2014-03-31,435977068,435977068,1,27896000000,11266000000,9895000000,4526000000,17797000000,204000000,0,6859000000,3878000000,5731000000,328000000,328000000,0.75,0.74,0.15,303000000,-364000000,-138000000,-199000000,1200000000,439000000,58.55,65.27,51.82,0.0654,0.0416,40.82,1.44,23.7,10.35,0.2281,0.2179,0.638,0.0506,0.82,-0.31,2.4892
2013-12-31,437191478,437191478,1,27934000000,11295000000,10022000000,4578000000,17713000000,199000000,0,6849000000,3882000000,5860000000,248000000,248000000,0.56,0.56,0.15,1003000000,-359000000,-604000000,31000000,1399000000,533000000,53.65,58.66,48.64,0.0625,0.0397,40.52,1.34,22.45,10.2,0.2416,0.2192,0.6341,0.049,0.81,1.08,2.4672
2013-09-30,443225722,443225722,1,28074000000,11507000000,10081000000,4699000000,17796000000,197000000,0,6882000000,3838000000,5787000000,341000000,341000000,0.77,0.77,0.15,1080000000,-442000000,-396000000,245000000,1368000000,511000000,48.3,50.38,46.22,0.0611,0.0389,40.15,1.23,21.47,10.05,0.25,0.2157,0.6339,0.0484,0.8,1.28,2.4488
2013-06-30,443042857,443042857,1,27350000000,10930000000,9723000000,4508000000,17428000000,199000000,0,6888000000,3841000000,5487000000,240000000,240000000,0.54,0.54,0.15,692000000,-466000000,-203000000,22000000,1123000000,551000000,45.72,48.22,43.21,0.0583,0.0371,39.34,1.17,16.87,9.9,0.2649,0.2204,0.6372,0.0467,0.79,0.32,2.4246
2013-03-31,441827441,441827441,1,27154000000,10835000000,9736000000,4496000000,17224000000,194000000,0,6919000000,3844000000,5230000000,267000000,267000000,0.6,0.6,0.15,386000000,-396000000,100000000,86000000,1101000000,490000000,44.98,47.96,42.01,0.0708,0.0449,38.98,1.16,15.14,9.75,0.2205,0.2232,0.6343,0.0565,0.8,-0.24,2.4099
2012-12-31,441808100,441808100,1,26689000000,10417000000,9421000000,4124000000,17069000000,199000000,0,6951000000,3837000000,5452000000,214000000,214000000,0.49,0.48,0.15,888000000,-625000000,-256000000,8000000,1015000000,750000000,43.37,47.1,39.64,0.0786,0.0499,38.63,1.13,13.47,9.6,0.2013,0.2248,0.6396,0.0614,0.81,0.31,2.5259
2012-09-30,439646900,439646900,1,26756000000,11280000000,9685000000,4532000000,16873000000,198000000,0,6601000000,3839000000,5228000000,279000000,279000000,0.63,0.63,0.15,823000000,-657000000,47000000,215000000,1007000000,718000000,44.48,50.1,38.85,0.0863,0.0546,38.38,1.18,10.59,9.45,0.1866,0.2275,0.6306,0.0663,0.82,0.24,2.489
2012-06-30,439558000,439558000,1,26188000000,10447000000,9429000000,4237000000,16565000000,194000000,0,7033000000,3841000000,5326000000,439000000,439000000,1,1,0.15,200000000,-671000000,484000000,12000000,792000000,771000000,41.45,44.76,38.13,0.1148,0.0728,37.69,1.12,10.44,9.3,0.143,0.2319,0.6325,0.0865,0.84,-1.3,2.4657
2012-03-31,438479000,438479000,1,25558000000,10171000000,9176000000,3861000000,16187000000,195000000,0,7068000000,3843000000,5355000000,379000000,379000000,0.86,0.86,0.15,-76000000,-568000000,371000000,-270000000,780000000,671000000,46.59,52.4,40.79,0.1113,0.0707,36.92,1.29,11.71,9.15,0.151,0.2374,0.6333,0.0841,0.84,-1.7,2.6343
2011-12-31,437571000,437571000,1,24847000000,9797000000,8883000000,3502000000,15746000000,218000000,0,7099000000,3845000000,5387000000,314000000,314000000,0.71,0.73,0.15,825000000,-714000000,134000000,247000000,1050000000,810000000,52.68,60.89,44.47,0.1144,0.0723,35.99,1.48,13.07,9,0.1505,0.2442,0.6337,0.0877,0.82,0.03,2.7975
2011-09-30,436465887,436465887,1,24351000000,9341000000,8588000000,2998000000,15546000000,217000000,0,7441000000,3846000000,5178000000,706000000,706000000,1.62,1.61,0.15,285000000,-541000000,131000000,-134000000,803000000,628000000,63.05,79.94,46.15,0.119,0.0746,35.62,1.84,20.95,8.85,0.1484,0.2474,0.6384,0.0933,0.8,-0.79,3.1157
2011-06-30,436198379,436198379,1,23554000000,8812000000,8364000000,2827000000,14938000000,252000000,0,7477000000,3549000000,4741000000,338000000,338000000,0.78,0.77,0.15,321000000,-280000000,-255000000,-207000000,937000000,594000000,72.63,78,67.27,0.0913,0.0566,34.25,2.17,29.4,8.7,0.199,0.2376,0.6342,0.0737,0.77,-0.63,3.1171
2011-03-31,434634726,434634726,1,23497000000,9045000000,8674000000,3139000000,14568000000,255000000,0,7484000000,3545000000,4525000000,381000000,381000000,0.88,0.87,0.15,76000000,-356000000,-40000000,-312000000,1144000000,429000000,64.5,74.16,54.83,0.0762,0.0472,33.52,1.99,32.09,8.55,0.2441,0.2433,0.62,0.0649,0.73,-0.81,2.8815
2010-12-31,434260224,434260224,1,22986000000,8707000000,8700000000,3139000000,14100000000,186000000,0,7438000000,3554000000,4423000000,335000000,335000000,0.78,0.78,0.15,278000000,-460000000,22000000,-150000000,1456000000,486000000,50,57.17,42.82,0.0667,0.0415,32.47,1.57,33.33,8.4,0.3188,0.2521,0.6134,0.0563,0.74,-0.48,2.7738
2010-09-30,431273706,431273706,1,22462000000,8710000000,8705000000,3036000000,13757000000,0,0,7226000000,3555000000,4078000000,255000000,255000000,0.59,0.59,0.15,420000000,-632000000,871000000,687000000,1606000000,466000000,43.91,50.23,37.58,0.0536,0.0337,31.9,1.41,40.28,8.25,0.4287,0.2584,0.6125,0.0452,0.75,-0.11,2.8689
2010-06-30,431088811,431088811,1,21145000000,7597000000,7681000000,3355000000,13464000000,0,0,7215000000,2068000000,3374000000,93000000,93000000,0.23,0.23,0.15,153000000,-1139000000,299000000,-695000000,919000000,349000000,45.02,54.18,35.87,0.0409,0.0261,31.23,2.63,39.49,8.1,0.6158,0.1536,0.6367,0.0341,0.76,-0.45,2.2644
2010-03-31,429045990,429045990,1,11630000000,6521000000,4283000000,1792000000,7347000000,0,0,1604000000,1788000000,2539000000,129000000,129000000,0.41,0.41,0.15,5000000,-145000000,174000000,19000000,1614000000,190000000,46.55,51.86,41.24,0.0491,0.0313,17.12,1.99,34.23,7.95,0.5749,0.2434,0.6317,0.0372,0.84,-0.43,3.639
2009-12-31,311904517,311904517,1,11439000000,6225000000,4155000000,1613000000,7284000000,0,0,1613000000,1785000000,2428000000,84000000,84000000,0.27,0.27,0.15,352000000,-258000000,-4000000,108000000,1595000000,292000000,42.9,47.76,38.04,0.059,0.0376,23.35,1.85,17.16,7.8,0.4423,0.2451,0.6368,0.0436,0.86,0.19,3.8593
2009-09-30,309886685,309886685,1,11183000000,6092000000,3998000000,1453000000,7185000000,0,0,1609000000,1783000000,2232000000,55000000,55000000,0.18,0.18,0.15,381000000,-191000000,-75000000,125000000,1487000000,222000000,38.71,44.01,33.41,0.1096,0.0681,23.19,1.69,10.43,7.65,0.2416,0.2482,0.6425,0.0738,0.92,0.51,4.1927
2009-06-30,309876683,309876683,1,11099000000,6130000000,3986000000,1466000000,7113000000,0,0,1600000000,1777000000,2336000000,87000000,87000000,0.28,0.28,0.15,472000000,-283000000,-29000000,183000000,1362000000,291000000,35.77,42.33,29.22,0.1652,0.1016,22.95,1.59,7.68,7.5,0.1622,0.2498,0.6409,0.102,1,0.58,4.1814
2009-03-31,309701106,309701106,1,11014000000,6217000000,4048000000,1492000000,6966000000,0,0,1587000000,1776000000,2668000000,195000000,195000000,0.63,0.63,0.15,34000000,-234000000,-567000000,-776000000,1179000000,281000000,32.33,38.08,26.58,0.2119,0.1287,22.49,1.47,6.1,7.35,0.1247,0.255,0.6325,0.121,1.06,-0.8,4.1669
2008-12-31,308874934,308874934,1,11861000000,7145000000,5054000000,2511000000,6807000000,0,0,1587000000,1775000000,3186500000,431800000,431800000,1.4,1.41,0.15,648500000,-421700000,677200000,828400000,1955000000,383200000,43.28,60.54,26.02,0.2488,0.1498,22.04,1.96,8.44,7.2,0.1055,0.2608,0.5739,0.1378,1.09,0.86,2.8455
2008-09-30,307530773,307530773,1,11007600000,6298500000,4221700000,2320100000,6785900000,0,0,1577800000,1041400000,3009600000,428900000,428900000,1.4,1.39,0.15,408500000,-265200000,-73600000,55300000,1127000000,255400000,74.75,88.57,60.93,0.2488,0.154,22.07,3.53,15.07,7.05,0.1038,0.1535,0.6165,0.1405,1.1,0.5,2.7148
2008-06-30,308234395,308234395,1,10708000000,6062000000,4182700000,2284300000,6525300000,0,0,1578900000,1039800000,2997500000,379300000,379300000,1.24,1.23,0.13,321100000,-323300000,43600000,41300000,1071700000,215800000,79.03,89.56,68.5,0.2493,0.156,21.17,3.95,16.4,6.9,0.1034,0.1593,0.6094,0.1411,1.11,0.34,2.6538
2008-03-31,308020378,308020378,1,10077300000,5623300000,3913800000,2016900000,6163500000,0,0,1524400000,1039700000,2670400000,395000000,395000000,1.28,1.27,0.13,235900000,-159800000,-106200000,-24000000,1030400000,226600000,72.62,81.34,63.9,0.2513,0.1598,20.01,3.56,15.39,6.77,0.1064,0.1687,0.6116,0.1444,1.11,0.03,2.7881
2007-12-31,309397947,309397947,1,9856600000,5455600000,3551000000,1617900000,6305600000,0,0,1354200000,1069400000,2740300000,400500000,400500000,1.25,1.24,0.13,685100000,-246800000,-247600000,208600000,1054400000,315900000,88.45,98.67,78.23,0.2543,0.1624,20.38,4.62,19.7,6.64,0.1088,0.1696,0.6397,0.1452,1.12,1.19,3.372
2007-09-30,318185549,318185549,1,9463800000,5323700000,3369300000,1432900000,6094500000,0,0,1534400000,1070500000,2677600000,389100000,389100000,1.23,1.22,0.13,473300000,-94200000,-199900000,191200000,845800000,272700000,83.28,90.73,75.84,0.2531,0.1594,19.15,4.55,19.1,6.51,0.1154,0.1757,0.644,0.142,1.12,0.63,3.7153
2007-06-30,319556942,319556942,1,8999300000,4990300000,3146100000,1227700000,5853200000,0,0,1531700000,1071600000,2537500000,349600000,349600000,1.1,1.09,0.13,260600000,-223200000,-114400000,-64100000,654600000,276400000,78.05,89.36,66.73,0.258,0.159,18.32,4.5,10.53,6.38,0.1182,0.1831,0.6504,0.1442,1.1,-0.05,4.0648
2007-03-31,320333735,320333735,1,8966700000,5098900000,3405900000,1535600000,5560800000,0,0,1533500000,1072700000,2472800000,374700000,374700000,1.17,1.17,0.13,55700000,-56000000,-30100000,-31300000,718700000,262000000,67.34,71.94,62.74,0.4593,0.2775,17.36,4.11,9.31,6.25,0.0683,0.1929,0.6202,0.2601,1.07,-0.64,3.3205
2006-12-31,320240728,320240728,1,8705700000,4967800000,3462800000,1621900000,5242900000,0,0,1347000000,1073800000,2452700000,326200000,326200000,1.04,1.01,0.13,291200000,-348600000,-243900000,-299100000,750000000,320600000,72.42,78.25,66.6,0.4658,0.2809,16.37,4.47,10.39,6.12,0.0704,0.2048,0.6022,0.268,1.05,-0.09,3.063
2006-09-30,320737612,320737612,1,8778000000,5147100000,3584600000,1698200000,5193400000,0,0,1531500000,1074900000,2309400000,358600000,358600000,1.1,1.09,0.13,134300000,-25600000,-568600000,-459900000,1049100000,234400000,72.91,83.65,62.17,0.4649,0.2803,16.19,4.46,11.17,5.99,0.0737,0.207,0.5916,0.2752,1.02,-0.31,3.0309
2006-06-30,328953500,328953500,1,8935600000,5425500000,3554800000,1687500000,5380800000,0,0,1531400000,1075900000,2203300000,1395000000,1395000000,4.15,4.14,0.13,54900000,1896800000,-1011400000,950800000,1509000000,208100000,78.17,88.6,67.75,0.4525,0.2744,16.36,5.38,25.8,5.86,0.0772,0.2,0.6022,0.2759,0.99,-0.47,3.2151
2006-03-31,340762226,340762226,1,8026100000,3901200000,3072500000,1302500000,4953600000,0,0,1528400000,1077000000,2062000000,339200000,339200000,0.99,0.99,0.13,109700000,-146400000,-102500000,-138800000,558200000,159100000,70.69,77.44,63.93,0.2248,0.1362,14.54,5.15,27.51,5.73,0.1612,0.2174,0.6172,0.1366,1,-0.14,2.9952
2005-12-31,342267907,342267907,1,7807400000,3840100000,3109600000,1360700000,4697800000,0,0,1315800000,1078000000,1966100000,257900000,257900000,0.76,0.75,0.13,303500000,-246000000,-104400000,-45100000,697000000,159100000,56.98,62.76,51.2,0.1996,0.1199,13.73,4.29,24.14,5.6,0.1844,0.2295,0.6017,0.1222,0.98,0.42,2.8222
2005-09-30,341844192,341844192,1,7503100000,3653600000,2962700000,1266300000,4540400000,0,0,1470900000,1079100000,1793300000,221900000,221900000,0.65,0.65,0.115,289400000,-67100000,39300000,264800000,742100000,119800000,56.16,60.79,51.54,0.1906,0.1131,13.28,4.47,26.49,5.47,0.1932,0.2377,0.6051,0.1162,0.97,0.5,2.8853
2005-06-30,340675389,340675389,1,7135700000,3294300000,2860400000,1150200000,4275300000,0,0,1414500000,1080200000,1775500000,218800000,218800000,0.65,0.64,0.115,302200000,-87300000,-14100000,191200000,477300000,113800000,47.23,51.95,42.51,0.18,0.1056,12.55,3.92,25.81,5.35,0.2149,0.2527,0.5991,0.108,0.98,0.55,2.8641
2005-03-31,338797551,338797551,1,6848000000,2995900000,2760900000,1062700000,4087100000,0,0,1418600000,1076800000,1650600000,179800000,179800000,0.53,0.53,0.115,60300000,-65000000,-28900000,-32900000,286100000,85600000,44.45,47.7,41.2,0.1622,0.0935,12.06,3.86,28.13,5.24,0.2495,0.2635,0.5968,0.0966,0.97,-0.07,2.8191
2004-12-31,338185465,338185465,1,6821300000,2966600000,2925900000,1235500000,3895400000,0,0,1267000000,1086300000,1667800000,180000000,180000000,0.54,0.54,0.11,265600000,-82400000,44000000,212200000,319000000,106000000,42.59,44.89,40.28,0.1462,0.0821,11.52,3.9,31.78,5.12,0.2884,0.2789,0.5711,0.0866,0.95,0.47,2.4011
2004-09-30,335469673,335469673,1,6307600000,2599600000,2648000000,1054300000,3659600000,0,0,1398100000,1097300000,1538100000,137500000,137500000,0.41,0.41,0.115,251000000,-8300000,-184600000,59400000,106800000,77900000,41.19,44.57,37.8,0.1294,0.0714,10.91,3.94,64.36,5.01,0.3373,0.2998,0.5802,0.0773,0.92,0.52,2.4657
2004-06-30,333749722,333749722,1,6269800000,2541100000,2778000000,1187200000,3491800000,0,0,1398700000,1114300000,1499000000,116500000,116500000,0.35,0.35,0.115,129800000,-76800000,-160300000,-108300000,47400000,81900000,35.99,38.27,33.71,0.0629,0.0341,10.46,3.51,67.91,4.9,0.7096,0.3191,0.5569,0.038,0.9,0.14,2.1404
2004-03-31,333096440,333096440,1,6340100000,2601500000,2924300000,1314400000,3415800000,0,0,1398200000,1100200000,1398900000,94600000,94600000,0.28,0.28,0.115,137300000,-29300000,-51300000,57300000,155700000,82500000,35.21,38.42,32,0.0528,0.0283,10.25,3.5,92.66,4.78,0.8485,0.3221,0.5388,0.0328,0.86,0.16,1.9792
2003-12-31,332602611,332602611,1,6302200000,2523900000,2951800000,1301900000,3350400000,0,0,1239400000,1133000000,1386500000,101600000,101600000,0.31,0.3,0.11,368900000,-153300000,-167000000,47000000,98400000,174700000,29.83,32.56,27.1,0.038,0.0204,10.07,2.99,372.87,4.67,1.1815,0.3382,0.5316,0.0244,0.84,0.58,1.9386
2003-09-30,334846924,334846924,1,6199400000,2496600000,2857700000,865600000,3341700000,0,0,1373600000,1524200000,1338400000,-98800000,-98800000,-0.3,-0.29,0.115,171100000,-72700000,-117600000,-19600000,51400000,79500000,31.88,34.16,29.61,0.0076,0.0041,9.98,3.08,56.93,4.56,5.9213,0.4561,0.539,0.0051,0.8,0.27,2.8842
2003-06-30,334695802,334695802,1,6437400000,2536300000,2977600000,928700000,3459800000,0,0,1376800000,1571600000,1341400000,81600000,81600000,0.24,0.24,0.115,101000000,-71000000,-8400000,19300000,71000000,74800000,31.57,35.94,27.21,0.0551,0.0295,10.34,3.1,59.57,4.44,0.8075,0.4542,0.5375,0.0377,0.78,0.08,2.731
2003-03-31,336645783,336645783,1,6287300000,2449900000,2862100000,939600000,3425200000,0,0,1364000000,1423400000,1226500000,44500000,44500000,0.13,0.13,0.115,21700000,-65100000,-49500000,-92200000,51700000,76200000,30.94,33.38,28.5,0.0525,0.0278,10.17,3.07,61.88,4.33,0.8505,0.4156,0.5448,0.0361,0.77,-0.16,2.6074
2002-12-31,336896319,336896319,1,6400800000,2555500000,3003600000,1080100000,3397200000,0,0,1226600000,1424300000,1169600000,-1500000,-1500000,-0,-0,0.11,171000000,-48700000,-51600000,69000000,143900000,105900000,30.21,33.91,26.51,0.0495,0.0258,10.08,2.94,34.72,4.21,0.9074,0.4193,0.5307,0.0336,0.77,0.19,2.366
2002-09-30,335688629,335688629,1,6582800000,2650200000,3133000000,1243900000,3449800000,0,0,1362500000,1446300000,1288100000,64700000,64700000,0.19,0.19,0.115,278800000,-52800000,-172400000,46200000,81600000,74600000,27.66,32.51,22.8,0.0873,0.0447,10.28,2.71,25.38,4.1,0.517,0.4192,0.5241,0.0567,0.79,0.61,2.1306
2002-06-30,337417312,337417312,1,6621300000,2642600000,3178000000,1073500000,3443300000,0,0,1383000000,1641300000,1301800000,72400000,72400000,0.21,0.21,0.115,215000000,-63600000,-161900000,-6100000,35400000,73900000,36.16,38.84,33.48,0.1102,0.0554,10.2,3.64,30.39,3.99,0.4156,0.4767,0.52,0.0686,0.81,0.42,2.4617
2002-03-31,337335032,337335032,1,6615200000,2663000000,3261000000,1043800000,3354200000,0,0,1384100000,1758900000,1260900000,33300000,33300000,0.1,0.1,0.115,11700000,-86800000,72300000,-3900000,41500000,62300000,35.2,39.42,30.98,0.1222,0.0602,9.94,3.56,27.08,3.87,0.3825,0.5244,0.507,0.0739,0.81,-0.15,2.5513
2001-12-31,336743642,336743642,1,6676200000,2697200000,3348400000,1212400000,3327800000,0,0,1414400000,1682400000,1375700000,126000000,126000000,0.38,0.37,0.11,263900000,-92500000,-164700000,8200000,45400000,114300000,33.15,37.7,28.6,0.1366,0.0663,9.88,3.41,41.44,3.76,0.349,0.5056,0.4985,0.0814,0.81,0.44,2.2247
2001-09-30,335874634,335874634,1,6722000000,2788300000,3457000000,1192300000,3265000000,0,0,1461800000,1822100000,1436000000,137100000,137100000,0.41,0.41,0.115,211900000,-45100000,-168700000,-5000000,37200000,68400000,31.23,36.17,26.29,0.0855,0.041,9.72,3.33,52.93,3.65,0.569,0.5581,0.4857,0.0476,0.86,0.43,2.3386
2001-06-30,335760824,335760824,1,6569300000,2618000000,3419700000,1086300000,3149600000,0,0,1469200000,1949600000,1342000000,103800000,103800000,0.31,0.31,0.115,181400000,-66300000,-108000000,6700000,42200000,83600000,37.17,41.5,32.85,0.064,0.0299,9.38,4.04,80.8,3.53,0.7692,0.619,0.4794,0.0362,0.83,0.29,2.41
2001-03-31,335646991,335646991,1,6459400000,2486400000,3372000000,988600000,3087400000,0,0,1481100000,2022500000,1228500000,71100000,71100000,0.21,0.21,0.115,63600000,-37400000,-23600000,900000,35500000,52700000,40.65,44.99,36.31,0.0506,0.023,9.2,4.47,131.13,3.42,0.9783,0.6551,0.478,0.0292,0.79,0.03,2.5151
2000-12-31,334811940,334811940,1,6452700000,2486600000,3406000000,987800000,3046700000,0,0,1498100000,2049600000,1628400000,-43700000,-43700000,-0.13,-0.13,0.11,159000000,-75400000,-95600000,-17300000,34600000,149000000,37.69,42.94,32.44,0.0335,0.0148,9.1,4.07,251.27,3.3,1.4762,0.6727,0.4722,0.0195,0.76,0.03,2.5173
2000-09-30,332022934,332022934,1,7002100000,2445200000,3926100000,944400000,3076000000,0,0,1641400000,2640600000,1273600000,66700000,66700000,0.2,0.2,0.115,214600000,-79800000,-137500000,-2900000,53200000,133800000,34.84,39.31,30.38,0.0174,0.0075,9.26,3.78,None,3.19,2.8286,0.8585,0.4393,0.0113,0.67,0.24,2.5892
2000-06-30,330708012,330708012,1,7047400000,2392200000,3998800000,882700000,3048600000,0,0,1663900000,2798100000,1174500000,60900000,60900000,0.18,0.18,0.115,101200000,-24800000,-50800000,25700000,56100000,120700000,31.94,37.88,26,-0.0001,-0,9.22,3.47,1597,3.08,None,0.9178,0.4326,None,0.64,-0.06,2.7101
2000-03-31,330211170,330211170,1,7115200000,2414300000,4073700000,988200000,3041500000,0,0,1679000000,2795100000,1157300000,18400000,18400000,0.06,0.06,0.115,88700000,-133500000,60700000,13500000,30400000,195700000,25.25,30.25,20.25,0.0023,0.001,9.21,2.71,252.5,2.96,20.5747,0.919,0.4275,0.0016,0.63,-0.32,2.4431
1999-12-31,329931896,329931896,1,7039800000,2329800000,3968700000,1000200000,3071100000,0,0,1694900000,2706000000,1103900000,-92800000,-92800000,-0.29,-0.29,0.11,154200000,-74900000,-97400000,-17900000,16900000,108300000,22.5,30,15,0.0105,0.0046,9.31,2.31,44.12,2.85,4.5101,0.8811,0.4362,0.0073,0.63,0.14,2.3293
1999-09-30,330122441,330122441,1,7237200000,2372100000,4027500000,881700000,3209700000,0,0,1713800000,2776600000,1117600000,13200000,13200000,0.04,0.04,0.115,115700000,-104400000,-4000000,9800000,34800000,143400000,31.63,36.25,27,0.0632,0.0271,9.72,3.25,None,2.74,0.7419,0.8651,0.4435,0.0343,0.79,-0.08,2.6904
1999-06-30,330122441,330122441,1,7337600000,2442100000,4123900000,849300000,3213700000,0,0,1726600000,2850700000,1110800000,68500000,68500000,0.21,0.21,0.115,125300000,-89300000,-42500000,-4800000,25000000,160800000,28.5,35,22,-0.1079,-0.0454,9.73,2.98,None,2.62,None,0.887,0.438,None,0.84,-0.11,2.8754
1999-03-31,330122441,330122441,1,7474800000,2564300000,4315200000,927400000,3159600000,0,0,1733000000,2849400000,1214400000,44400000,44400000,0.14,0.14,0.115,145900000,-217600000,85300000,10300000,29800000,221300000,20.63,25.5,15.75,-0.1076,-0.0469,9.57,2.11,None,2.51,None,0.9018,0.4227,None,0.9,-0.23,2.765
1998-12-31,327735400,327735400,1,7810800000,2724500000,4611400000,1309900000,3199400000,0,0,1898400000,2726300000,2456600000,76000000,76000000,0.11,0.12,0.11,308300000,-350000000,33800000,-8000000,16600000,344500000,19.44,23.88,15,-0.1001,-0.0458,9.76,1.96,None,2.39,None,0.8521,0.4096,None,0.97,-0.11,2.0799
1998-09-30,326933600,326933600,1,7843900000,2862800000,4608700000,2080800000,3235200000,0,0,1894600000,1883400000,1584900000,-534500000,-534500000,-1.65,-1.65,0.115,362500000,-1034200000,650200000,-20500000,24600000,729700000,26.34,34.94,17.75,-0.1039,-0.0509,9.9,1.63,29.27,2.28,None,0.5822,0.4124,None,0.86,-1.12,1.3758
1998-06-30,170534900,170534900,1,5206300000,2435700000,2446000000,1011900000,2760300000,0,0,1079000000,964000000,1113000000,81800000,81800000,0.48,0.46,0.115,150600000,-124000000,-24400000,2300000,11600000,105700000,38.56,44,33.13,0.0596,0.0318,16.19,2.43,38.56,2.17,0.4851,0.3492,0.5302,0.035,0.91,0.26,2.4071
1998-03-31,169709279,169709279,1,5133600000,2453800000,2441900000,1067600000,2691700000,0,0,1069800000,961800000,1157400000,79300000,79300000,0.47,0.46,0.115,-11700000,-167600000,179000000,900000,9300000,138300000,39.51,44.13,34.88,0.0654,0.0348,15.86,2.54,42.03,2.05,0.4832,0.3573,0.5243,0.0368,0.95,-0.88,2.2984
1997-12-31,169477700,169477700,1,4905400000,2327300000,2273300000,938900000,2632100000,0,0,1052300000,909200000,1133400000,79400000,79400000,0.47,0.46,0.115,-59900000,-120800000,182000000,-200000,8400000,105200000,44.31,49.63,39,0.0626,0.0333,15.53,2.88,59.08,1.94,0.5378,0.3454,0.5366,0.0344,0.97,-0.97,2.4788
1997-09-30,169318406,169318406,1,4756300000,2220500000,2151700000,936300000,2604600000,0,0,1055400000,771800000,1146319000,-81285000,-81285000,-0.48,None,0.11,26064000,-67576000,39124000,-3906000,8600000,151070000,42.81,47.25,38.38,0.049,0.0257,15.38,3.95,26.59,1.82,0.7372,0.2963,0.5476,0.0263,0.98,-0.74,2.3716
1997-06-30,168735000,168735000,1,3540179000,1912345000,1710020000,704930000,1830159000,0,0,740744000,687832000,897271000,82023000,82023000,0.56,None,0.115,95671000,-65663000,-23894000,5286000,12520000,79386000,36.38,40.13,32.63,0.1336,0.0687,10.85,3.01,26.36,1.71,0.2945,0.3758,0.517,0.0696,0.99,0.1,2.7128
1997-03-31,145667000,145667000,1,3411701000,1836550000,1653792000,643285000,1757909000,0,0,745602000,695233000,833190000,57975000,57975000,0.4,None,0.115,79375000,-49961000,-40973000,-11524000,7234000,62952000,37.69,41.25,34.13,0.117,0.0595,12.07,3.18,29.68,1.6,0.3326,0.3955,0.5153,0.0615,0.97,0.11,2.855
1996-12-31,145428600,145428600,1,3360231000,1796395000,1636912000,601059000,1723319000,0,0,751694000,729061000,808620000,38287000,38287000,0.27,None,0.115,-1610000,-36100000,48543000,11044000,18758000,49292000,34.19,38.88,29.5,0.1103,0.0552,11.85,2.94,27.8,1.48,0.3612,0.4231,0.5129,0.058,0.95,-0.35,2.9887
1996-09-30,145149834,145149834,1,3297390000,1716393000,1608181000,635320000,1689209000,0,0,757285000,673588000,822359000,55520000,55520000,0.38,None,0.11,79527000,-5732000,-71185000,1052000,7714000,50561000,32.26,35.63,28.88,0.1101,0.054,11.64,2.87,29.33,1.37,0.3714,0.3988,0.5123,0.0582,0.93,0.2,2.7016
1996-06-30,144545600,144545600,1,3281708000,1735309000,1657666000,626088000,1624042000,0,0,758026000,738135000,765852000,46873000,46873000,0.33,None,0.115,93650000,5060000,-109541000,-9212000,6662000,45284000,31.13,34.25,28,0.1003,0.0483,11.24,2.85,36.2,1.26,0.4169,0.4545,0.4949,0.0536,0.9,0.33,2.7717
1996-03-31,143581100,143581100,1,3271581000,1690079000,1702135000,564941000,1569446000,0,0,756891000,847608000,744822000,41559000,41559000,0.29,None,0.115,71840000,-29407000,-34395000,7848000,15874000,51636000,26.25,29.75,22.75,0.0815,0.0445,10.93,2.45,35,1.14,0.5221,0.5401,0.4797,0.0441,0.89,0.14,2.9916
1995-12-31,142554000,142554000,1,3223057000,1650426000,1697997000,544120000,1525060000,0,0,764461000,877954000,694697000,32398000,32398000,0.23,None,0.115,-50340000,-10820000,62903000,1209000,8026000,34676000,21.63,24.88,18.38,0.072,0.0408,10.7,2.03,37.95,1.03,0.5835,0.5757,0.4732,0.0406,0.87,-0.6,3.0332
1995-09-30,142266924,142266924,1,3166591000,1564815000,1652985000,580131000,1513606000,0,0,772378000,798352000,709534000,35510000,35510000,0.25,None,0.11,53834000,-19667000,-42246000,-7132000,6817000,42247000,21.69,23.38,20,0.0564,0.0341,10.64,2.07,45.19,0.91,0.7329,0.5275,0.478,0.0333,0.85,0.08,2.6973
1995-06-30,141205600,141205600,1,3063140000,1463551000,1578493000,527284000,1484647000,0,4000000,777351000,824667000,668404000,32242000,14642000,0.09,None,0.115,40238000,-36053000,-119639000,-114897000,13949000,38105000,21.81,23.75,19.88,0.0481,0.0308,10.49,1.9,41.15,0.8,0.8416,0.557,0.4834,0.0297,0.84,0.02,2.7756
1995-03-31,141104000,141104000,1,3104720000,1515671000,1477587000,496563000,1627133000,0,4000000,783513000,760167000,652609000,28000000,28000000,0.18,None,0.115,43297000,-18097000,7746000,31891000,128846000,32843000,18.75,20.75,16.75,0.052,None,11.5,1.65,38.27,0.69,0.7612,0.4683,0.5228,0.0339,0.81,0.07,3.0523
1994-12-31,141031000,141031000,1,3031537000,1450254000,1421911000,487732000,1609626000,0,4000000,789046000,731314000,606917000,9633000,9633000,0.05,None,0.115,-10098000,-20273000,58631000,27776000,96955000,25681000,18.94,20.88,17,0.0494,None,11.38,1.63,86.09,0.57,0.8053,0.4555,0.5296,0.032,0.81,-0.25,2.9735
1994-09-30,141005606,141005606,1,2999682000,1399992000,1357829000,544571000,1638472000,3381000,4000000,796455000,637972000,639648000,24004000,24004000,0.16,None,0.11,115816000,179034000,-270702000,29048000,69179000,31390000,20.25,22.13,18.38,None,None,11.59,1.77,None,0.46,1.5007,0.3903,0.5449,None,None,0.6,2.5708
1994-06-30,140879800,140879800,1,3120113000,1496124000,1500514000,472647000,1619599000,0,4000000,801084000,854579000,590532000,22651000,22651000,0.14,None,0.115,77150000,-8528000,-39337000,26616000,40131000,20636000,19.63,22,17.25,None,None,11.47,1.73,None,0.35,None,0.529,0.5178,None,None,0.4,3.1654
1994-03-31,140475000,140475000,1,3085067000,1425469000,1490148000,460624000,1594919000,0,4000000,808324000,855951000,650016000,23288000,23288000,0.14,None,0.115,44992000,104783000,-157742000,-1766000,13515000,30147000,19.56,22.13,17,None,None,11.33,1.74,None,0.23,None,0.538,0.5157,None,None,0.11,3.0946
1993-12-31,140442700,140442700,1,3272586000,1560746000,1694680000,532923000,1577906000,0,4000000,811200000,994622000,624562000,-27286000,-27286000,-0.22,None,0.115,-7181000,-16875000,37962000,8289000,15281000,26466000,21.81,24.75,18.88,None,None,11.21,None,None,0.115,None,0.6319,0.4809,None,None,-0.24,2.9287
