"Quarter end","Shares","Shares split adjusted","Split factor","Assets","Current Assets","Liabilities","Current Liabilities","Shareholders equity","Non-controlling interest","Preferred equity","Goodwill & intangibles","Long-term debt","Revenue","Earnings","Earnings available for common stockholders","EPS basic","EPS diluted","Dividend per share","Cash from operating activities","Cash from investing activities","Cash from financing activities","Cash change during period","Cash at end of period","Capital expenditures","Price","Price high","Price low","ROE","ROA","Book value of equity per share","P/B ratio","P/E ratio","Cumulative dividends per share","Dividend payout ratio","Long-term debt to equity ratio","Equity to assets ratio","Net margin","Asset turnover","Free cash flow per share","Current ratio"
2019-06-30,479102549,479102549,1,110552000000,7471000000,72058000000,14412000000,38426000000,68000000,0,0,33947000000,4970000000,1234000000,1234000000,2.58,2.56,1.25,1684000000,-1946000000,625000000,362000000,1703000000,1352000000,198.1,208.91,187.29,0.0944,0.0316,80.2,2.77,32.91,49.41,0.6785,0.8834,0.3476,0.1866,0.17,0.69,0.5184
2019-03-31,478935335,478935335,1,109029000000,8222000000,71118000000,17926000000,34226000000,3685000000,0,3488000000,29883000000,4075000000,680000000,680000000,1.42,1.41,1.25,1597000000,-6945000000,1427000000,-3912000000,1341000000,1335000000,182.11,195.55,168.66,0.0852,0.0284,71.46,2.55,13.07,48.16,0.7555,0.8731,0.3139,0.1706,0.17,0.55,0.4587
2018-12-31,478167505,478167505,1,103702000000,6393000000,65821000000,17563000000,34144000000,3737000000,0,1599000000,26782000000,4377000000,408000000,408000000,0.85,0.87,1.11,1368000000,-2389000000,5559000000,4532000000,5253000000,1578000000,174.49,184.2,164.78,0.198,0.0677,71.41,2.43,9.91,46.91,0.3176,0.7844,0.3293,0.3968,0.17,-0.44,0.364
2018-09-30,477945257,477945257,1,98603000000,8349000000,61265000000,12807000000,34252000000,3086000000,0,0,27048000000,4418000000,1007000000,1007000000,2.13,2.1,1.11,2292000000,-3206000000,885000000,-15000000,721000000,1729000000,169.58,175.65,163.51,0.2616,0.0868,71.67,2.42,9.81,45.8,0.2431,0.7897,0.3474,0.5125,0.17,1.18,0.6519
2018-06-30,471604684,471604684,1,95490000000,5885000000,59318000000,10184000000,33021000000,3151000000,0,0,28356000000,4069000000,795000000,795000000,1.69,1.64,1.11,1643000000,-1688000000,-121000000,-172000000,736000000,1415000000,162.3,169.53,155.06,0.2734,0.0856,70.02,2.34,9.37,44.69,0.2396,0.8587,0.3458,0.491,0.17,0.48,0.5779
2018-03-31,471436476,471436476,1,94284000000,5612000000,58291000000,9579000000,32706000000,3287000000,0,0,28062000000,3863000000,4428000000,4428000000,9.41,9.32,1.11,1290000000,-3667000000,1311000000,-1075000000,908000000,1288000000,154.75,164.41,145.1,0.2905,0.0862,69.38,2.58,13.6,43.58,0.232,0.858,0.3469,0.4813,0.18,0,0.5859
2017-12-31,470793941,470793941,1,97827000000,7157000000,68329000000,11232000000,28208000000,1290000000,0,2051000000,31463000000,4011000000,2155000000,2155000000,4.58,4.54,0.98,1253000000,-2083000000,1169000000,339000000,1983000000,82000000,152.51,159.4,145.62,0.2029,0.0568,59.92,2.72,17.08,42.47,0.343,1.1154,0.2883,0.3128,0.18,2.49,0.6372
2017-09-30,470397581,470397581,1,96781000000,7027000000,69460000000,11604000000,26398000000,923000000,0,0,30345000000,4808000000,847000000,847000000,1.8,1.79,0.9825,1995000000,-1326000000,70000000,739000000,1381000000,1078000000,144.8,151.6,138,0.1647,0.0454,56.12,2.62,16.53,41.49,0.4256,1.1495,0.2728,0.2491,0.18,1.95,0.6056
2017-06-30,469234339,469234339,1,92890000000,5947000000,66014000000,8950000000,25926000000,950000000,0,0,30392000000,4404000000,793000000,793000000,1.69,1.68,0.9825,1801000000,-1775000000,16000000,42000000,642000000,989000000,135.98,144.87,127.09,0.165,0.0454,55.25,2.5,16.5,40.5,0.4218,1.1723,0.2791,0.2436,0.19,1.73,0.6645
2017-03-31,468162675,468162675,1,91205000000,5827000000,64736000000,9761000000,25497000000,972000000,0,0,28539000000,3972000000,1583000000,1583000000,3.39,3.37,0.9825,1364000000,-3734000000,1678000000,-692000000,600000000,1842000000,125.31,133.28,117.33,0.1593,0.0435,54.46,2.41,20.08,39.52,0.4341,1.1193,0.2796,0.2369,0.18,-1.02,0.597
2016-12-31,467581899,467581899,1,89993000000,7409000000,64662000000,10919000000,24341000000,990000000,0,2032000000,27818000000,3698000000,983000000,983000000,2.1,2.09,0.87,1042000000,-1127000000,696000000,611000000,1292000000,263000000,119.47,128.46,110.49,0.1235,0.0335,52.06,2.34,22.76,38.54,0.5552,1.1428,0.2705,0.1803,0.19,1.67,0.6785
2016-09-30,467267977,467267977,1,87864000000,6747000000,62995000000,10456000000,23907000000,962000000,0,0,28195000000,4805000000,753000000,753000000,1.63,1.62,0.87,2024000000,-1546000000,-527000000,-49000000,681000000,972000000,126.1,131.98,120.22,0.1053,0.0286,51.16,2.51,22.68,37.67,0.6423,1.1794,0.2721,0.1378,0.21,2.25,0.6453
2016-06-30,461972920,461972920,1,85420000000,6512000000,61538000000,11336000000,23174000000,708000000,0,0,27001000000,3817000000,540000000,540000000,1.17,1.16,0.87,1725000000,-1756000000,133000000,102000000,730000000,1082000000,121.44,130.43,112.44,0.1126,0.0308,50.16,2.45,20.27,36.8,0.5904,1.1651,0.2713,0.1438,0.21,1.39,0.5745
2016-03-31,461445951,461445951,1,84637000000,7096000000,61007000000,10587000000,22912000000,718000000,0,0,27791000000,3835000000,636000000,636000000,1.38,1.37,0.87,1545000000,-3681000000,2193000000,57000000,628000000,1265000000,110.78,119.37,102.2,0.1229,0.0338,49.65,2.26,18.25,35.93,0.5328,1.2129,0.2707,0.159,0.21,0.61,0.6703
2015-12-31,460599691,460599691,1,82479000000,6795000000,59367000000,10107000000,22574000000,538000000,0,1985000000,26681000000,5216000000,507000000,507000000,1.1,1.1,0.77,1603000000,-2528000000,315000000,-610000000,571000000,837000000,100.84,105.85,95.84,0.1273,0.035,49.01,2.08,14.47,35.06,0.5085,1.1819,0.2737,0.1574,0.22,1.66,0.6723
2015-09-30,460535906,460535906,1,79963000000,6657000000,57137000000,10371000000,22318000000,508000000,0,0,25604000000,4954000000,879000000,879000000,1.94,1.93,0.77,1579000000,-1723000000,774000000,630000000,1181000000,1119000000,101.86,109.98,93.74,0.1493,0.0408,48.46,2.16,15.57,34.29,0.4375,1.1472,0.2791,0.1847,0.22,1,0.6419
2015-06-30,452102026,452102026,1,77201000000,6346000000,55600000000,9421000000,21338000000,263000000,0,0,25235000000,3212000000,716000000,716000000,1.61,1.59,0.77,1753000000,-2190000000,519000000,82000000,551000000,947000000,101.93,106.63,97.23,0.1449,0.0389,47.2,2.24,16.79,33.52,0.4573,1.1826,0.2764,0.1749,0.22,1.78,0.6736
2015-03-31,444123764,444123764,1,74929000000,6297000000,54465000000,9386000000,20235000000,229000000,0,0,24264000000,4104000000,650000000,650000000,1.47,1.45,0.77,1181000000,-1564000000,275000000,-108000000,469000000,917000000,105.06,112.64,97.48,0.1388,0.0366,45.56,2.34,18.76,32.75,0.4836,1.1991,0.2701,0.1539,0.24,0.59,0.6709
2014-12-31,443453049,443453049,1,74929000000,6944000000,54761000000,9663000000,19916000000,252000000,0,652000000,24367000000,4664000000,883000000,883000000,2.03,2,0.73,1532000000,-2283000000,843000000,92000000,577000000,609000000,100.59,110.84,90.33,0.1309,0.0341,44.91,2.33,23.12,31.98,0.5163,1.2235,0.2658,0.1448,0.24,2.08,0.7186
2014-09-30,436482306,436482306,1,72193000000,5633000000,53049000000,9572000000,18810000000,334000000,0,0,24853000000,4654000000,660000000,660000000,1.52,1.5,0.725,1520000000,-973000000,-684000000,-137000000,485000000,784000000,97.13,102.46,91.79,0.104,0.027,43.09,2.3,21.63,31.25,0.6473,1.3213,0.2606,0.1195,0.23,1.69,0.5885
2014-06-30,436357087,436357087,1,71590000000,6099000000,53161000000,9690000000,18429000000,0,0,0,25049000000,4029000000,492000000,492000000,1.13,1.12,0.725,1431000000,-1263000000,-34000000,134000000,622000000,689000000,97.9,102.51,93.28,0.1082,0.028,42.23,2.35,20.35,30.52,0.6181,1.3592,0.2574,0.1239,0.23,1.7,0.6294
2014-03-31,436118602,436118602,1,70331000000,6141000000,52171000000,10292000000,18160000000,0,0,0,23824000000,3674000000,430000000,430000000,0.99,0.98,0.725,1017000000,-1842000000,875000000,50000000,488000000,1114000000,90.05,96.13,83.97,0.1177,0.0304,41.64,2.17,20.15,29.8,0.5654,1.3119,0.2582,0.133,0.23,-0.22,0.5967
2013-12-31,435382649,435382649,1,69306000000,5842000000,51266000000,9189000000,18040000000,0,0,383000000,23969000000,3630000000,328000000,328000000,0.75,0.75,0.66,1712000000,-1857000000,25000000,-120000000,438000000,648000000,84.36,89.75,78.97,0.1118,0.0287,41.43,2.09,17.8,29.07,0.5934,1.3287,0.2603,0.1261,0.23,2.44,0.6358
2013-09-30,430681556,430681556,1,67166000000,5472000000,49757000000,9213000000,17409000000,0,0,0,23862000000,4394000000,698000000,698000000,1.65,1.64,0.66,1140000000,-1481000000,488000000,147000000,558000000,771000000,83.6,88.39,78.81,0.1212,0.0308,40.42,2.14,20.49,28.41,0.5474,1.3707,0.2592,0.1349,0.23,0.86,0.5939
2013-06-30,424662329,424662329,1,65217000000,4735000000,48616000000,8867000000,16601000000,0,0,0,23514000000,3833000000,610000000,610000000,1.45,1.44,0.66,1168000000,-1207000000,235000000,196000000,411000000,749000000,78.72,82.65,74.78,0.1066,0.027,39.09,2.06,19.25,27.75,0.6196,1.4164,0.2546,0.1204,0.22,0.99,0.534
2013-03-31,424638080,424638080,1,63843000000,4045000000,47641000000,8776000000,16202000000,0,0,0,22866000000,3279000000,272000000,272000000,0.65,0.64,0.66,1082000000,-1578000000,382000000,-114000000,215000000,895000000,73.8,77.79,69.81,0.1077,0.0275,38.15,1.95,16.18,27.09,0.6052,1.4113,0.2538,0.1216,0.23,0.44,0.4609
2012-12-31,423867308,423867308,1,64439000000,5237000000,48371000000,8879000000,16068000000,0,0,390000000,23177000000,3375000000,428000000,428000000,1.02,1.02,0.6,835000000,-2427000000,1675000000,83000000,329000000,1206000000,69.13,72.21,66.05,0.1214,0.0311,37.91,1.84,13.45,26.43,0.5296,1.4424,0.2494,0.134,0.23,-0.88,0.5898
2012-09-30,423206077,423206077,1,62049000000,4437000000,46163000000,7875000000,15886000000,0,0,0,22714000000,3843000000,415000000,415000000,0.99,0.98,0.6,1229000000,-2480000000,1202000000,-49000000,246000000,1090000000,69.09,72.22,65.95,0.1391,0.036,37.54,1.85,13.47,25.83,0.4587,1.4298,0.256,0.1459,0.25,0.33,0.5634
2012-06-30,422757848,422757848,1,60390000000,4854000000,44602000000,7643000000,15788000000,0,0,0,21580000000,3667000000,607000000,607000000,1.46,1.45,0.6,1093000000,-2026000000,953000000,20000000,295000000,1300000000,65.08,68.96,61.2,0.1409,0.0367,37.35,1.78,12.86,25.23,0.4504,1.3669,0.2614,0.1402,0.26,-0.49,0.6351
2012-03-31,417075629,417075629,1,59207000000,5094000000,43984000000,8005000000,15223000000,0,0,0,20582000000,3371000000,461000000,461000000,1.12,1.11,0.6,835000000,-1995000000,1058000000,-102000000,275000000,1274000000,59.89,61.21,58.57,0.1412,0.0372,36.5,1.67,13.05,24.63,0.4461,1.352,0.2571,0.1358,0.27,-1.05,0.6364
2011-12-31,416208761,416208761,1,57188000000,4872000000,42245000000,6719000000,14943000000,0,0,405000000,20810000000,3864000000,668000000,668000000,1.61,1.6,0.55,957000000,-857000000,-363000000,-263000000,377000000,160000000,56.27,61.2,51.33,0.1296,0.0347,35.9,1.6,15.54,24.03,0.4814,1.3926,0.2613,0.1254,0.28,1.91,0.7251
2011-09-30,422536194,422536194,1,56585000000,6252000000,41698000000,7419000000,14887000000,0,0,0,20039000000,4382000000,407000000,407000000,0.98,0.97,0.55,1126000000,-2063000000,1290000000,353000000,640000000,877000000,53.63,58.25,49,0.1032,0.0279,35.23,1.52,12.22,23.48,0.5973,1.3461,0.2631,0.102,0.27,0.59,0.8427
2011-06-30,422340129,422340129,1,54557000000,4813000000,39651000000,6389000000,14906000000,0,0,0,19235000000,3961000000,580000000,580000000,1.39,1.38,0.55,1008000000,-1282000000,136000000,-138000000,287000000,975000000,56.57,58.98,54.16,0.1261,0.0343,35.29,1.63,14.07,22.93,0.4826,1.2904,0.2732,0.1205,0.28,0.08,0.7533
2011-03-31,421960217,421960217,1,53257000000,4519000000,38658000000,6739000000,14599000000,0,0,0,18288000000,3134000000,268000000,268000000,0.64,0.64,0.55,983000000,-1077000000,217000000,123000000,425000000,811000000,53.7,55.86,51.54,0.1177,0.0318,34.6,1.56,11.33,22.38,0.5151,1.2527,0.2741,0.1125,0.28,0.41,0.6706
2010-12-31,420952376,420952376,1,52994000000,5258000000,38533000000,6904000000,14461000000,0,0,394000000,18013000000,3413000000,264000000,264000000,0.64,0.63,0.5,1065000000,-1728000000,174000000,-489000000,302000000,695000000,53.13,56.26,50,0.1411,0.0377,34.35,1.57,10.71,21.83,0.4266,1.2456,0.2729,0.1278,0.29,0.88,0.7616
2010-09-30,418420348,418420348,1,52734000000,5776000000,38583000000,7187000000,14151000000,0,0,0,17680000000,4691000000,720000000,720000000,1.75,1.74,0.5,1021000000,-1273000000,214000000,-38000000,791000000,663000000,52.21,55.98,48.44,0.1512,0.0401,33.82,1.6,11.53,21.33,0.4012,1.2494,0.2683,0.1312,0.31,0.86,0.8037
2010-06-30,415841893,415841893,1,51209000000,5299000000,37680000000,7126000000,13529000000,0,0,0,17171000000,3591000000,417000000,417000000,1.02,1.01,0.5,852000000,-922000000,-316000000,-386000000,829000000,743000000,50.73,53.5,47.96,0.1411,0.0375,32.53,1.58,11.45,20.83,0.4342,1.2692,0.2642,0.1209,0.31,0.26,0.7436
2010-03-31,414672538,414672538,1,50942000000,5557000000,37606000000,7782000000,13336000000,0,0,0,16601000000,3622000000,556000000,556000000,1.36,1.36,0.5,896000000,-1361000000,1442000000,977000000,1215000000,846000000,49.52,53.75,45.29,0.141,0.0375,32.16,1.58,12.47,20.33,0.438,1.2448,0.2618,0.1161,0.32,0.12,0.7141
2009-12-31,413689884,413689884,1,48458000000,4337000000,35491000000,6449000000,12967000000,0,0,0,16300000000,3654000000,348000000,348000000,0.85,0.85,0.47,1137000000,-1917000000,854000000,74000000,238000000,782000000,52.56,56.57,48.55,0.1294,0.0345,31.34,1.71,12.73,19.83,0.4819,1.257,0.2676,0.1032,0.33,0.86,0.6725
2009-09-30,413347264,413347264,1,47155000000,4176000000,34423000000,6557000000,12732000000,0,0,0,15601000000,4473000000,533000000,533000000,1.32,1.31,0.4725,1182000000,-1597000000,303000000,-112000000,164000000,881000000,56.87,60.61,53.13,0.1376,0.0365,30.8,1.91,12,19.36,0.4587,1.2253,0.27,0.1047,0.35,0.73,0.6369
2009-06-30,411461266,411461266,1,46404000000,4869000000,34160000000,6450000000,12244000000,0,0,0,15864000000,3811000000,370000000,370000000,0.92,0.91,0.4725,1101000000,-1325000000,224000000,0,276000000,621000000,54.35,59,49.7,0.1614,0.0421,29.76,1.86,12.49,18.89,0.394,1.2957,0.2639,0.1133,0.37,1.17,0.7549
2009-03-31,410792960,410792960,1,45304000000,5154000000,33305000000,6643000000,11999000000,0,0,0,15099000000,3705000000,364000000,364000000,0.9,0.9,0.4725,1043000000,-1096000000,-206000000,-259000000,276000000,654000000,47.73,53.99,41.48,0.1531,0.0391,29.21,1.67,11.73,18.42,0.4229,1.2584,0.2649,0.1051,0.37,0.95,0.7759
2008-12-31,408946823,408946823,1,44821000000,5392000000,33140000000,7689000000,11681000000,0,0,0,13833000000,4004000000,407000000,407000000,1.03,1.01,0.45,1044000000,-1951000000,-150000000,-1057000000,535000000,660000000,42.84,51.87,33.81,0.1472,0.0374,28.56,1.52,11.87,17.95,0.445,1.1842,0.2606,0.0999,0.37,0.94,0.7013
2008-09-30,408726644,408726644,1,45478000000,6308000000,33944000000,8501000000,11534000000,0,0,0,12814000000,5387000000,774000000,774000000,1.93,1.92,0.445,291000000,-1327000000,2204000000,1168000000,1592000000,609000000,59.25,68.76,49.74,0.1336,0.0341,28.22,2.28,19.62,17.5,0.4892,1.111,0.2536,0.0905,0.38,-0.78,0.742
2008-06-30,408489991,408489991,1,43753000000,5488000000,33139000000,8347000000,10614000000,0,0,0,12057000000,3585000000,209000000,209000000,0.52,0.52,0.445,751000000,-1342000000,412000000,-179000000,424000000,603000000,65.87,68.98,62.75,0.1139,0.0295,25.98,2.51,18.77,17.05,0.5739,1.136,0.2426,0.0795,0.37,0.36,0.6575
2008-03-31,408119869,408119869,1,41330000000,4279000000,30616000000,5879000000,10714000000,0,0,0,12304000000,3434000000,249000000,249000000,0.62,0.62,0.445,1317000000,-1188000000,184000000,313000000,603000000,649000000,65.48,73.75,57.21,0.1335,0.0356,26.25,2.49,20.02,16.61,0.4836,1.1484,0.2592,0.0903,0.39,1.64,0.7278
2007-12-31,407370071,407370071,1,40123000000,3779000000,29388000000,5758000000,10735000000,0,0,0,11280000000,3684000000,224000000,224000000,0.56,0.55,0.41,847000000,-696000000,-211000000,-60000000,290000000,633000000,66.52,72.77,60.26,0.1267,0.0344,26.35,2.55,19.56,16.16,0.5087,1.0508,0.2676,0.086,0.4,0.53,0.6563
2007-09-30,407077691,407077691,1,39571000000,4384000000,28956000000,6872000000,10615000000,0,0,0,10844000000,4575000000,533000000,533000000,1.34,1.33,0.41,896000000,-2043000000,774000000,-373000000,350000000,537000000,59.41,64.2,54.61,0.1338,0.0366,26.08,2.37,17.53,15.75,0.4816,1.0216,0.2683,0.0894,0.41,0.88,0.638
2007-06-30,406831878,406831878,1,37343000000,4701000000,27142000000,6193000000,10201000000,0,0,0,10322000000,3929000000,405000000,405000000,1.02,1.01,0.41,631000000,-986000000,852000000,497000000,723000000,423000000,61.35,66.52,56.18,0.1364,0.0376,25.07,2.53,20.59,15.34,0.4736,1.0119,0.2732,0.0881,0.43,0.51,0.7591
2007-03-31,406415900,406415900,1,35535000000,3941000000,25664000000,5953000000,9871000000,0,0,0,9091000000,3075000000,150000000,150000000,0.38,0.38,0.41,1219000000,-853000000,-760000000,-394000000,226000000,574000000,58.39,63.07,53.72,0.123,0.0338,24.29,2.39,18.08,14.93,0.5276,0.921,0.2778,0.0778,0.43,1.59,0.662
2006-12-31,405590044,405590044,1,35991000000,4999000000,26061000000,6493000000,9930000000,0,0,0,9591000000,3623000000,271000000,271000000,0.68,0.68,0.38,1078000000,-901000000,284000000,461000000,620000000,594000000,50.27,55.57,44.97,0.1365,0.0373,24.48,2.12,16.32,14.52,0.4755,0.9659,0.2759,0.0815,0.46,1.19,0.7699
2006-09-30,404746671,404746671,1,34869000000,4834000000,25289000000,6163000000,9580000000,0,0,0,9631000000,4694000000,524000000,524000000,1.33,1.32,0.375,946000000,-735000000,-186000000,25000000,159000000,405000000,43.23,45.87,40.59,0.1348,0.0362,23.67,1.93,16.44,14.14,0.4879,1.0053,0.2747,0.0797,0.45,1.34,0.7844
2006-06-30,404419359,404419359,1,33764000000,4367000000,24689000000,6830000000,9075000000,0,0,0,8360000000,3809000000,238000000,238000000,0.6,0.6,0.375,591000000,-938000000,333000000,-14000000,134000000,491000000,39.89,41.97,37.81,0.1181,0.0309,22.44,1.8,15.64,13.77,0.5641,0.9212,0.2688,0.0733,0.42,0.25,0.6394
2006-03-31,404257204,404257204,1,32836000000,4022000000,23895000000,6490000000,8941000000,0,0,0,7828000000,3584000000,248000000,248000000,0.64,0.63,0.375,-117000000,-1233000000,968000000,-382000000,148000000,548000000,41.14,43.42,38.85,0.1169,0.0308,22.12,1.91,18.04,13.39,0.5721,0.8755,0.2723,0.0767,0.4,-1.64,0.6197
2005-12-31,394857526,394857526,1,33004000000,4987000000,24505000000,7267000000,8499000000,0,0,0,8039000000,3164000000,206000000,206000000,0.54,0.53,0.35,-969000000,-300000000,697000000,-572000000,530000000,501000000,44.4,48.05,40.75,0.1065,0.0281,21.52,2.09,19.52,13.02,0.6298,0.9459,0.2575,0.0747,0.38,-3.72,0.6863
2005-09-30,394855299,394855299,1,33644000000,6031000000,25247000000,7963000000,8397000000,0,0,0,7787000000,3504000000,339000000,339000000,0.88,0.87,0.355,1722000000,-541000000,-233000000,948000000,1102000000,366000000,44.2,48.11,40.3,0.1055,0.0281,21.27,2.11,19.34,12.67,0.6415,0.9274,0.2496,0.0755,0.37,3.43,0.7574
2005-06-30,394016801,394016801,1,29971000000,3390000000,21718000000,4612000000,8253000000,0,0,0,8108000000,2741000000,203000000,203000000,0.53,0.52,0.355,580000000,-604000000,-63000000,-87000000,154000000,449000000,40.94,42.72,39.16,0.1063,0.0286,20.95,1.98,16.51,12.31,0.6393,0.9824,0.2754,0.0774,0.37,0.33,0.735
2005-03-31,391956930,391956930,1,29343000000,3159000000,21253000000,3973000000,8090000000,0,0,0,8501000000,2437000000,137000000,137000000,0.37,0.36,0.355,214000000,-720000000,522000000,16000000,241000000,402000000,38.64,41.38,35.9,0.1171,0.0313,20.64,1.91,15.43,11.96,0.5721,1.0508,0.2757,0.0834,0.37,-0.48,0.7951
2004-12-31,186322751,372645502,2,28333000000,2527000000,20796000000,4248000000,7537000000,0,0,0,8027000000,2589000000,172000000,172000000,1.09,1.05,0.68,338000000,-501000000,-63000000,-226000000,225000000,470000000,35.85,38.05,33.66,0.1215,0.0319,20.23,1.79,14.63,11.6,0.5438,1.065,0.266,0.0843,0.38,-0.35,0.5949
2004-09-30,185588626,371177252,2,28518000000,3288000000,21090000000,4096000000,7428000000,0,0,0,8551000000,2983000000,320000000,320000000,1.78,1.76,0.68,581000000,-408000000,56000000,229000000,451000000,266000000,33.06,34.92,31.2,0.1202,0.0313,20.01,1.7,13.22,11.26,0.5422,1.1512,0.2605,0.0864,0.36,0.85,0.8027
2004-06-30,185258403,370516806,2,27206000000,2363000000,19989000000,3209000000,7217000000,0,0,0,8526000000,2619000000,257000000,257000000,1.43,1.43,0.62,784000000,-333000000,-461000000,-10000000,222000000,381000000,31.87,33.63,30.1,0.124,0.0328,19.48,1.68,12.98,10.92,0.5171,1.1814,0.2653,0.0876,0.37,1.09,0.7364
2004-03-31,184812342,369624684,2,27078000000,2266000000,20067000000,3245000000,7011000000,0,0,0,8667000000,2331000000,138000000,138000000,0.78,0.77,0.62,947000000,-630000000,-214000000,103000000,232000000,424000000,33.04,34.41,31.67,0.1238,0.0333,18.97,1.75,12.88,10.61,0.5226,1.2362,0.2589,0.0871,0.38,1.41,0.6983
2003-12-31,184362113,368724226,2,26935000000,2470000000,19968000000,3353000000,6967000000,0,0,0,8723000000,2024000000,145000000,145000000,0.95,0.94,0.6,645000000,-876000000,-575000000,-806000000,129000000,452000000,32.16,32.99,31.32,0.1316,0.0364,18.89,1.71,12.86,10.3,0.4957,1.252,0.2587,0.0924,0.39,0.52,0.7367
2003-09-30,183947177,367894354,2,25155000000,3258000000,18250000000,4031000000,6905000000,0,0,0,8331000000,2974000000,331000000,331000000,1.86,1.86,0.6,577000000,-658000000,735000000,654000000,935000000,348000000,31.91,33.83,30,0.1321,0.0385,18.77,1.76,15.99,10,0.4996,1.2065,0.2745,0.0923,0.42,0.62,0.8082
2003-06-30,183632677,367265354,2,23421000000,2540000000,16745000000,4175000000,6676000000,0,0,0,6765000000,2459000000,239000000,239000000,1.35,1.34,0.6,346000000,-867000000,470000000,-51000000,281000000,333000000,31.45,34.04,28.87,0.1071,0.0329,18.18,1.77,15.3,9.7,0.6236,1.0133,0.285,0.0783,0.42,0.04,0.6084
2003-03-31,183288175,366576350,2,22395000000,2261000000,15899000000,4512000000,6496000000,0,0,0,5791000000,2173000000,175000000,175000000,0.99,0.99,0.6,686000000,-688000000,68000000,66000000,332000000,300000000,29.33,31.89,26.77,0.1106,0.0356,17.72,1.68,21.03,9.4,0.6074,0.8915,0.2901,0.0815,0.44,1.05,0.5011
2002-12-31,183040592,366081184,2,19790000000,1908000000,13400000000,3911000000,6390000000,0,0,0,5790000000,1867000000,129000000,129000000,0.82,0.81,0.58,110000000,-1515000000,975000000,-430000000,266000000,474000000,27.44,30.7,24.18,0.0763,0.0255,17.46,1.58,21.44,9.1,0.8874,0.9061,0.3229,0.0569,0.45,-0.99,0.4879
2002-09-30,182512815,365025630,2,18693000000,2219000000,12363000000,3369000000,6330000000,0,0,0,5727000000,2353000000,150000000,150000000,0.85,0.85,0.58,801000000,-568000000,79000000,312000000,696000000,245000000,26.27,30.04,22.5,0.0757,0.0257,17.34,1.53,14.24,8.81,0.8919,0.9047,0.3386,0.0558,0.46,1.52,0.6587
2002-06-30,182130062,364260124,2,18152000000,1826000000,11904000000,2980000000,6248000000,0,0,0,5697000000,2248000000,250000000,250000000,1.46,1.46,0.58,737000000,-631000000,161000000,267000000,384000000,289000000,30.4,32.66,28.15,0.1074,0.0367,17.15,1.84,17.22,8.52,0.6264,0.9118,0.3442,0.0764,0.48,1.23,0.6128
2002-03-31,176007737,352015474,2,17474000000,1561000000,11661000000,3403000000,5813000000,0,0,0,5333000000,1843000000,-56000000,-56000000,-0.33,-0.33,0.58,690000000,-553000000,-102000000,35000000,117000000,269000000,27.81,30.05,25.57,0.1044,0.0357,16.51,1.63,12.33,8.23,0.6464,0.9174,0.3327,0.0734,0.49,1.2,0.4587
2001-12-31,175824977,351649954,2,17463000000,1602000000,11448000000,3639000000,6015000000,0,0,0,4858000000,1839000000,118000000,118000000,0.59,0.58,0.56,279000000,-841000000,345000000,-217000000,82000000,304000000,27.36,28.64,26.08,0.1337,0.0466,17.11,1.61,13.22,7.94,0.5044,0.8076,0.3444,0.0922,0.51,-0.07,0.4402
2001-09-30,175868896,351737792,2,17355000000,2006000000,11376000000,3537000000,5979000000,0,0,0,4872000000,2529000000,334000000,334000000,1.98,1.98,0.56,814000000,-879000000,292000000,227000000,299000000,255000000,27.93,30.25,25.61,0.1269,0.0449,17,1.71,13.96,7.66,0.5363,0.8149,0.3445,0.0857,0.52,1.59,0.5671
2001-06-30,175872617,351745234,2,16559000000,1863000000,10810000000,3311000000,5749000000,0,0,0,4474000000,2166000000,219000000,219000000,1.3,1.3,0.56,316000000,-929000000,576000000,-37000000,72000000,262000000,29.42,31.57,27.27,0.1251,0.0453,16.34,1.84,15.09,7.38,0.5472,0.7782,0.3472,0.0879,0.52,0.15,0.5627
2001-03-31,175857570,351715140,2,15663000000,1794000000,10039000000,2973000000,5624000000,0,0,0,3977000000,1941000000,110000000,110000000,0.65,0.65,0.56,533000000,-620000000,67000000,-20000000,109000000,333000000,31.61,35.81,27.41,0.1238,0.0461,15.99,1.99,15.96,7.1,0.5555,0.7071,0.3591,0.0917,0.5,0.57,0.6034
2000-12-31,175819435,351638870,2,15300000000,1781000000,9707000000,2763000000,5593000000,0,0,0,3976000000,1857000000,65000000,65000000,0.2,0.21,0.54,-79000000,-552000000,383000000,-248000000,129000000,384000000,33.09,36.5,29.69,0.1271,0.0487,15.91,2.06,15.54,6.82,0.5435,0.7109,0.3656,0.0994,0.49,-1.32,0.6446
2000-09-30,176885789,353771578,2,14937000000,1843000000,9258000000,2953000000,5679000000,0,0,0,3480000000,2087000000,314000000,314000000,1.85,1.84,0.54,307000000,-374000000,210000000,143000000,377000000,255000000,28.57,33.56,23.57,0.1384,0.0543,16.05,1.85,13.87,6.55,0.5012,0.6128,0.3802,0.1125,0.48,0.15,0.6241
2000-06-30,177752216,355504432,2,14196000000,1610000000,8697000000,2428000000,5499000000,0,0,0,3479000000,1670000000,204000000,204000000,1.2,1.2,0.54,268000000,-606000000,468000000,130000000,234000000,359000000,23.16,25.41,20.91,0.1362,0.054,15.47,1.53,13.74,6.28,0.5136,0.6327,0.3874,0.1124,0.48,-0.26,0.6631
2000-03-31,178166335,356332670,2,13361000000,1077000000,7969000000,1697000000,5392000000,0,0,0,3478000000,1468000000,121000000,121000000,0.71,0.71,0.54,480000000,-411000000,-326000000,-257000000,104000000,301000000,21.16,24.13,18.19,0.1145,0.0454,15.13,1.41,10.91,6.01,0.6162,0.645,0.4036,0.0938,0.48,0.5,0.6346
1999-12-31,178246835,356493670,2,13441000000,1373000000,8071000000,1870000000,5370000000,0,0,0,3478000000,1520000000,120000000,120000000,0.51,0.51,0.52,45000000,-277000000,223000000,-9000000,361000000,254000000,23.41,26.25,20.57,0.1322,0.053,15.06,1.57,12.52,5.74,0.5348,0.6477,0.3995,0.1083,0.49,-0.59,0.7342
1999-09-30,179141435,358282870,2,13520000000,1618000000,8162000000,2257000000,5358000000,0,0,0,3091000000,1892000000,291000000,291000000,1.7,1.7,0.52,428000000,-309000000,-344000000,-225000000,370000000,229000000,26.45,28.34,24.57,0.1285,0.0524,14.95,1.84,14.3,5.48,0.5526,0.5769,0.3963,0.1023,0.51,0.56,0.7169
1999-06-30,179241435,358482870,2,13306000000,1597000000,8151000000,2847000000,5155000000,0,0,0,2493000000,1614000000,77000000,77000000,0.45,0.45,0.52,410000000,-1242000000,879000000,47000000,595000000,198000000,28.34,30.25,26.44,0.1292,0.0528,14.38,1.96,13.27,5.22,0.5518,0.4836,0.3874,0.1,0.53,0.59,0.5609
1999-03-31,180164535,360329070,2,12296000000,1428000000,7084000000,1933000000,5212000000,0,0,0,2207000000,1412000000,209000000,209000000,1.22,1.22,0.52,680000000,-344000000,25000000,361000000,548000000,180000000,28.02,30.97,25.07,0.15,0.0612,14.46,1.97,15.23,4.96,0.477,0.4234,0.4239,0.1136,0.54,1.39,0.7387
1998-12-31,180334935,360669870,2,12029000000,1266000000,6903000000,1641000000,5126000000,0,0,0,2347000000,1632000000,93000000,93000000,0.37,0.37,0.5,211000000,-118000000,-353000000,-260000000,187000000,143000000,33.27,36.28,30.25,0.1325,0.0529,14.21,2.35,18.08,4.7,0.5451,0.4579,0.4261,0.0997,0.53,0.19,0.7715
1998-09-30,180883935,361767870,2,12844000000,1771000000,7721000000,1819000000,5123000000,0,0,0,2785000000,1999000000,287000000,287000000,1.66,1.66,0.5,535000000,-148000000,-368000000,19000000,447000000,147000000,32.42,35,29.84,0.1338,0.0523,14.16,2.38,18.32,4.45,0.543,0.5436,0.3989,0.1016,0.51,1.07,0.9736
1998-06-30,181217035,362434070,2,12844000000,1629000000,7908000000,1884000000,4936000000,0,0,0,2862000000,1692000000,176000000,176000000,1.02,1.02,0.5,543000000,-218000000,31000000,356000000,428000000,168000000,31.08,32.81,29.34,0.1307,0.0503,13.62,2.32,17.91,4.2,0.5591,0.5798,0.3843,0.1,0.5,1.03,0.8646
1998-03-31,181482385,362964770,2,12471000000,1042000000,7615000000,1444000000,4856000000,0,0,0,2950000000,1338000000,108000000,108000000,0.63,0.63,0.5,454000000,-311000000,-125000000,18000000,72000000,159000000,30.31,32.59,28.03,0.1301,0.0494,13.38,2.27,17.73,3.95,0.5644,0.6075,0.3894,0.0998,0.5,0.81,0.7216
1997-12-31,181762385,363524770,2,12449000000,1101000000,7604000000,1499000000,4845000000,0,0,0,2949000000,1477692000,90183000,90183000,0.37,None,0.48,99915000,-251695000,-254565000,-406345000,54000000,161578000,27.38,30,24.75,0.1304,0.0487,13.33,2.06,14.84,3.7,0.5656,0.6087,0.3892,0.097,0.5,-0.17,0.7345
1997-09-30,181905085,363810170,2,12880396000,1570580000,8035231000,1872851000,4845165000,0,0,0,3078934000,1858970000,262365000,262365000,1.52,None,0.48,544134000,-127386000,-294068000,122680000,460277000,129275000,24.27,25.78,22.75,0.1311,0.0485,13.32,1.89,13.45,3.46,0.5647,0.6355,0.3762,0.0969,0.5,1.14,0.8386
1997-06-30,182093385,364186770,2,12753051000,1322503000,8082540000,1696552000,4670511000,0,0,0,3227944000,1587145000,164383000,164383000,0.95,None,0.48,441883000,-326491000,-172520000,-57128000,337597000,145811000,22.7,24.07,21.32,0.1302,0.048,12.82,1.8,12.9,3.22,0.571,0.6911,0.3662,0.0963,0.5,0.81,0.7795
1997-03-31,182443635,364887270,2,12669562000,1332023000,8071431000,1578668000,4598131000,0,0,0,3266844000,1445193000,101069000,101069000,0.58,None,0.48,511068000,-91428000,-220847000,198793000,394725000,114336000,22.6,23.38,21.82,0.1288,0.0474,12.6,1.8,12.99,2.98,0.5794,0.7105,0.3629,0.0958,0.49,1.09,0.8438
1996-12-31,182443635,364887270,2,12219323000,1173531000,7627191000,1274464000,4592132000,0,0,0,3144313000,1435386000,85309000,85309000,0.64,None,0.46,277089000,-73387000,-99485000,104217000,195932000,143732000,22.82,24.07,21.57,0.1287,0.0472,12.59,1.82,13.35,2.74,0.5815,0.6847,0.3758,0.096,0.49,0.37,0.9208
1996-09-30,182998435,365996870,2,12381831000,1276344000,7784294000,1283796000,4597537000,0,0,0,3262857000,1769599000,250116000,250116000,1.44,None,0.46,491105000,-168991000,-309324000,12790000,91715000,104869000,22.32,23.32,21.32,0.1278,0.0461,12.56,1.85,13.33,2.51,0.5876,0.7097,0.3713,0.0954,0.48,1.06,0.9942
1996-06-30,183352785,366705570,2,12245095000,1042737000,7815944000,1334371000,4429151000,0,0,0,3281237000,1474086000,150313000,150313000,0.86,None,0.46,337404000,-116361000,-170409000,50634000,78925000,123485000,21.94,23.13,20.75,0.127,0.0451,12.08,1.84,13.38,2.28,0.5926,0.7408,0.3617,0.0967,0.47,0.58,0.7814
1996-03-31,183757635,367515270,2,12266426000,928460000,7879045000,1269316000,4387381000,0,0,0,3377057000,1357707000,93712000,93712000,0.54,None,0.46,486680000,-167294000,-337272000,-17886000,28291000,115508000,22.54,24,21.07,0.1256,0.0438,11.94,1.89,13.62,2.05,0.6004,0.7697,0.3577,0.0948,0.46,1.01,0.7315
1995-12-31,184512535,369025070,2,12459226000,985348000,8066717000,1504143000,4392509000,0,0,0,3376613000,1361358000,74720000,74720000,0.58,None,0.44,210924000,-226224000,-42003000,-57303000,46177000,171025000,21.69,23.25,20.13,0.1284,0.044,11.9,1.82,13.73,1.82,0.5885,0.7687,0.3526,0.0989,0.44,0.11,0.6551
1995-09-30,184878435,369756870,2,12630376000,1146357000,8227334000,1529015000,4403042000,0,0,0,3338451000,1587037000,240449000,240449000,1.37,None,0.44,422890000,-123356000,-320783000,-21249000,103480000,143498000,19.54,20.57,18.5,0.1302,0.044,11.91,1.71,12.86,1.6,0.5817,0.7582,0.3486,0.1005,0.44,0.76,0.7497
1995-06-30,185100435,370200870,2,12623805000,1047236000,8383019000,1587088000,4240786000,0,0,0,3464106000,1466724000,138302000,138302000,0.79,None,0.44,459775000,-203914000,-290678000,-34817000,124729000,223365000,18.85,19.63,18.07,0.1275,0.0422,11.46,1.67,12.78,1.38,0.5961,0.8169,0.3359,0.0985,0.43,0.64,0.6598
1995-03-31,185503935,371007870,2,12599620000,1003920000,8402951000,1439099000,4196669000,0,0,0,3579446000,1177366000,99840000,99840000,0.57,None,0.44,416555000,-148135000,-194624000,73796000,159546000,132920000,17.81,18.63,17,0.1255,None,11.31,1.58,12.24,1.16,0.6055,0.8529,0.3331,0.0967,0.42,0.76,0.6976
1994-12-31,186442735,372885470,2,12617616000,949647000,8420381000,1161648000,4197235000,0,0,0,4050112000,1287812000,76185000,76185000,0.43,None,0.42,290298000,-96934000,-318019000,-124655000,85750000,216091000,16.69,17.88,15.5,0.1249,None,11.26,1.48,None,0.94,0.6822,0.9649,0.3326,0.0957,0.42,0.2,0.8175
1994-09-30,186803199,373606398,2,12968407000,1244754000,8764907000,1426277000,4203500000,0,0,0,4114022000,1512900000,222244000,222244000,1.25,None,0.42,455102000,-160293000,-150542000,144267000,210405000,99734000,15.59,16.25,14.94,None,None,11.25,1.43,None,0.73,None,0.9787,0.3241,None,None,0.95,0.8727
1994-06-30,187957852,375915704,2,12868737000,1098141000,8767508000,1418978000,4101229000,0,0,0,4144124000,1443047000,125843000,125843000,0.7,None,0.42,295356000,-201812000,-116336000,-22792000,66138000,297608000,15.66,17.88,13.44,None,None,10.91,1.45,None,0.52,None,1.0105,0.3187,None,None,-0.01,0.7739
1994-03-31,190542739,381085478,2,12871971000,1081512000,8764025000,1458511000,4107946000,0,0,0,4118131000,1178900000,94439000,94439000,0.53,None,0.62,341197000,-114895000,-289386000,-63084000,88930000,145257000,17.88,19.57,16.19,None,None,10.78,1.66,None,0.31,None,1.0025,0.3191,None,None,0.51,0.7415
1993-12-31,190065570,380131140,2,13078012000,1251357000,8977405000,1838617000,4100607000,0,0,0,4020481000,None,None,None,None,None,0,None,None,None,None,152014000,0,18.97,20.19,17.75,None,None,10.79,None,None,0,None,0.9805,0.3135,None,None,None,0.6806
