"Quarter end","Shares","Shares split adjusted","Split factor","Assets","Current Assets","Liabilities","Current Liabilities","Shareholders equity","Non-controlling interest","Preferred equity","Goodwill & intangibles","Long-term debt","Revenue","Earnings","Earnings available for common stockholders","EPS basic","EPS diluted","Dividend per share","Cash from operating activities","Cash from investing activities","Cash from financing activities","Cash change during period","Cash at end of period","Capital expenditures","Price","Price high","Price low","ROE","ROA","Book value of equity per share","P/B ratio","P/E ratio","Cumulative dividends per share","Dividend payout ratio","Long-term debt to equity ratio","Equity to assets ratio","Net margin","Asset turnover","Free cash flow per share","Current ratio"
2017-06-30,1426125631,1426125631,1,50463000000,3636000000,28577000000,5542000000,21886000000,0,0,45424000000,11390000000,3318000000,919000000,919000000,0.64,0.64,0.51,-584000000,-33000000,-794000000,-1396000000,1758000000,33000000,65.31,67.81,62.8,0.1571,0.0665,15.35,4.29,28.27,13.76,0.8111,0.5204,0.4337,0.2695,0.25,-0.43,0.6561
2017-03-31,1426711959,1426711959,1,51959000000,5103000000,30253000000,5891000000,21706000000,0,0,45430000000,12651000000,2949000000,780000000,780000000,0.55,0.55,0.51,1861000000,-32000000,-729000000,1103000000,3154000000,33000000,58.87,63.18,54.56,0.1523,0.0637,15.21,3.87,13.85,13.25,0.8026,0.5828,0.4178,0.2623,0.24,1.28,0.8662
2016-12-31,1425934305,1425934305,1,51095000000,4238000000,29384000000,4985000000,21711000000,0,0,45436000000,12664000000,3186000000,851000000,851000000,0.6,0.6,0.46,823000000,6000000,-659000000,153000000,2051000000,69000000,50.02,56.65,43.38,0.2831,0.1162,15.23,3.31,12.99,12.74,0.4134,0.5833,0.4249,0.4857,0.24,0.53,0.8502
2016-09-30,1425788368,1425788368,1,51792000000,4962000000,30248000000,5069000000,21544000000,0,0,45442000000,12677000000,3205000000,861000000,861000000,0.6,0.6,0.46,1182000000,-31000000,-1173000000,-20000000,1898000000,43000000,50.58,54.48,46.69,0.2672,0.1042,15.11,3.37,13.63,12.28,0.4306,0.5884,0.416,0.4447,0.23,0.8,0.9789
2016-06-30,1427341241,1427341241,1,51772000000,4905000000,30372000000,4778000000,21400000000,0,0,45448000000,13192000000,3195000000,796000000,796000000,0.56,0.56,0.42,-1858000000,-28000000,-632000000,-2523000000,1918000000,51000000,50.42,53.99,46.85,0.2672,0.0994,14.99,3.4,10.42,11.82,0.4205,0.6164,0.4134,0.4297,0.23,-1.34,1.0266
2016-03-31,1427341241,1427341241,1,54408000000,7529000000,33245000000,7604000000,21163000000,0,0,45454000000,13213000000,2917000000,3565000000,3565000000,2.5,2.49,0.42,1133000000,5131000000,-4402000000,1874000000,4441000000,43000000,48.56,52.54,44.58,0.3374,0.1191,14.83,3.8,17.89,11.4,0.3277,0.6243,0.389,0.5573,0.21,0.76,0.9901
2015-12-31,1427341341,1427341341,1,53224000000,6187000000,34972000000,5291000000,18252000000,0,0,45460000000,16941000000,3054000000,279000000,279000000,0.19,0.2,0.36,665000000,38000000,-1050000000,-353000000,2567000000,76000000,46.29,49.56,43.02,0.2184,0.0733,12.79,3.58,17.44,10.98,0.5729,0.9282,0.3429,0.3047,0.24,0.41,1.1693
2015-09-30,1429101406,1429101406,1,53774000000,6423000000,35297000000,5678000000,18477000000,0,0,45696000000,16972000000,3161000000,657000000,657000000,0.46,0.46,0.36,-917000000,183000000,-359000000,-1093000000,2920000000,34000000,40.07,44.44,35.7,0.2724,0.0896,12.93,3.13,15.21,10.62,0.5463,0.9185,0.3436,0.32,0.28,-0.67,1.1312
2015-06-30,714550703,1429101406,2,54558000000,7451000000,36232000000,6442000000,18326000000,0,0,45320000000,17550000000,2403000000,1928000000,1928000000,3.39,3.38,0.67,-632000000,-10201000000,13221000000,2398000000,4013000000,38000000,36.66,38.98,34.33,0.3624,0.1162,12.82,8.63,26.09,10.26,0.5277,0.9577,0.3359,0.3319,0.35,-0.47,1.1566
2015-03-31,532013134,1064026268,2,15850000000,3989000000,11331000000,4225000000,4519000000,0,0,10433000000,4629000000,2057000000,389000000,389000000,0.73,0.73,0.67,1080000000,-25000000,-374000000,649000000,1615000000,26000000,34.73,38.12,31.35,0.3161,0.097,4.25,8.15,25.26,9.92,0.9521,1.0243,0.2851,0.1741,0.56,0.99,0.9441
2014-12-31,531283513,1062567026,2,15196000000,3323000000,10674000000,3544000000,4522000000,0,0,10437000000,4633000000,2134000000,148000000,148000000,0.28,0.28,0.67,499000000,-30000000,-783000000,-323000000,966000000,31000000,30.97,33.8,28.14,0.3027,0.0954,4.26,6.59,20.58,9.59,0.9708,1.0245,0.2976,0.1735,0.55,0.44,0.9376
2014-09-30,531283513,1062567026,2,15332000000,3456000000,10339000000,3286000000,4993000000,0,0,10441000000,5087000000,2240000000,467000000,467000000,0.88,0.88,0.67,869000000,-63000000,-806000000,-24000000,1289000000,50000000,29.66,31.7,27.61,0.3217,0.1044,4.7,6.43,19.97,9.25,0.8732,1.0188,0.3257,0.1927,0.54,0.77,1.0517
2014-06-30,531283513,1062567026,2,15301000000,3458000000,10406000000,3323000000,4895000000,0,0,10430000000,5091000000,2162000000,492000000,492000000,0.92,0.92,0.67,-657000000,-27000000,173000000,-513000000,1313000000,68000000,28.93,31.32,26.53,0.3183,0.1017,4.61,6.18,20.02,8.92,0.869,1.04,0.3199,0.1939,0.52,-0.68,1.0406
2014-03-31,536027071,1072054142,2,15799000000,4005000000,10786000000,3680000000,5013000000,0,0,10433000000,5095000000,1935000000,363000000,363000000,0.68,0.67,0.67,912000000,-85000000,-502000000,326000000,1826000000,55000000,25.83,28.39,23.27,0.3091,0.0994,4.68,5.37,16.45,8.58,0.8777,1.0164,0.3173,0.1898,0.52,0.8,1.0883
2013-12-31,536947152,1073894304,2,15402000000,3655000000,10235000000,3076000000,5167000000,0,0,10428000000,5099000000,2039000000,292000000,292000000,0.55,0.54,0.63,638000000,-59000000,-1777000000,-1194000000,1500000000,61000000,25.14,26.29,24,0.3359,0.1069,4.81,5.35,17.64,8.25,0.7825,0.9868,0.3355,0.2086,0.51,0.54,1.1882
2013-09-30,540453835,1080907670,2,16592000000,4839000000,11512000000,4010000000,5080000000,0,0,10462000000,5103000000,2135000000,457000000,457000000,0.84,0.84,0.63,874000000,-40000000,187000000,1030000000,2694000000,42000000,24.94,26.46,23.41,0.3046,0.0956,4.7,5.33,18.14,7.93,0.8513,1.0045,0.3062,0.1891,0.51,0.77,1.2067
2013-06-30,544040031,1088080062,2,15532000000,3824000000,10436000000,2953000000,5096000000,0,0,10462000000,5022000000,2179000000,461000000,461000000,0.84,0.84,0.63,-1149000000,6000000,26000000,-1114000000,1664000000,27000000,23.54,25.07,22,0.2883,0.0951,4.68,5.03,17.5,7.62,0.8649,0.9855,0.3281,0.1851,0.51,-1.08,1.295
2013-03-31,547102116,1094204232,2,16778000000,5029000000,11660000000,4145000000,5118000000,0,0,10465000000,5028000000,1883000000,508000000,508000000,0.92,0.92,0.59,945000000,-20000000,-643000000,276000000,2778000000,23000000,21.67,22.59,20.75,0.2746,0.0944,4.68,4.56,19.35,7.3,0.8692,0.9824,0.305,0.1829,0.52,0.84,1.2133
2012-12-31,552948192,1105896384,2,16557000000,4812000000,11300000000,3769000000,5257000000,0,0,10466000000,5035000000,2078000000,139000000,139000000,0.25,0.25,0.59,655000000,-28000000,627000000,1259000000,2502000000,27000000,21.05,22.25,19.85,0.2221,0.0797,4.75,4.1,15.95,7.01,1.0296,0.9578,0.3175,0.1532,0.52,0.57,1.2767
2012-09-30,558948471,1117896942,2,15394000000,3519000000,9663000000,4753000000,5731000000,0,0,10599000000,2502000000,2117000000,420000000,420000000,0.75,0.74,0.59,977000000,-9000000,-733000000,238000000,1243000000,11000000,22.51,23.46,21.55,0.2535,0.0954,5.13,4.32,17.79,6.71,0.8621,0.4366,0.3723,0.1823,0.52,0.86,0.7404
2012-06-30,565449042,1130898084,2,15234000000,3347000000,9343000000,4311000000,5891000000,0,0,10601000000,2569000000,2176000000,443000000,443000000,0.78,0.78,0.59,-1117000000,9000000,-272000000,-1391000000,1005000000,23000000,21.09,22.45,19.73,0.235,0.0906,5.21,4,18.58,6.42,0.8791,0.4361,0.3867,0.1742,0.52,-1.01,0.7764
2012-03-31,571515102,1143030204,2,16672000000,4734000000,10644000000,4900000000,6028000000,0,0,10608000000,3200000000,1933000000,270000000,270000000,0.47,0.47,0.56,1053000000,-26000000,-593000000,440000000,2396000000,27000000,20.45,21.41,19.48,0.2064,0.081,5.27,3.77,17.04,6.12,0.9528,0.5309,0.3616,0.156,0.52,0.9,0.9661
2011-12-31,576142238,1152284476,2,16254000000,4307000000,10003000000,4276000000,6251000000,0,0,10612000000,3206000000,2083000000,382000000,382000000,0.65,0.65,0.56,579000000,-45000000,-585000000,-54000000,1956000000,48000000,19.71,21.09,18.34,0.2146,0.0847,5.42,3.42,17.29,5.84,0.8887,0.5129,0.3846,0.1646,0.51,0.46,1.0072
2011-09-30,582911836,1165823672,2,16403000000,4405000000,9689000000,4046000000,6714000000,0,0,10666000000,3212000000,2200000000,367000000,367000000,0.63,0.63,0.53,857000000,-42000000,-129000000,672000000,2010000000,50000000,17.62,19.32,15.91,0.2015,0.0793,5.76,3.09,15.32,5.56,1.207,0.4784,0.4093,0.1561,0.51,0.69,1.0887
2011-06-30,582911836,1165823672,2,16005000000,3794000000,9354000000,3620000000,6651000000,0,0,10677000000,3218000000,2267000000,304000000,304000000,0.52,0.52,0.53,-944000000,-12000000,-709000000,-1661000000,1338000000,48000000,18.86,19.93,17.79,0.2042,0.0792,5.7,3.34,15.95,5.3,1.0625,0.4838,0.4156,0.157,0.5,-0.85,1.0481
2011-03-31,582887836,1165775672,2,17728000000,5442000000,11137000000,4954000000,6591000000,0,0,10683000000,3691000000,1991000000,353000000,353000000,0.61,0.6,0.53,928000000,159000000,-291000000,804000000,2999000000,44000000,16.91,18.05,15.77,0.2115,0.0806,5.65,3.03,17.75,5.03,0.9057,0.56,0.3718,0.1618,0.5,0.76,1.0985
2010-12-31,583050526,1166101052,2,17078000000,4802000000,10568000000,4372000000,6510000000,0,0,10685000000,3701000000,2081000000,309000000,309000000,0.53,0.53,1.17,247000000,-56000000,-262000000,-57000000,2195000000,57000000,15.61,16.7,14.53,0.1716,0.0642,5.58,2.75,17.89,4.77,0.9665,0.5685,0.3812,0.1302,0.49,0.16,1.0984
2010-09-30,291526107,1166104428,4,17202000000,4699000000,10574000000,4034000000,6628000000,0,0,10886000000,3710000000,2239000000,381000000,381000000,1.31,1.3,0.45,1193000000,-36000000,-563000000,631000000,2252000000,38000000,13.99,15.11,12.87,0.1572,0.058,5.68,2.53,16.31,4.18,0.6436,0.5597,0.3853,0.119,0.49,0.99,1.1648
2010-06-30,291526311,1166105244,4,16636000000,4221000000,10187000000,3777000000,6449000000,0,0,10886000000,3780000000,2245000000,341000000,341000000,1.17,1.17,0.45,None,None,None,-1651000000,1621000000,45000000,11.57,14.06,9.09,0.1559,0.0566,5.53,2.12,13.04,4.07,0.7723,0.5861,0.3877,0.1179,0.48,None,1.1176
2010-03-31,291452114,1165808456,4,18402000000,5901000000,12041000000,5241000000,6361000000,0,0,10896000000,4127000000,1986000000,82000000,82000000,0.28,0.28,0.45,840000000,-19000000,-265000000,549000000,3272000000,32000000,13.24,13.79,12.69,0.1631,0.0581,5.46,2.38,16.05,3.96,0.8579,0.6488,0.3457,0.1221,0.48,0.69,1.1259
2009-12-31,291441336,1165765344,4,18009000000,5495000000,11511000000,4340000000,6498000000,0,0,10903000000,4136000000,2096000000,215000000,215000000,0.74,0.74,0.9,565000000,-106000000,-246000000,210000000,2723000000,55000000,12.26,13.56,10.96,0.1536,0.0541,5.57,2.25,14.21,3.84,1.045,0.6365,0.3608,0.1143,0.47,0.44,1.2661
2009-09-30,291376154,1165504616,4,17638000000,5076000000,11282000000,3921000000,6356000000,0,0,10969000000,4144000000,2152000000,362000000,362000000,1.24,1.24,0.85,598000000,-24000000,-248000000,333000000,2513000000,27000000,10.61,11.74,9.48,0.1621,0.0564,5.45,1.99,14.48,3.62,0.9858,0.652,0.3604,0.1182,0.48,0.49,1.2946
2009-06-30,291358325,1165433300,4,17257000000,4710000000,11059000000,3363000000,6198000000,0,0,10976000000,4452000000,2250000000,377000000,377000000,1.29,1.29,0.85,-572000000,19000000,-446000000,-989000000,2180000000,21000000,9.75,10.52,8.99,0.1313,0.0474,5.32,1.89,13.54,3.41,1.1601,0.7183,0.3592,0.0991,0.48,-0.51,1.4005
2009-03-31,291327583,1165310332,4,18289000000,5660000000,12287000000,4495000000,6002000000,0,0,10983000000,4460000000,1921000000,8000000,8000000,0.03,0.03,0.85,863000000,-12000000,-252000000,591000000,3169000000,27000000,9.09,10.29,7.89,0.122,0.0462,5.15,1.7,7.97,3.19,1.1798,0.7431,0.3282,0.0966,0.48,0.72,1.2592
2008-12-31,291458868,1165835472,4,18154000000,5019000000,11917000000,3923000000,6237000000,0,0,11444000000,4486000000,2177000000,258000000,258000000,0.9,0.89,0.85,487000000,14000000,-251000000,249000000,2578000000,10000000,10.9,12.5,9.3,0.1826,0.0723,5.35,1.67,9.32,2.98,0.7441,0.7193,0.3436,0.1513,0.48,0.41,1.2794
2008-09-30,291452662,1165810648,4,18418000000,4690000000,10830000000,3701000000,7588000000,0,0,11594000000,4304000000,2272000000,211000000,211000000,0.72,0.72,0.85,1129000000,-75000000,-338000000,716000000,2329000000,25000000,12.91,14.43,11.4,0.1804,0.0739,6.51,1.96,9.99,2.77,0.7252,0.5672,0.412,0.1548,0.48,0.95,1.2672
2008-06-30,293093775,1172375100,4,17888000000,3951000000,10146000000,2985000000,7742000000,0,0,11772000000,4297000000,2339000000,364000000,364000000,1.24,1.24,0.85,-1179000000,375000000,-366000000,-1170000000,1636000000,31000000,13.4,15.2,11.6,0.2013,0.0815,6.6,2.05,10.66,2.56,0.6573,0.555,0.4328,0.1708,0.48,-1.03,1.3236
2008-03-31,295317770,1181271080,4,19610000000,5667000000,11870000000,4427000000,7740000000,0,0,11778000000,4571000000,2057000000,505000000,505000000,1.71,1.71,0.85,878000000,-36000000,-251000000,591000000,2806000000,39000000,16.36,18,14.71,0.1996,0.0797,6.55,2.58,14.77,2.34,0.6557,0.5906,0.3947,0.1663,0.48,0.71,1.2801
2007-12-31,295005762,1180023048,4,18629000000,4992000000,11163000000,3903000000,7466000000,0,0,11783000000,4515000000,2230000000,297000000,297000000,1.01,1.01,0.85,43000000,362000000,-249000000,156000000,2215000000,44000000,16.55,17.93,15.17,0.1797,0.0721,6.33,2.67,16.47,2.13,0.7217,0.6047,0.4008,0.145,0.5,-0,1.279
2007-09-30,294999152,1179996608,4,18639000000,5096000000,11306000000,4110000000,7333000000,0,0,11854000000,4452000000,2297000000,358000000,358000000,1.22,1.21,0.85,1144000000,3000000,-251000000,896000000,2059000000,35000000,15.92,16.75,15.09,0.166,0.066,6.21,2.6,16.5,1.92,0.7682,0.6071,0.3934,0.1424,0.46,0.94,1.2399
2007-06-30,294998893,1179995572,4,17630000000,4174000000,10413000000,3352000000,7217000000,0,0,11857000000,4399000000,2348000000,325000000,325000000,1.1,1.1,0.75,684000000,-62000000,-527000000,95000000,1163000000,32000000,15.97,16.9,15.04,0.1611,0.0642,6.12,2.65,15.83,1.71,0.7758,0.6095,0.4094,0.1383,0.46,0.55,1.2452
2007-03-31,294997018,1179988072,4,17715000000,4268000000,10612000000,3590000000,7103000000,0,0,11863000000,4388000000,2148000000,328000000,328000000,1.11,1.11,0.75,-540000000,460000000,-285000000,-365000000,1068000000,28000000,15.6,16.55,14.64,0.1701,0.0677,6.02,2.62,15.24,1.52,0.712,0.6178,0.401,0.1455,0.47,-0.48,1.1889
2006-12-31,295626506,1182506024,4,18178000000,4935000000,11135000000,4092000000,7043000000,0,0,11869000000,4389000000,1569000000,180000000,180000000,0.6,0.6,0.75,429000000,101000000,-225000000,305000000,1433000000,7000000,16,16.77,15.22,0.1749,0.0726,5.96,2.7,14.21,1.33,0.6718,0.6232,0.3874,0.1511,0.48,0.36,1.206
2006-09-30,295600388,1182401552,4,17664000000,4805000000,10665000000,4281000000,6999000000,0,0,11470000000,4394000000,2190000000,309000000,309000000,1.05,1.05,0.75,925000000,-711000000,-191000000,23000000,1128000000,32000000,15.38,16.57,14.2,0.1953,0.0842,5.92,2.63,14.74,1.14,0.5844,0.6278,0.3962,0.1581,0.53,0.76,1.1224
2006-06-30,147772798,1182182384,8,16934000000,4083000000,10022000000,3549000000,6912000000,0,0,11463000000,4413000000,2291000000,376000000,376000000,2.55,2.55,1.25,413000000,-3783000000,2770000000,-600000000,1105000000,32000000,13.74,14.52,12.96,0.1863,0.0822,5.85,2.42,14.66,0.96,0.5756,0.6385,0.4082,0.1496,0.55,0.32,1.1505
2006-03-31,147765978,1182127824,8,13927000000,4519000000,7209000000,3674000000,6718000000,0,0,8079000000,1545000000,1960000000,345000000,345000000,2.34,2.34,1.25,-310000000,862000000,-180000000,372000000,1705000000,41000000,12.8,13.74,11.87,0.172,0.0774,5.68,2.31,14.5,0.8,0.6002,0.23,0.4824,0.1395,0.55,-0.3,1.23
2005-12-31,147488022,1179904176,8,14519000000,5065000000,7966000000,4149000000,6553000000,0,0,8086000000,1558000000,1952000000,297000000,297000000,2.01,2.02,1.25,422000000,-326000000,-155000000,-59000000,1333000000,31000000,11.26,12.8,9.72,0.1647,None,5.55,2.12,None,0.64,0.5942,0.2378,0.4513,0.134,0.54,0.33,1.2208
2005-09-30,147406576,1179252608,8,14516000000,4834000000,8267000000,4153000000,6249000000,0,0,8261000000,1564000000,2024000000,213000000,213000000,1.45,1.44,1.05,891000000,-439000000,-504000000,-52000000,1392000000,29000000,10.14,10.72,9.57,None,None,5.3,1.93,None,0.49,None,0.2503,0.4305,None,None,0.73,1.164
2005-06-30,147384591,1179076728,8,14205000000,4490000000,8011000000,3668000000,6194000000,0,0,8269000000,1580000000,1991000000,251000000,251000000,1.7,1.7,0.95,-170000000,-353000000,351000000,-172000000,1444000000,27000000,10.1,10.64,9.56,None,None,5.25,1.88,None,0.36,None,0.2551,0.436,None,None,-0.17,1.2241
2005-03-31,147381149,1179049192,8,14119000000,4378000000,7803000000,3630000000,6316000000,0,0,8279000000,1570000000,1812000000,281000000,281000000,1.91,1.9,0.95,130000000,129000000,-142000000,117000000,1616000000,18000000,10.37,11.13,9.61,None,None,5.36,1.98,None,0.24,None,0.2486,0.4473,None,None,0.09,1.2061
2004-12-31,147398768,1179190144,8,14428000000,4624000000,8252000000,4055000000,6176000000,0,0,8294000000,1595000000,None,None,None,None,None,0,247000000,150000000,-163000000,234000000,1499000000,42000000,9.18,10.07,8.29,None,None,5.24,1.74,None,0.12,None,0.2583,0.4281,None,None,0.17,1.1403
2004-09-30,147555338,1180442704,8,14344000000,4608000000,8101000000,4004000000,6243000000,0,0,8165000000,1607000000,1866000000,339000000,339000000,2.67,2.66,0.95,None,None,None,None,1818000000,0,8.81,9.52,8.1,None,None,5.29,None,None,0.11875,None,0.2574,0.4352,None,None,None,1.1508
