"Quarter end","Shares","Shares split adjusted","Split factor","Assets","Current Assets","Liabilities","Current Liabilities","Shareholders equity","Non-controlling interest","Preferred equity","Goodwill & intangibles","Long-term debt","Revenue","Earnings","Earnings available for common stockholders","EPS basic","EPS diluted","Dividend per share","Cash from operating activities","Cash from investing activities","Cash from financing activities","Cash change during period","Cash at end of period","Capital expenditures","Price","Price high","Price low","ROE","ROA","Book value of equity per share","P/B ratio","P/E ratio","Cumulative dividends per share","Dividend payout ratio","Long-term debt to equity ratio","Equity to assets ratio","Net margin","Asset turnover","Free cash flow per share","Current ratio"
2019-06-30,611803445,611803445,1,25624000000,4208000000,12867000000,1461000000,12748000000,9000000,0,703000000,9727000000,758000000,-208000000,-208000000,-0.34,-0.34,0,153000000,-57000000,287000000,383000000,2853000000,58000000,7.54,9.79,5.28,-0.0812,-0.0411,20.84,0.36,None,55.67,None,0.763,0.4975,None,0.12,0.16,2.8802
2019-03-31,611631548,611631548,1,25450000000,3792000000,12497000000,1396000000,12946000000,7000000,0,750000000,9414000000,754000000,-171000000,-171000000,-0.28,-0.28,0,-51000000,23000000,-91000000,-119000000,2470000000,40000000,8.12,9.69,6.54,-0.1554,-0.0792,21.17,0.38,None,55.67,None,0.7272,0.5087,None,0.13,-0.15,2.7163
2018-12-31,610061503,610061503,1,25665000000,3948000000,12551000000,1458000000,13107000000,7000000,0,0,9978000000,748000000,-242000000,-242000000,-0.48,-0.48,0,238000000,-1168000000,644000000,-286000000,2589000000,38000000,10.33,14.47,6.19,-0.157,-0.0806,21.48,0.4,None,55.67,None,0.7613,0.5107,None,0.12,0.33,2.7078
2018-09-30,461906035,461906035,1,23462000000,4065000000,11501000000,1322000000,11962000000,-1000000,0,554000000,8955000000,816000000,-409000000,-409000000,-0.88,-0.88,0,214000000,-35000000,-311000000,-132000000,2875000000,34000000,12.37,14.34,10.4,-0.1477,-0.0779,25.9,0.46,None,55.67,None,0.7486,0.5098,None,0.12,0.39,3.0749
2018-06-30,461868183,461868183,1,24246000000,4217000000,11884000000,2826000000,12359000000,3000000,0,583000000,7814000000,790000000,-1135000000,-1135000000,-2.46,-2.46,0,3000000,30000000,-232000000,-199000000,3007000000,29000000,11.76,14.16,9.36,-0.2239,-0.1212,26.76,0.4,None,55.67,None,0.6323,0.5097,None,0.12,-0.06,1.4922
2018-03-31,461715265,461715265,1,25695000000,4543000000,12211000000,3022000000,13424000000,60000000,0,1073000000,7976000000,664000000,-210000000,-210000000,-0.48,-0.48,0,103000000,376000000,-248000000,231000000,3206000000,40000000,10.55,12.4,8.7,-0.2579,-0.1453,29.07,0.32,None,55.67,None,0.5942,0.5224,None,0.12,0.14,1.5033
2017-12-31,391181430,391181430,1,22410000000,4606000000,9641000000,1369000000,12707000000,62000000,0,0,7146000000,629000000,-111000000,-109000000,-0.29,-0.29,0,257000000,-541000000,86000000,-198000000,2519000000,91000000,10.55,11.78,9.33,-0.2249,-0.1311,32.48,0.32,None,55.67,None,0.5624,0.567,None,0.12,0.42,3.3645
2017-09-30,391213324,391213324,1,22441000000,4451000000,9590000000,1885000000,12799000000,52000000,0,0,6501000000,808000000,-1417000000,-1417000000,-3.62,-3.62,0,384000000,-102000000,-36000000,246000000,2717000000,127000000,9.02,10.84,7.2,-0.1909,-0.1118,32.72,0.25,None,55.67,None,0.5079,0.5703,None,0.13,0.66,2.3613
2017-06-30,391184607,391184607,1,23847000000,4286000000,9596000000,1858000000,14205000000,46000000,0,0,6525000000,751000000,-1690000000,-1690000000,-4.32,-4.32,0,319000000,174000000,-1115000000,-622000000,2471000000,-189000000,10.36,13.04,7.67,-0.076,-0.0443,36.31,0.25,6.36,55.67,None,0.4593,0.5957,None,0.13,1.3,2.3068
2017-03-31,391045417,391045417,1,26717000000,5071000000,10782000000,2547000000,15900000000,35000000,0,0,6937000000,785000000,91000000,89000000,0.23,0.23,0,184000000,-118000000,-25000000,41000000,3093000000,118000000,13.93,16.16,11.69,0.0393,0.0235,40.66,0.32,6.7,55.67,0,0.4363,0.5951,0.1681,0.14,0.17,1.991
2016-12-31,365353527,365353527,1,26889000000,5098000000,11056000000,1985000000,15802000000,31000000,0,0,8281000000,974000000,223000000,216000000,0.57,0.57,0,633000000,-257000000,142000000,518000000,3052000000,258000000,12.88,16.66,9.1,0.0505,0.0296,43.25,0.31,4.04,55.67,0,0.524,0.5877,0.1836,0.16,1.03,2.5683
2016-09-30,365490751,365490751,1,26167000000,4491000000,10754000000,2306000000,15084000000,329000000,0,0,7191000000,903000000,229000000,226000000,0.62,0.62,0,440000000,-245000000,186000000,381000000,2534000000,245000000,10.86,13.03,8.68,0.0781,0.0446,41.27,0.27,3.15,55.67,0,0.4767,0.5765,0.2295,0.19,0.53,1.9475
2016-06-30,365391756,365391756,1,25839000000,4129000000,10681000000,2199000000,14837000000,321000000,0,0,7155000000,943000000,77000000,75000000,0.21,0.21,0,207000000,-447000000,-181000000,-421000000,2153000000,447000000,10.2,12.05,8.34,0.0863,0.0483,40.61,0.25,2.45,55.67,0.0438,0.4822,0.5742,0.2171,0.22,-0.66,1.8777
2016-03-31,365201707,365201707,1,26245000000,4700000000,11178000000,2588000000,14758000000,309000000,0,0,7253000000,1341000000,249000000,247000000,0.68,0.68,0,631000000,-364000000,-32000000,235000000,2574000000,364000000,10.57,13.48,7.67,0.1073,0.0578,40.41,0.26,4.89,55.67,0.0722,0.4915,0.5623,0.2259,0.25,0.73,1.8161
2015-12-31,363461097,363461097,1,26329000000,4785000000,11521000000,2669000000,14498000000,310000000,0,0,7965000000,1851000000,611000000,608000000,1.68,1.68,0,960000000,-647000000,-208000000,105000000,2339000000,647000000,14.57,17.19,11.95,0.0571,0.0298,39.89,0.39,None,55.67,0.1395,0.5494,0.5506,0.1059,0.28,0.86,1.7928
2015-09-30,363735543,363735543,1,25835000000,4906000000,11809000000,1830000000,13720000000,306000000,0,0,8630000000,1608000000,321000000,317000000,0.88,0.88,0.15,648000000,-937000000,-1246000000,-1535000000,2234000000,937000000,13.73,16.2,11.26,-0.041,-0.0206,37.72,0.37,None,55.67,None,0.629,0.5311,None,0.29,-0.79,2.6809
2015-06-30,363553885,363553885,1,26973000000,6719000000,13325000000,2902000000,13340000000,308000000,0,0,8989000000,1884000000,342000000,338000000,0.93,0.93,0.15,1311000000,-156000000,-68000000,1087000000,3769000000,172000000,18.17,21.9,14.44,-0.2252,-0.1102,36.69,0.5,None,55.52,None,0.6738,0.4946,None,0.3,3.13,2.3153
2015-03-31,363350739,363350739,1,27105000000,5843000000,13595000000,3173000000,13201000000,309000000,0,0,8996000000,2043000000,-483000000,-481000000,-1.33,-1.33,0,526000000,-192000000,-287000000,47000000,2682000000,194000000,16.96,20.65,13.28,-0.1946,-0.097,36.33,0.45,None,55.37,None,0.6815,0.487,None,0.3,0.91,1.8415
2014-12-31,361967344,361967344,1,28413000000,6001000000,14431000000,3770000000,13671000000,311000000,0,0,9059000000,2237000000,-739000000,-727000000,-2.02,-2.02,0.75,566000000,-305000000,-499000000,-238000000,2635000000,521000000,24.19,32.41,15.97,-0.1217,-0.0625,37.77,0.6,None,55.37,None,0.6626,0.4812,None,0.3,0.12,1.5918
2014-09-30,362242494,362242494,1,29964000000,6367000000,15012000000,3546000000,14606000000,346000000,0,1014000000,9991000000,2270000000,-2217000000,-2216000000,-6.12,-6.12,0.75,882000000,-264000000,138000000,756000000,2873000000,263000000,38.48,45.21,31.76,-0.0577,-0.0298,40.32,0.83,7.68,54.62,None,0.684,0.4875,None,0.29,1.71,1.7955
2014-06-30,362189149,362189149,1,32067000000,5760000000,15292000000,3397000000,16764000000,11000000,0,2987000000,10298000000,2328000000,587000000,590000000,1.61,1.61,0.75,636000000,-221000000,-285000000,130000000,2117000000,341000000,42.77,46.12,39.41,0.1083,0.0564,46.29,0.9,10.09,53.87,0.4846,0.6143,0.5228,0.1896,0.3,0.81,1.6956
2014-03-31,361988015,361988015,1,31897000000,5633000000,14722000000,2763000000,17171000000,4000000,0,2987000000,10308000000,2339000000,456000000,460000000,1.25,1.25,0.56,136000000,-1038000000,-354000000,-1256000000,1987000000,1040000000,44.02,49.58,38.47,0.0933,0.0477,47.44,0.95,11.37,53.12,0.5262,0.6003,0.5383,0.1596,0.3,-2.5,2.0387
2013-12-31,360244947,360244947,1,32546000000,6772000000,15861000000,3554000000,16691000000,-6000000,0,2987000000,10996000000,2332000000,233000000,225000000,0.65,0.65,0.56,773000000,-872000000,-217000000,-316000000,3243000000,948000000,49.97,55.74,44.19,0.0862,0.0433,46.33,1.11,11.41,52.56,0.4344,0.6588,0.5128,0.147,0.29,-0.49,1.9055
2013-09-30,360590539,360590539,1,32601000000,7373000000,16342000000,3776000000,16274000000,-15000000,0,2987000000,10628000000,2558000000,546000000,537000000,1.5,1.5,0.56,623000000,-210000000,-211000000,202000000,3559000000,280000000,47.39,50.45,44.32,0.0995,0.048,45.13,1.09,26.04,52,0.2547,0.6531,0.4992,0.1761,0.27,0.95,1.9526
2013-06-30,360410783,360410783,1,32215000000,6866000000,16551000000,3795000000,15682000000,-18000000,0,2987000000,10608000000,2397000000,307000000,314000000,0.84,0.84,0.56,416000000,-161000000,-587000000,-332000000,3357000000,349000000,50.91,55.79,46.02,0.0425,0.0194,43.51,1.14,424.25,51.44,0.3026,0.6764,0.4868,0.0751,0.26,0.19,1.8092
2013-03-31,360346455,360346455,1,32675000000,7133000000,16648000000,3376000000,16049000000,-22000000,0,2987000000,11130000000,2197000000,321000000,318000000,0.88,0.88,0,106000000,-415000000,-1136000000,-1445000000,3689000000,487000000,52.36,59.5,45.23,0.0027,0.0013,44.54,1.19,None,50.88,0,0.6935,0.4912,0.0046,0.27,-1.06,2.1129
2012-12-31,359284907,359284907,1,34255000000,8647000000,18525000000,5463000000,15745000000,-15000000,0,2987000000,11892000000,1850000000,408000000,416000000,1.16,1.16,0,923000000,-85000000,-1705000000,-867000000,5134000000,778000000,46.58,49.5,43.65,-0.014,-0.0063,43.82,1.1,None,50.88,None,0.7553,0.4596,None,0.27,0.4,1.5828
2012-09-30,359425927,359425927,1,35312000000,10304000000,20056000000,6701000000,15272000000,-16000000,0,2987000000,11388000000,2440000000,-383000000,-381000000,-1.06,-1.06,0,786000000,-35000000,1286000000,2037000000,6001000000,23000000,46.71,50.38,43.04,-0.428,-0.1909,42.49,1.07,None,50.88,None,0.7457,0.4325,None,0.28,2.12,1.5377
2012-06-30,359389049,359389049,1,34442000000,7367000000,18833000000,6726000000,15623000000,-14000000,0,3099000000,10039000000,2575000000,-303000000,-311000000,-0.86,-0.86,0,459000000,-62000000,-415000000,-18000000,3964000000,92000000,47.84,56.36,39.32,-0.3743,-0.1803,43.47,1.07,None,50.88,None,0.6426,0.4536,None,0.27,1.02,1.0953
2012-03-31,350503380,350503380,1,34715000000,7673000000,18992000000,5764000000,15738000000,-15000000,0,3087000000,10664000000,2331000000,59000000,57000000,0.12,0.12,0.79,540000000,-207000000,-368000000,-35000000,3982000000,219000000,48.91,59.03,38.8,-0.3221,-0.1641,44.9,1.09,None,50.88,None,0.6776,0.4533,None,0.26,0.92,1.3312
2011-12-31,350424694,350424694,1,35088000000,7609000000,19397000000,5358000000,15701000000,-10000000,0,3259000000,11497000000,2422000000,-6035000000,-6035000000,-18.6,-18.6,0.79,563000000,-1287000000,1455000000,731000000,4017000000,279000000,49.15,60.09,38.21,-0.285,-0.1544,44.81,0.75,None,50.09,None,0.7322,0.4475,None,0.25,0.81,1.4201
2011-09-30,319855270,319855270,1,36645000000,6569000000,15833000000,4270000000,20823000000,-11000000,0,8132000000,9174000000,2242000000,-71000000,-64000000,-0.22,-0.22,0.79,492000000,-320000000,-275000000,-103000000,3286000000,49000000,56.55,65.39,47.7,-0.0189,-0.0107,65.1,0.87,514.09,49.3,None,0.4406,0.5682,None,0.24,1.39,1.5384
2011-06-30,319811081,319811081,1,36936000000,6738000000,16063000000,4484000000,20885000000,-12000000,0,8132000000,9165000000,2334000000,164000000,152000000,0.48,0.48,0.79,340000000,-315000000,-448000000,-423000000,3389000000,288000000,71.17,83.05,59.3,0.0015,0.0011,65.3,1.05,38.47,48.51,8.15,0.4388,0.5654,0.0035,0.24,0.16,1.5027
2011-03-31,319567451,319567451,1,37210000000,6904000000,15505000000,3841000000,21710000000,-5000000,0,8132000000,9181000000,2144000000,310000000,310000000,0.96,0.96,0,390000000,26000000,2000000,418000000,3812000000,227000000,77.44,85.98,68.89,0.028,0.0157,67.94,1.15,25.99,47.72,0,0.4229,0.5834,0.0651,0.24,0.51,1.7974
2010-12-31,318916207,318916207,1,36811000000,6195000000,15436000000,3836000000,21383000000,-8000000,0,8230000000,9209000000,2160000000,-799000000,-799000000,-2.48,-2.48,0,796000000,-380000000,-1658000000,-1242000000,3394000000,419000000,67.77,73.94,61.6,0.0456,0.0255,67.05,1.03,8.81,47.72,0,0.4307,0.5809,0.1004,0.25,1.18,1.615
2010-09-30,319020214,319020214,1,39330000000,7770000000,18291000000,4764000000,21036000000,3000000,0,8192000000,11123000000,2309000000,368000000,368000000,1.15,1.15,0,709000000,-298000000,1337000000,1748000000,4636000000,304000000,55.14,65.98,44.3,0.1189,0.0661,65.94,0.85,6.32,47.72,0,0.5288,0.5349,0.2447,0.27,1.27,1.631
2010-06-30,318993839,318993839,1,37552000000,5914000000,16825000000,4668000000,20724000000,3000000,0,8194000000,9764000000,2505000000,715000000,715000000,2.23,2.22,0,1269000000,280000000,-247000000,1302000000,2888000000,290000000,67.28,92.67,41.88,0.1375,0.077,64.97,1.02,7.48,47.72,0,0.4711,0.5519,0.2649,0.29,3.07,1.2669
2010-03-31,319933046,319933046,1,36838000000,4711000000,15632000000,3302000000,21198000000,8000000,0,8132000000,9910000000,2602000000,677000000,677000000,2.1,2.09,0,1172000000,-323000000,-393000000,456000000,1586000000,338000000,85.92,94.88,76.96,0.145,0.0807,66.26,1.34,8.73,47.72,0,0.4675,0.5754,0.2641,0.31,2.61,1.4267
2009-12-31,320953074,320953074,1,36436000000,4476000000,15877000000,3618000000,20552000000,7000000,0,8134000000,9849000000,2733000000,723000000,723000000,2.23,2.23,0,1175000000,-668000000,-263000000,244000000,1130000000,841000000,86.57,94.44,78.71,0.1645,0.089,64.03,1.41,8.57,47.72,0,0.4792,0.5641,0.2753,0.32,1.04,1.2371
2009-09-30,321145301,321145301,1,36018000000,4603000000,16312000000,2584000000,19707000000,-1000000,0,8134000000,11220000000,2823000000,710000000,710000000,2.2,2.19,0,1406000000,-538000000,-889000000,-21000000,886000000,538000000,76.13,87.22,65.04,0.1777,0.092,61.36,1.29,6.71,47.72,0,0.5693,0.5471,0.2694,0.34,2.7,1.7813
2009-06-30,321054154,321054154,1,35257000000,4630000000,16262000000,2959000000,18982000000,13000000,0,8134000000,10890000000,2882000000,806000000,806000000,2.5,2.49,0,1576000000,-1009000000,-962000000,-395000000,907000000,947000000,71.16,85.57,56.75,0.2097,0.1038,59.12,1.26,5.78,47.72,0,0.5737,0.5384,0.2932,0.35,1.96,1.5647
2009-03-31,320713627,320713627,1,35259000000,5215000000,17139000000,3789000000,18120000000,0,0,8134000000,10924000000,3118000000,942000000,942000000,2.94,2.93,0,1441000000,-479000000,-623000000,339000000,1302000000,708000000,56.64,67.17,46.11,0.2409,0.1129,56.5,1.09,4.33,47.72,0,0.6029,0.5139,0.3119,0.36,2.29,1.3764
2008-12-31,319044814,319044814,1,35171000000,5349000000,18644000000,2701000000,16524000000,3000000,0,8128000000,13522000000,3270000000,800000000,800000000,2.5,2.49,0,1196000000,-448000000,-614000000,134000000,963000000,505000000,75.56,109.16,41.95,0.274,0.1203,51.79,1.5,5.13,47.72,0,0.8183,0.4698,0.3315,0.36,2.17,1.9804
2008-09-30,319176432,319176432,1,35165000000,5288000000,19087000000,2953000000,16075000000,3000000,0,8346000000,13851000000,3192000000,1106000000,1106000000,3.47,3.44,0,1270000000,-903000000,-514000000,-147000000,829000000,514000000,130.33,154.5,106.16,0.3107,0.1284,50.36,2.78,8.19,47.72,3.0635,0.8616,0.4571,0.4034,0.32,2.37,1.7907
2008-06-30,319029423,319029423,1,34477000000,4731000000,19507000000,3920000000,14965000000,5000000,0,8351000000,13134000000,3102000000,1107000000,1107000000,3.48,3.45,0,1011000000,-327000000,-1275000000,-591000000,976000000,420000000,147.73,163,132.46,0.3473,0.1486,46.91,3.42,9.79,47.72,3.1577,0.8776,0.4341,0.4602,0.32,1.85,1.2069
2008-03-31,318871957,318871957,1,34862000000,5230000000,21069000000,5088000000,13787000000,6000000,0,8424000000,13239000000,3110000000,1189000000,1189000000,3.75,3.71,0,1482000000,-518000000,-638000000,326000000,1567000000,769000000,129.3,147.25,111.34,0.3559,0.1602,43.24,2.98,9.23,47.72,3.6254,0.9603,0.3955,0.4873,0.33,2.24,1.0279
2007-12-31,289280582,289280582,1,34364000000,4296000000,21793000000,7902000000,12566000000,5000000,0,8219000000,11085000000,1648000000,1056000000,1056000000,4.26,4.12,47.21,915000000,-4676000000,4384000000,623000000,1241000000,320000000,128.5,149.62,107.37,0.3535,0.1762,43.44,3.09,10.02,47.72,4.3618,0.8821,0.3657,0.5264,0.33,2.06,0.5437
2007-09-30,291860905,204185889,0.6996,12700000000,2223000000,4197000000,1999000000,8502000000,1000000,0,2187000000,1575000000,1538000000,973000000,973000000,3.36,3.24,0,897000000,-284000000,-440000000,173000000,618000000,305000000,106.75,120.88,92.61,0.3631,0.2237,41.64,2.9,11.16,0.51,0,0.1853,0.6694,0.4914,0.46,2.9,1.1121
2007-06-30,290199014,203023230,0.6996,12149000000,1893000000,4670000000,994000000,7478000000,1000000,0,2195000000,3046000000,1434000000,549000000,549000000,1.91,1.84,0,607000000,-288000000,-376000000,-57000000,445000000,290000000,94.85,109.2,80.5,0.2938,0.1741,36.83,2.78,11.85,0.51,0,0.4073,0.6155,0.4085,0.43,1.56,1.9044
2007-03-31,288147782,201588188,0.6996,11883000000,1819000000,5003000000,959000000,6878000000,2000000,0,2195000000,3484000000,1328000000,553000000,553000000,1.9,1.84,0,654000000,-429000000,-190000000,35000000,502000000,465000000,77.84,83.2,72.47,0.2467,0.1537,34.12,2.55,12.46,0.51,0,0.5065,0.5788,0.3944,0.39,0.94,1.8968
2006-12-31,319904208,223804983,0.6996,11476000000,1656000000,4636000000,1039000000,6836000000,4000000,0,2195000000,3200000000,1185700000,620800000,620800000,2.13,2.05,0,504800000,-3400000,-441100000,60300000,467000000,166200000,107.06,120.4,93.72,0.1895,0.1265,30.54,3.39,27.04,0.51,0,0.4681,0.5957,0.3568,0.35,1.51,1.5938
2006-09-30,292397727,204561449,0.6996,11178300000,1546700000,4708400000,871300000,6466100000,3800000,0,2209000000,3400000000,1025700000,309000000,309000000,0.99,0.96,0,288400000,-339000000,175500000,124900000,407100000,434200000,104.45,116.68,92.22,0.1206,0.0856,31.61,2.91,31.63,0.51,0,0.5258,0.5785,0.2641,0.32,-0.71,1.7752
2006-06-30,315069668,220422739,0.6996,10555000000,1249300000,2647600000,711400000,7903600000,3800000,0,2208900000,1500600000,853300000,249500000,249500000,0.77,0.75,0,175900000,23300000,-378900000,-179700000,282200000,98000000,115,128.87,101.13,0.0968,0.0734,35.86,3.25,32.7,0.51,0,0.1899,0.7488,0.2425,0.3,0.35,1.7561
2006-03-31,324903181,227302265,0.6996,10589700000,1353600000,2551300000,946000000,8034600000,3800000,0,2208900000,1196600000,817300000,205700000,205700000,0.63,0.61,0,267900000,-95900000,-155500000,16500000,461900000,177600000,110.31,120.48,100.13,0.1031,0.0772,35.35,3.18,36.23,0.51,0,0.1489,0.7587,0.2694,0.29,0.4,1.4309
2005-12-31,328508472,229824527,0.6996,10457200000,1279100000,2471900000,923600000,7981700000,3600000,0,2208900000,1197100000,771200000,151600000,151600000,0.46,0.45,0,243500000,-25700000,-369200000,-151400000,445400000,37000000,88.1,101.39,74.81,0.0903,0.0664,34.73,2.48,42.51,0.51,0,0.15,0.7633,0.2475,0.27,0.9,1.3849
2005-09-30,330082373,230925628,0.6996,10772600000,1404700000,2570800000,905500000,8197700000,4100000,0,2254900000,1197700000,762600000,170400000,170400000,0.52,0.5,0,237600000,-33000000,-550300000,-345700000,596800000,35300000,83.35,90.21,76.5,0.0631,0.0452,35.5,2.41,40.78,0.51,0,0.1461,0.761,0.1754,0.26,0.88,1.5513
2005-06-30,328775188,230011121,0.6996,11159200000,1722000000,3191400000,920100000,7963700000,4100000,0,2251900000,1793500000,727400000,301800000,301800000,0.93,0.9,0,206200000,219900000,95700000,521800000,942500000,78400000,72.44,83.18,61.69,0.0626,0.0429,34.62,2.19,74.53,0.51,0,0.2252,0.7136,0.1768,0.24,0.56,1.8715
2005-03-31,326102656,228141418,0.6996,10691500000,1102900000,3125800000,432300000,7561500000,4200000,0,2251900000,2196300000,630500000,91800000,91800000,0.28,0.28,0,176900000,7400000,-214900000,-30600000,420700000,31200000,65.59,74.29,56.88,0.0298,0.0199,33.14,1.99,97.63,0.51,0,0.2905,0.7072,0.0854,0.23,0.64,2.5512
2004-12-31,320819763,224445506,0.6996,10758300000,1109100000,3361700000,430300000,7392600000,4000000,0,2251900000,2462100000,676900000,-73400000,-73400000,-0.23,-0.23,0,96500000,168800000,-589800000,-324500000,451300000,26100000,55,61.82,48.17,0.0207,0.0135,32.94,1.66,53.44,0.51,0,0.333,0.6872,0.0582,0.23,0.31,2.5775
2004-09-30,321166523,224688099,0.6996,11704000000,1506800000,3991700000,911000000,7448600000,263700000,0,2257100000,2674700000,651800000,154900000,154900000,0.48,0.48,0,226000000,233400000,-5700000,453700000,775800000,45100000,44.44,51.8,37.08,0.0317,0.02,33.15,1.37,115.15,0.51,0,0.3591,0.6364,0.0914,0.22,0.81,1.654
2004-06-30,320841141,224460462,0.6996,11335700000,1072500000,3929100000,871800000,7285800000,120800000,0,2232000000,2678000000,633200000,48000000,48000000,0.15,0.15,0,89400000,-2600000,-162600000,-75800000,322100000,37300000,38.42,41.84,35.01,0.0121,0.0076,32.46,1.19,None,0.51,0,0.3676,0.6427,0.0349,0.22,0.23,1.2302
2004-03-31,320805763,224435711,0.6996,11442400000,1081800000,4086800000,525100000,7234100000,121500000,0,2230800000,3199200000,652000000,22700000,22700000,0.07,0.07,0,192200000,149200000,-417500000,-76100000,397900000,18500000,39.34,45.65,33.02,-0.0007,-0.0005,32.23,1.22,458.7,0.51,None,0.4422,0.6322,None,0.21,0.77,2.0602
2003-12-31,319853774,223769700,0.6996,11662600000,1178900000,4470000000,511100000,7192600000,0,0,2230800000,3612300000,591500000,5500000,5500000,0.02,0.02,0,61200000,-354700000,-38800000,-332300000,474000000,422300000,30.98,35.52,26.43,0.0027,0.0016,32.14,0.97,None,0.51,0,0.5022,0.6167,0.0079,0.2,-1.61,2.3066
2003-09-30,319890650,223795498,0.6996,11717700000,1542500000,4542800000,785000000,7174900000,0,0,2223400000,3419300000,622900000,11000000,11000000,0.03,0.03,0,159400000,-20800000,-46300000,92300000,806300000,23400000,29.25,32.06,26.44,-0.3859,-0.227,32.06,0.91,None,0.51,None,0.4766,0.6123,None,0.21,0.61,1.965
2003-06-30,319887560,223793336,0.6996,11705800000,1427000000,4544300000,725900000,7161500000,0,0,2222900000,3476000000,603900000,-44500000,-44500000,-0.14,-0.14,0,114400000,-51200000,-869600000,-806400000,714000000,25800000,31.66,37.02,26.3,-0.3208,-0.1921,32,0.98,None,0.51,None,0.4854,0.6118,None,0.2,0.4,1.9658
2003-03-31,319773020,223713204,0.6996,12662400000,2230000000,5460700000,1498300000,7201700000,0,0,2190600000,3568100000,616000000,47200000,47200000,0.15,0.15,0,190800000,-20800000,136200000,306200000,1520400000,24400000,31.61,34.82,28.4,-0.2822,-0.1709,32.19,0.99,None,0.51,None,0.4955,0.5687,None,0.19,0.74,1.4884
2002-12-31,319207590,223317629,0.6996,12665100000,1911700000,5523700000,1503900000,7141400000,0,0,2218200000,3629900000,664600000,-2780700000,-2780700000,-8.71,-8.71,0,236400000,-8900000,-35100000,192400000,1214200000,26400000,31.44,37.01,25.87,-0.4099,-0.2539,31.98,0.71,None,0.51,None,0.5083,0.5639,None,0.18,0.94,1.2712
2002-09-30,319219486,223325952,0.6996,15510100000,1783900000,5557600000,1411800000,9952500000,0,0,5099100000,3780800000,695200000,255200000,255200000,0.8,0.79,0,319700000,-20200000,-33600000,265900000,1021800000,33400000,36.7,45.38,28.02,-0.0891,-0.0567,44.56,0.85,None,0.51,None,0.3799,0.6417,None,0.17,1.28,1.2636
2002-06-30,319219986,223326302,0.6996,15304100000,1578400000,5606600000,1504900000,9697500000,0,0,5103000000,3702600000,646200000,80000000,80000000,0.25,0.25,0.03,218500000,-8300000,-42400000,167800000,755900000,33500000,49.55,56.22,42.88,-0.1025,-0.0653,43.42,1.15,None,0.51,None,0.3818,0.6337,None,0.18,0.83,1.0488
2002-03-31,319187965,223303900,0.6996,15304400000,1510100000,5677700000,808000000,9626700000,0,0,5103000000,4444900000,667900000,-1286400000,-1286400000,-4.03,-3.98,0.03,162000000,-7900000,-419400000,-265300000,588100000,47700000,43.72,49.54,37.89,-0.101,-0.0645,43.11,0.89,38.72,0.47,None,0.4617,0.629,None,0.18,0.51,1.8689
2001-12-31,319131115,223264128,0.6996,17019800000,1736800000,6109500000,1144400000,10910300000,0,0,6466700000,4539400000,747600000,56000000,56000000,0.17,0.17,0.03,200500000,37800000,264100000,502400000,853400000,63100000,41.75,48.91,34.59,0.0234,0.015,48.87,0.86,49.51,0.43,0.1514,0.4161,0.641,0.0896,0.17,0.62,1.5177
2001-09-30,318771994,223012887,0.6996,16868000000,1287500000,6008700000,838400000,10859300000,0,0,6503300000,4645100000,770200000,97600000,97600000,0.31,0.3,0.03,315100000,18700000,-91500000,242300000,351000000,71300000,46.48,60.01,32.95,0.0206,0.0132,48.69,0.96,62.53,0.39,0.2037,0.4278,0.6438,0.0785,0.17,1.09,1.5357
2001-06-30,318731548,222984590,0.6996,16788500000,1113700000,6018300000,781700000,10770200000,0,0,6521400000,4685100000,752200000,68500000,68500000,0.22,0.21,0.03,5500000,-73500000,-88900000,-156900000,108700000,116000000,70.07,82.46,57.68,0.0189,0.012,48.3,1.46,102.13,0.34,0.2511,0.435,0.6415,0.072,0.17,-0.5,1.4247
2001-03-31,317985058,222462346,0.6996,16876000000,1157000000,6186200000,991600000,10689800000,0,0,6564600000,4612900000,550100000,30500000,30500000,0.11,0.11,0.03,45700000,-9400000,194800000,231100000,265600000,255800000,67.54,77.9,57.18,0.0188,0.0119,48.05,3.74,90.87,0.3,0.2974,0.4315,0.6334,0.0721,0.17,-0.94,1.1668
2000-12-31,317099684,221842938,0.6996,6358764000,448132000,2354657000,495198000,4004107000,0,0,1037855000,1430266000,314938000,-9150000,-9150000,-0.03,-0.03,0.03,13986000,-102442000,86023000,-2433000,34539000,109063000,71.38,93.62,49.14,0.0272,0.0173,18.05,2.62,None,0.26,0.2622,0.3572,0.6297,0.0883,0.2,-0.43,0.905
2000-09-30,210715981,147416900,0.6996,6264189000,457331000,2246560000,385531000,4017629000,0,0,1044717000,1339850000,314483000,49278000,49278000,0.23,0.23,0.03,99394000,-112774000,-118945000,-132325000,36972000,157838000,78.8,92.38,65.22,None,None,27.25,2.92,None,0.21,None,0.3335,0.6414,None,None,-0.4,1.1862
2000-06-30,210585225,147325423,0.6996,6314277000,571916000,2338065000,393590000,3976212000,0,0,1051507000,1412720000,299243000,35943000,35943000,0.17,0.17,0.03,59409000,-162884000,149915000,46440000,169297000,167044000,69.64,80.32,58.96,None,None,26.99,2.6,None,0.17,None,0.3553,0.6297,None,None,-0.73,1.4531
2000-03-31,210457127,147235806,0.6996,6179452000,540989000,2235877000,450609000,3943575000,0,0,1063999000,1251742000,300849000,32477000,32477000,0.15,0.15,0.03,24593000,-114814000,47405000,-42816000,122857000,140758000,58.88,75.94,41.81,None,None,26.78,2.22,None,0.13,None,0.3174,0.6382,None,None,-0.79,1.2006
1999-12-31,210247625,147089238,0.6996,6140170000,558866000,2230031000,528521000,3910139000,0,0,1067594000,1187578000,None,None,None,None,None,0,-153397000,245979000,-58300000,34282000,165673000,171448000,41.64,49.14,34.13,None,None,26.58,1.36,None,0.09,None,0.3037,0.6368,None,None,-2.21,1.0574
1999-09-30,100574790,70362123,0.6996,3373847000,242514000,1215719000,237349000,2158128000,0,0,661798000,711270000,204305000,46869000,46869000,0.47,0.46,0.03,73625000,-111742000,9096000,-29021000,26363000,113025000,44.36,52.17,36.54,None,None,30.67,1.48,None,0.09,None,0.3296,0.6397,None,None,-0.56,1.0218
1999-06-30,100563304,70354087,0.6996,3332596000,285376000,1218651000,253056000,2113945000,0,0,666280000,701471000,235565000,56379000,56379000,0.56,0.56,0.03,None,None,None,None,55384000,0,39.41,46.46,32.35,None,None,30.05,None,None,0.042882,None,0.3318,0.6343,None,None,None,1.1277
