"Quarter end","Shares","Shares split adjusted","Split factor","Assets","Current Assets","Liabilities","Current Liabilities","Shareholders equity","Non-controlling interest","Preferred equity","Goodwill & intangibles","Long-term debt","Revenue","Earnings","Earnings available for common stockholders","EPS basic","EPS diluted","Dividend per share","Cash from operating activities","Cash from investing activities","Cash from financing activities","Cash change during period","Cash at end of period","Capital expenditures","Price","Price high","Price low","ROE","ROA","Book value of equity per share","P/B ratio","P/E ratio","Cumulative dividends per share","Dividend payout ratio","Long-term debt to equity ratio","Equity to assets ratio","Net margin","Asset turnover","Free cash flow per share","Current ratio"
2019-03-31,1271554672,1271554672,1,62837000000,34024000000,40746000000,9397000000,21951000000,140000000,0,19555000000,24080000000,5281000000,1975000000,1975000000,1.55,1.54,0.63,1444000000,-111000000,-2366000000,-1013000000,16927000000,237000000,66,70.5,61.5,0.2682,0.092,17.26,3.94,15.87,8.12,0.5099,1.097,0.3493,0.215,0.43,0.95,3.6207
2018-12-31,1275510558,1275510558,1,63675000000,35836000000,42141000000,10605000000,21387000000,147000000,0,19855000000,24574000000,10878000000,3000000,3000000,-0.01,0,0.57,2345000000,2735000000,-1670000000,3371000000,17940000000,248000000,69.97,79.61,60.32,0.2522,0.0843,16.77,3.96,58.31,7.49,0.5398,1.149,0.3359,0.2465,0.34,1.64,3.3792
2018-09-30,1293619612,1293619612,1,64305000000,34918000000,41298000000,10116000000,22861000000,146000000,0,20431000000,24570000000,5596000000,2097000000,2097000000,1.62,1.6,0.57,2212000000,2025000000,-2901000000,1335000000,14569000000,167000000,74.67,79.04,70.3,0.0742,0.0239,17.67,4.47,44.98,6.92,1.8265,1.0748,0.3555,0.0923,0.26,1.58,3.4518
2018-06-30,1296340593,1296340593,1,65355000000,32728000000,43621000000,10912000000,21672000000,62000000,0,20620000000,26062000000,5648000000,1817000000,1817000000,1.4,1.39,0.57,1573000000,5241000000,-1152000000,5591000000,13234000000,297000000,70.26,76.25,64.27,0.1009,0.0332,16.72,4.44,27.02,6.35,1.2865,1.2026,0.3316,0.1219,0.27,0.98,2.9993
2018-03-31,1300260832,1300260832,1,65381000000,30258000000,44730000000,10670000000,20591000000,60000000,0,20962000000,26557000000,5000000,1538000000,1538000000,1.18,1.17,0.57,2270000000,4354000000,-6595000000,55000000,7643000000,212000000,80.63,89.54,71.72,0.1565,0.0532,15.84,5.17,23.17,5.78,0.8027,1.2897,0.3149,0.1767,0.3,1.58,2.8358
2017-12-31,1309967781,1309967781,1,70283000000,31823000000,49782000000,11635000000,20442000000,59000000,0,21259000000,30795000000,5949000000,-3865000000,-3865000000,-2.96,-2.96,0.52,2753000000,-10016000000,3347000000,-3920000000,7588000000,220000000,77.14,84.23,70.05,0.2094,0.0732,15.6,4.06,8.8,5.21,0.5875,1.5065,0.2909,0.1773,0.41,1.93,2.7351
2017-09-30,1306268996,1306268996,1,64662000000,35317000000,39408000000,9597000000,24845000000,409000000,0,9514000000,27515000000,6512000000,2718000000,2718000000,2.08,2.06,0.52,2694000000,-2114000000,2170000000,2796000000,11508000000,129000000,77.41,86.27,68.54,0.5343,0.1937,19.02,4.46,8.41,4.69,0.2286,1.1075,0.3842,0.4222,0.46,1.96,3.68
2017-06-30,1305926217,1305926217,1,60263000000,28592000000,37172000000,8492000000,22677000000,414000000,0,9723000000,26296000000,7141000000,3073000000,3073000000,2.35,2.33,0.52,3526000000,-4246000000,-880000000,-1573000000,8712000000,123000000,67.97,72.17,63.76,0.6194,0.211,17.36,4.35,7.19,4.17,0.2122,1.1596,0.3763,0.429,0.49,2.61,3.3669
2017-03-31,1306728398,1306728398,1,57701000000,21424000000,36784000000,8282000000,20441000000,476000000,0,9933000000,26321000000,6505000000,2702000000,2702000000,2.07,2.05,0.52,2925000000,307000000,-1244000000,2056000000,10285000000,118000000,71.18,76.98,65.38,0.7047,0.2284,15.64,4.93,7.17,3.65,0.2005,1.2877,0.3543,0.4342,0.53,2.15,2.5868
2016-12-31,1307066900,1307066900,1,56977000000,20445000000,37614000000,9219000000,18887000000,476000000,0,10143000000,26346000000,7320000000,3108000000,3108000000,2.36,2.33,0.47,3486000000,-2675000000,-2295000000,-1580000000,8229000000,169000000,75.41,80,70.83,0.8348,0.2555,14.45,5.89,6.99,3.13,0.1797,1.3949,0.3315,0.4443,0.58,2.54,2.2177
2016-09-30,1317456071,1317456071,1,56609000000,21425000000,39249000000,11073000000,16868000000,492000000,0,10558000000,26371000000,7500000000,3330000000,3330000000,2.52,2.49,0.47,4330000000,-3917000000,2860000000,3324000000,9809000000,198000000,82.76,88.85,76.67,0.9373,0.2925,12.8,7.03,7.29,2.66,0.1592,1.5634,0.298,0.4775,0.61,3.14,1.9349
2016-06-30,1319658489,1319658489,1,49980000000,18353000000,33865000000,10444000000,15536000000,579000000,0,10885000000,21427000000,7776000000,3497000000,3497000000,2.62,2.58,0.47,4940000000,-3284000000,-1516000000,170000000,6485000000,204000000,90.51,103.1,77.92,None,0.3266,11.77,9,7.74,2.19,0.1468,1.3792,0.3108,0.505,0.65,3.59,1.7573
2016-03-31,1331821506,1331821506,1,47765000000,19267000000,33746000000,10910000000,13398000000,621000000,0,11095000000,21077000000,7794000000,3566000000,3566000000,2.58,2.53,0.43,3913000000,-2109000000,-8396000000,-6536000000,6315000000,177000000,91.28,100.68,81.89,None,0.3662,10.06,6.73,7.65,1.72,0.139,1.5731,0.2805,0.5281,0.69,2.81,1.766
2015-12-31,1366845691,1366845691,1,51839000000,24763000000,32726000000,9891000000,18534000000,579000000,0,11419000000,21195000000,8506000000,4683000000,4683000000,3.28,3.19,0.43,4874000000,-2438000000,-3544000000,-1114000000,12851000000,166000000,102.74,111.11,94.37,None,0.4025,13.56,8.5,9.43,1.29,0.1015,1.1436,0.3575,0.5548,0.73,3.44,2.5036
2015-09-30,1441180186,1441180186,1,50637000000,25910000000,32689000000,9360000000,17414000000,534000000,0,11626000000,21894000000,8295000000,4600000000,4600000000,3.14,3.06,0.43,4096000000,-4186000000,6644000000,6548000000,13965000000,286000000,103.19,120.37,86,None,0.4155,12.08,9.3,10.85,0.86,0.074,1.2573,0.3439,0.5378,0.77,2.64,2.7682
2015-06-30,1467605502,1467605502,1,39167000000,18093000000,22533000000,8925000000,16287000000,347000000,0,11832000000,11922000000,8244000000,4492000000,4492000000,3.05,2.92,0.43,5658000000,-3552000000,-5341000000,-3218000000,7417000000,171000000,109.38,123.37,95.38,0.9634,0.4268,11.1,9.36,12.44,0.43,0.042,0.732,0.4158,0.5153,0.83,3.74,2.0272
2015-03-31,1469605980,1469605980,1,38321000000,20062000000,20733000000,7428000000,17180000000,408000000,0,12039000000,11921000000,7594000000,4333000000,4333000000,2.91,2.76,0,5701000000,-2299000000,-2722000000,608000000,10635000000,124000000,100.47,107.77,93.18,0.9127,0.4272,11.69,9.7,13.65,0,0,0.6939,0.4483,0.5169,0.83,3.79,2.7009
2014-12-31,1489401683,1489401683,1,34664000000,17714000000,18845000000,5761000000,15426000000,393000000,0,12245000000,11921000000,7314269000,3486723000,3486723000,2.31,2.16,0,3020667000,-404759000,1233876000,3817746000,10027000000,167451000,101.39,116.83,85.95,0.8278,0.3942,10.36,11.28,17.95,0,0,0.7728,0.445,0.4862,0.81,1.92,3.0748
2014-09-30,1508664333,1508664333,1,28844393000,12562031000,14980783000,6054952000,13566223000,297387000,0,12478108000,7933040000,6041832000,2731274000,2731274000,1.8,1.67,0,4044022000,-770053000,-5771421000,-2521462000,6209060000,135062000,96.98,110.64,83.32,0.6914,0.3401,8.99,9.11,21.79,0,0,0.5848,0.4703,0.4545,0.75,2.59,2.0747
2014-06-30,1511670456,1511670456,1,31206164000,15499339000,14776822000,6227997000,16090629000,338713000,0,12679880000,7932536000,6534943000,3655593000,3655593000,2.39,2.2,0,4185293000,-487248000,-1371591000,2326369000,8730522000,90997000,73.97,84.45,63.5,0.5771,0.2864,10.64,8.48,27.3,0,0,0.493,0.5156,0.428,0.67,2.71,2.4887
2014-03-31,1535682107,1535682107,1,28077692000,12970629000,14375498000,5914776000,13387322000,314872000,0,12879391000,7932032000,4998956000,2227410000,2227410000,1.45,1.33,0,1568018000,-160940000,2884136000,4291347000,6404153000,163490000,76.25,84.88,67.63,0.392,0.1915,8.72,10.32,42.13,0,0,0.5925,0.4768,0.3351,0.57,0.91,2.1929
2013-12-31,1538252914,1538252914,1,22496785000,7273753000,10752284000,6325421000,11369067000,375434000,0,13069129000,3938708000,3119826000,791411000,791411000,0.52,0.45,0,726787000,216410000,-845059000,102070000,2112806000,203472000,67.46,76.11,58.81,0.2828,0.137,7.39,9.5,36.86,0,0,0.3464,0.5054,0.2745,0.5,0.34,1.1499
2013-09-30,1533349106,1533349106,1,22468428000,6968061000,11275955000,4895124000,10883610000,308863000,0,13222614000,5856093000,2782833000,788606000,788606000,0.51,0.47,0,753096000,-8032000,-942233000,-191440000,2010736000,37180000,58.08,64.74,51.42,0.295,0.138,7.1,8.01,32.54,0,0,0.5381,0.4844,0.2864,0.48,0.47,1.4235
2013-06-30,1530626021,1530626021,1,22624374000,7072529000,11280990000,4937138000,11092000000,251384000,0,13244159000,5849552000,2767394000,772605000,772605000,0.51,0.46,0,953004000,-55477000,-557648000,338204000,2202176000,45276000,52.3,58.07,46.53,0.3006,0.1352,7.25,7.85,29.38,0,0,0.5274,0.4903,0.2853,0.47,0.59,1.4325
2013-03-31,1525355825,1525355825,1,22211668000,6663097000,11819195000,4290215000,10152231000,240242000,0,13265705000,7054796000,2531635000,722186000,722186000,0.47,0.43,0,672101000,-407256000,-199001000,60278000,1863972000,38854000,43.21,49.48,36.94,0.319,0.1355,6.66,7.06,26.43,0,0,0.6949,0.4571,0.289,0.47,0.42,1.5531
2012-12-31,1522392518,1522392518,1,21239838000,6156347000,11688969000,4270020000,9309739000,241130000,0,12797312000,7054555000,2588285000,772456000,772456000,0.5,0.47,0,705728000,50070000,-509851000,252984000,1803694000,13847000,35.3,38.17,32.43,0.312,0.1254,6.12,6.21,22.06,0,0,0.7578,0.4383,0.2671,0.47,0.45,1.4418
2012-09-30,757648151,1515296302,2,20963829000,5880379000,12213667000,4802148000,8603642000,146520000,0,12814273000,7040382000,2426597000,675505000,675505000,0.89,0.85,0,745368000,-518044000,-307514000,-74790000,1550710000,180000000,29.61,33.88,25.33,0.3241,0.1262,5.68,5.6,17.95,0,0,0.8183,0.4104,0.2667,0.47,0.37,1.2245
2012-06-30,756568507,1513137014,2,20501950000,5844102000,12418563000,4986674000,8002120000,81267000,0,12830110000,7126377000,2405186000,706074000,706074000,0.94,0.91,0,1290651000,-634964000,-474879000,173558000,1625500000,180000000,24.54,26.36,22.71,0.3621,0.1449,5.29,5.08,14.78,0,0,0.8906,0.3903,0.283,0.51,0.73,1.1719
2012-03-31,757321824,1514643648,2,19950386000,5826532000,12586302000,4187904000,7313612000,50472000,0,12845946000,8077246000,2282449000,437531000,437531000,0.58,0.57,0,452969000,-10743116000,1855590000,-8431835000,1451942000,23199000,24.48,28.02,20.93,0.3952,0.1655,4.83,5.5,13.79,0,0,1.1044,0.3666,0.2963,0.56,0.28,1.3913
2011-12-31,757315361,1514630722,2,17303134000,13918785000,10435785000,2514790000,6738856000,128493000,0,2066966000,7605734000,2200378000,665145000,665145000,0.88,0.87,0,978107000,4440336000,3526620000,8974418000,9883777000,26110000,19.36,21.49,17.23,0.4513,0.2016,4.45,4.76,11.22,0,0,1.1286,0.3895,0.3343,0.6,0.63,5.5348
2011-09-30,751139232,1502278464,2,12639898000,6147267000,6406692000,2224431000,6116764000,116442000,0,1296932000,3891758000,2121660000,741124000,741124000,0.97,0.95,0,897106000,-80320000,-876199000,3580000,909359000,64289000,19.7,21.75,17.64,0.4618,0.2218,4.07,5.03,11.83,0,0,0.6362,0.4839,0.3382,0.66,0.55,2.7635
2011-06-30,771455146,1542910292,2,12694140000,6219045000,6482809000,2310841000,6046845000,164486000,0,1296932000,3870846000,2137253000,746227000,746227000,0.95,0.93,0,943255000,-469790000,-1371962000,-930199000,905779000,26635000,20.43,21.46,19.39,0.4637,0.2242,3.92,5.4,12.81,0,0,0.6401,0.4763,0.3415,0.66,0.59,2.6912
2011-03-31,787054365,1574108730,2,12987354000,6851132000,6811993000,2768765000,5946253000,229108000,0,781086000,3850130000,1926094000,651141000,651141000,0.82,0.8,0,820542000,-300381000,485110000,928099000,1835978000,14870000,19.83,21.45,18.21,0.4481,0.2319,3.78,5.37,11.98,0,0,0.6475,0.4578,0.3463,0.67,0.51,2.4744
2010-12-31,795264644,1590529288,2,11592630000,5708082000,5470793000,2464950000,5863729000,258108000,0,1425592000,2838573000,1998687000,629419000,629419000,0.77,0.77,0,724843000,-407816000,-459656000,-115114000,907879000,23361000,18.99,20.36,17.63,0.4556,0.2623,3.69,5.41,11.17,0,0,0.4841,0.5058,0.365,0.72,0.44,2.3157
2010-09-30,811867667,1623735334,2,11455591000,6031947000,5576819000,2590108000,5706314000,172458000,0,1576573000,2818708000,1937656000,704876000,704876000,0.85,0.83,0,739422000,-1394129000,270450000,-459646000,1022993000,10806000,17.13,18.38,15.87,0.4733,0.2904,3.51,4.38,10.41,0,0,0.494,0.4981,0.3851,0.75,0.45,2.3288
2010-06-30,838632586,1677265172,2,10496708000,5709014000,3796708000,3105723000,6562495000,137505000,0,1494813000,562612000,1927224000,712061000,712061000,0.81,0.79,0,699079000,932972000,-1165536000,545759000,1482639000,16051000,19.87,23.31,16.42,0.4695,0.3055,3.91,4.81,12.78,0,0,0.0857,0.6252,0.3877,0.79,0.41,1.8382
2010-03-31,889915070,1779830140,2,10695998000,5124228000,3193326000,1887651000,7341996000,160676000,0,1509794000,1170099000,2085853000,854901000,854901000,0.95,0.92,0,670569000,-1068778000,16032000,-336078000,936880000,11666000,23.05,24.75,21.35,0.4728,0.3077,4.13,6.55,16.35,0,0,0.1594,0.6864,0.3835,0.8,0.37,2.7146
2009-12-31,903378986,1806757972,2,9698559000,4812558000,3193401000,1871631000,6367065000,138093000,0,1524777000,1155443000,2032379000,802212000,802212000,0.88,0.86,0,955276000,-397684000,-324079000,248359000,1272958000,26987000,22.46,23.77,21.16,0.4791,0.3052,3.52,7.15,17.48,0,0,0.1815,0.6565,0.3759,0.81,0.51,2.5713
2009-09-30,899925051,1799850102,2,8936980000,4297610000,3184823000,1889249000,5646538000,105619000,0,1555602000,1140887000,1801389000,673033000,673033000,0.75,0.72,0,860531000,-426649000,-425325000,-16275000,1024599000,18125000,23.45,25,21.91,0.4854,0.3015,3.14,8.17,19.79,0,0,0.2021,0.6318,0.3748,0.8,0.47,2.2748
2009-06-30,904261310,1808522620,2,8387092000,4001307000,3073123000,1777882000,5189851000,124118000,0,1570790000,1126401000,1647155000,571398000,571398000,0.63,0.61,0,622917000,-1063178000,-156293000,-622772000,1040874000,20874000,22.45,24.23,20.66,0.4877,0.2987,2.87,8.47,20.23,0,0,0.217,0.6188,0.3735,0.8,0.33,2.2506
2009-03-31,906395631,1812791262,2,7519914000,4615915000,2502631000,1261797000,4804089000,213194000,0,0,1111866000,1530460000,589112000,589112000,0.65,0.63,0,641330000,-328389000,-145741000,204344000,1663646000,164071000,23.48,26.64,20.31,0.4982,0.3003,2.65,10.3,22.36,0,0,0.2314,0.6388,0.3752,0.8,0.26,3.6582
2008-12-31,910954602,1821909204,2,7018574000,4300281000,2673077000,1220992000,4152487000,193010000,0,0,1299854000,1428205000,568194000,568194000,0.62,0.61,0,646030000,238575000,-648166000,249878000,1459302000,41660000,21.96,26.13,17.8,0.5217,0.3048,2.28,9.59,22.99,0,0,0.313,0.5916,0.3769,0.81,0.33,3.522
2008-09-30,910509730,1821019460,2,6974128000,4326683000,2680582000,1259134000,4165910000,127636000,0,0,1299854000,1371268000,504005000,504005000,0.55,0.52,0,555217000,-319078000,-177655000,89825000,1209424000,31398000,24.36,28.82,19.9,0.501,0.2927,2.29,11.88,26.92,0,0,0.312,0.5973,0.3688,0.79,0.29,3.4362
2008-06-30,919914999,1839829998,2,6517417000,3669377000,2652097000,2451334000,3772225000,93095000,0,0,0,1278125000,442828000,442828000,0.48,0.46,0,426314000,24900000,-48714000,396715000,1119599000,25198000,26.63,28.48,24.79,0.5136,0.2954,2.05,14.79,30.09,0,0,0,0.5788,0.3708,0.8,0.22,1.4969
2008-03-31,922469379,1844938758,2,5879003000,2948257000,2439510000,939005000,3329482000,110011000,0,0,1300000000,1258152000,496127000,496127000,0.53,0.51,0,577098000,-123216000,-661309000,-245202000,722884000,16749000,23.45,25.82,21.08,0.5559,0.3118,1.8,12.61,27.83,0,0,0.3905,0.5663,0.3821,0.82,0.3,3.1398
2007-12-31,928870032,1857740064,2,5834716000,3028292000,2234427000,736275000,3459990000,140299000,0,0,1300000000,1094723000,401642000,401642000,0.43,0.42,0,511986000,-129976000,15337000,383958000,968086000,19322000,22.17,23.95,20.4,0.5711,0.3137,1.86,13.86,None,0,0,0.3757,0.593,0.3819,0.82,0.27,4.113
2007-09-30,930771986,1861543972,2,5317575000,2545043000,2335730000,691439000,2981845000,0,0,129898000,1300000000,1058803000,398319000,398319000,0.43,0.42,0,251198000,-400738000,54152000,-117520000,584128000,12496000,19.14,20.68,17.61,-0.187,-0.0959,1.6,14.28,None,0,None,0.436,0.5608,None,0.86,0.13,3.6808
2007-06-30,926358639,1852717278,2,4825780000,2447174000,2336717000,751725000,2489063000,0,0,130188000,1300000000,1048089000,407930000,407930000,0.44,0.42,0,511721000,-181322000,-355007000,-27494000,701648000,21789000,20.02,21.12,18.93,-0.3615,-0.1917,1.34,15.64,None,0,None,0.5223,0.5158,None,0.79,0.26,3.2554
2007-03-31,466916711,1867666844,4,4615379000,2440559000,2232700000,710486000,2382679000,0,0,131409000,1300000000,1028430000,407407000,407407000,0.88,0.85,0,490493000,-590431000,18219000,-86865000,729142000,25041000,17.38,19.27,15.48,-0.3909,-0.218,1.28,17.73,None,0,None,0.5456,0.5162,None,0.7,0.25,3.4351
2006-12-31,464663916,1858655664,4,4085981000,2429206000,2270263000,764276000,1815718000,0,0,0,1300000000,899226000,-1665647000,-1665647000,-3.62,-3.62,0,479508000,-237470000,19427000,256427000,816007000,30213000,16.44,17.5,15.38,-0.4068,-0.2559,0.98,9.18,41.36,0,None,0.716,0.4444,None,0.65,0.24,3.1784
2006-09-30,459826913,1839307652,4,5299132000,4032400000,2000302000,581829000,3298830000,0,0,0,1300000000,748733000,-52164000,-52164000,-0.11,-0.11,0,250758000,-587143000,15058000,-324869000,559580000,41411000,15.91,17.32,14.51,0.2346,0.1657,1.79,9.09,30.6,0,0,0.3941,0.6225,0.2768,0.6,0.11,6.9306
2006-06-30,456841173,1827364692,4,5179648000,2491869000,1981734000,507968000,3197914000,0,0,0,1300000000,685302000,265150000,265150000,0.58,0.56,0,265899000,-224727000,589999000,615772000,884449000,19326000,14.85,16.55,13.14,0.3233,0.2487,1.75,7.98,30.78,0,0,0.4065,0.6174,0.3985,0.62,0.13,4.9056
2006-03-31,455016054,1820064216,4,4036534000,3375405000,648121000,421903000,3388413000,0,0,0,184382000,692878000,262704000,262704000,0.57,0.55,0,221894000,-689994000,24777000,-439236000,268677000,14258000,14.64,16.16,13.12,0.3219,0.2743,1.86,8.93,34.05,0,0,0.0544,0.8394,0.4014,0.68,0.11,8.0004
2005-12-31,462284636,1849138544,4,3764651000,3092208000,736873000,455338000,3027778000,0,0,0,240000000,609266000,281602000,281602000,0.62,0.59,0,340449000,-561234000,334905000,115191000,707913000,13042000,12.66,14.13,11.18,0.3223,0.2773,1.64,8.85,36.7,0,0,0.0793,0.8043,0.4013,0.69,0.18,6.791
2005-09-30,457918576,1831674304,4,2918685000,2297715000,300355000,267866000,2618330000,0,0,0,291000,493451000,179232000,179232000,0.39,0.38,0,-144234000,-84256000,29886000,-200896000,592722000,11286000,11.18,12.3,10.06,0.2873,0.2537,1.43,8.53,35.78,0,0,0.0001,0.8971,0.3592,0.71,-0.08,8.5779
2005-06-30,455928007,1823712028,4,2688114000,2384820000,295340000,261190000,2392774000,0,0,0,293000,495269000,195967000,195967000,0.43,0.41,0,291640000,181080000,59954000,511677000,793618000,14748000,10.11,11.54,8.69,0.2987,0.2507,1.31,8.87,37.27,0,0,0.0001,0.8901,0.3556,0.71,0.15,9.1306
2005-03-31,451811824,1807247296,4,2369483000,2070244000,306131000,270219000,2063352000,0,0,0,259000,430414000,157113000,157113000,0.35,0.34,0,227225000,-227506000,17151000,1032000,281941000,8875000,8.35,9.1,7.6,0.2984,0.2366,1.14,8.03,33.57,0,0,0.0001,0.8708,0.3403,0.7,0.12,7.6614
2004-12-31,449881860,1799527440,4,2155963000,1849694000,285091000,253453000,1870872000,0,0,0,234000,369585000,110244000,110244000,0.25,0.25,0,124048000,-147632000,22343000,-20541000,280909000,22270000,8.9,9.78,8.02,0.3173,0.2357,1.04,10.99,25.61,0,0,0.0001,0.8678,0.3392,0.69,0.06,7.298
2004-09-30,432916187,1731664748,4,1985676000,1707367000,590404000,217526000,1395272000,0,0,0,345000000,326187000,113240000,113240000,0.26,0.25,0,166636000,-110291000,16624000,74887000,301450000,10899000,8.16,9.37,6.95,0.4433,0.3028,0.81,11.03,25.01,0,0,0.2473,0.7027,0.4363,0.69,0.09,7.849
2004-06-30,215283438,1722267504,8,1808467000,1531776000,541304000,174829000,1267163000,0,0,0,345000000,319722000,111459000,111459000,0.52,0.49,0,122488000,-80397000,28798000,70978000,226563000,12842000,7.62,8.47,6.77,0.5147,0.3168,0.74,11.55,23.63,0,0,0.2723,0.7007,0.4498,0.7,0.06,8.7616
2004-03-31,214322265,1714578120,8,1675522000,1395014000,543425000,175789000,1132097000,0,0,0,345000000,309127000,114428000,114428000,0.54,0.5,0,98206000,-152508000,10894000,-39134000,155585000,5355000,7.38,8.31,6.44,0.6672,0.3511,0.66,12.51,None,0,0,0.3047,0.6757,0.4748,0.74,0.05,7.9357
2003-12-31,213780787,1710246296,8,1554722000,1265898000,551748000,185895000,1002974000,0,0,0,345000000,263517000,192583000,192583000,0.95,1.29,0,99913000,-15404000,13813000,91402000,194719000,20928000,7,7.71,6.28,-0.1477,-0.0608,0.59,26.92,None,0,None,0.344,0.6451,None,0.73,0.05,6.8097
2003-09-30,202504808,1620038464,8,1168141000,926997000,749809000,133402000,418332000,0,0,0,595000000,200372000,73096000,73096000,0.36,0.33,0,54310000,-140391000,20217000,-66038000,103317000,132868000,7.75,8.83,6.67,-0.6038,-0.2048,0.26,38.75,None,0,None,1.4223,0.3581,None,0.67,-0.05,6.9489
2003-06-30,201355391,1610843128,8,1074862000,963771000,747856000,136589000,327006000,0,0,0,595000000,238870000,100372000,100372000,0.5,0.46,0,59442000,-23197000,23462000,51878000,169355000,5143000,6.12,7.17,5.07,-0.6939,-0.2692,0.2,47.08,None,0,None,1.8195,0.3042,None,0.65,0.03,7.056
2003-03-31,200038154,1600305232,8,942770000,832453000,741588000,130012000,201182000,0,0,0,595000000,165105000,-438054000,-438054000,-2.21,-2.21,0,20942000,-548353000,24599000,-499454000,117477000,2670000,4.65,5.4,3.9,-0.8177,-0.3692,0.13,12.92,109.41,0,None,2.9575,0.2134,None,0.56,0.01,6.4029
2002-12-31,198503361,1588026888,8,1288183000,1183760000,716842000,104892000,571341000,0,0,0,595000000,145027000,35479000,35479000,0.18,0.16,0,35548000,120186000,349570000,495323000,616931000,5075000,4.42,5,3.83,0.1423,0.0765,0.36,13.39,48.44,0,0,1.0414,0.4435,0.1545,0.5,0.02,11.2855
2002-09-30,196682438,1573459504,8,876227000,788135000,353398000,85476000,522829000,0,0,0,250000000,133984000,20757000,20757000,0.11,0.1,0,60766000,-27608000,7694000,38451000,121608000,4251000,3.96,4.66,3.26,0.3526,0.2054,0.33,13.2,63.36,0,0,0.4782,0.5967,0.4246,0.48,0.04,9.2205
2002-06-30,195844405,1566755240,8,815972000,726323000,339936000,82692000,476036000,0,0,0,250000000,109363000,19711000,19711000,0.1,0.1,0,1210000,-3910000,11557000,6920000,122006000,5241000,4.14,4.77,3.51,0.2904,0.1613,0.3,14.28,144,0,0,0.5252,0.5834,0.3905,0.41,-0,8.7835
2002-03-31,194850111,1558800888,8,787737000,700644000,330793000,69082000,456944000,0,0,0,250000000,78416000,-3850000,-3850000,-0.02,-0.02,0,-23115000,-42846000,17788000,-47253000,115086000,3030000,4.25,4.88,3.62,0.1844,0.0984,0.29,14.66,251.85,0,0,0.5471,0.5801,0.2758,0.36,-0.02,10.1422
2001-12-31,193999216,1551993728,8,794786000,707759000,342349000,80117000,452437000,0,0,0,250000000,74331000,131577000,131577000,0.69,0.55,0,4630000,104378000,16718000,124993000,162339000,9670000,4.01,4.61,3.41,0.1494,0.0768,0.29,21.11,None,0,0,0.5526,0.5693,0.2236,0.34,-0,8.8341
2001-09-30,95943935,1535102960,16,632935000,544607000,334796000,71744000,298139000,0,0,0,250000000,50915000,-25196000,-25196000,-0.26,-0.26,0,-31099000,17708000,3720000,-9575000,37346000,5622000,3.42,3.97,2.86,-0.3346,-0.1667,0.19,16.29,None,0,None,0.8385,0.471,None,0.33,-0.02,7.591
2001-06-30,95206066,1523297056,16,636662000,546191000,322247000,56690000,314415000,0,0,0,250000000,50687000,-32387000,-32387000,-0.34,-0.34,0,-31415000,-10304000,11689000,-30482000,46921000,7783000,2.83,3.87,1.8,-0.2934,-0.1677,0.21,12.86,None,0,None,0.7951,0.4938,None,0.35,-0.03,9.6347
2001-03-31,94696787,1515148592,16,657545000,570378000,323205000,55202000,334340000,0,0,0,250000000,57836000,-21723000,-21723000,-0.23,-0.23,0,-30248000,-91002000,1423000,-119889000,77403000,3254000,2.08,2.61,1.55,-0.2133,-0.1318,0.22,9.04,None,0,None,0.7477,0.5085,None,0.38,-0.02,10.3326
2000-12-31,94353314,1509653024,16,678099000,593798000,326975000,58238000,351124000,0,0,0,250000000,55265000,-29265000,-29265000,-0.31,-0.31,0,-23408000,-68872000,244940000,153918000,197292000,4046000,2.69,3.46,1.91,-0.1707,-0.1144,0.23,10.76,None,0,None,0.712,0.5178,None,0.39,-0.02,10.1961
2000-09-30,47039625,1505268000,32,435915000,369840000,59815000,50632000,376100000,0,0,0,0,45089000,-17564000,-17564000,-0.38,-0.38,0,-9761000,-1415000,10724000,634000,43374000,5602000,2.88,3.69,2.06,-0.1028,-0.0753,0.25,14.4,None,0,None,0,0.8628,None,0.59,-0.01,7.3045
2000-06-30,46719306,1495017792,32,436537000,371447000,134330000,44630000,302207000,0,0,0,79508000,49979000,-4186000,-4186000,-0.09,-0.09,0,526000,-353000,4298000,5444000,42740000,2249000,1.87,2.39,1.35,-0.152,-0.1038,0.2,8.9,None,0,None,0.2631,0.6923,None,0.57,-0,8.3228
2000-03-31,44556597,1425811104,32,434322000,367606000,133279000,42673000,301043000,0,0,0,79508000,45222000,-5761000,-5761000,-0.13,-0.13,0,-5559000,-13563000,9083000,-9715000,37296000,3724000,2.03,2.66,1.4,-0.1976,-0.1418,0.21,9.67,None,0,None,0.2641,0.6931,None,0.53,-0.01,8.6145
1999-12-31,44388828,1420442496,32,436808000,371981000,139516000,47877000,297292000,0,0,0,79533000,116972000,-5299000,-5299000,-0.08,-0.08,0,-8794000,-18551000,2911000,-23782000,47011000,4978000,1.73,2.31,1.16,-0.2416,-0.1838,0.21,8.24,None,0,None,0.2675,0.6806,None,0.47,-0.01,7.7695
1999-09-30,43925623,1405619936,32,449192000,387678000,149393000,56841000,299799000,0,0,0,79558000,38390000,-30365000,-30365000,-0.7,-0.7,0,-13462000,-44644000,14799000,-43307000,70793000,3502000,2.26,2.89,1.63,-0.2885,-0.2361,0.21,9.04,None,0,None,0.2654,0.6674,None,0.19,-0.01,6.8204
1999-06-30,31159325,997098400,32,272120000,255449000,27225000,27018000,244895000,0,0,0,207000,8680000,-15035000,-15035000,-0.48,-0.48,0,-23032000,8139000,1784000,-13109000,45339000,1169000,1.38,1.63,1.13,-0.2443,-0.2192,0.25,5.31,None,0,None,0.0008,0.9,None,0.09,-0.02,9.4548
1999-03-31,31044745,993431840,32,288619000,272043000,29683000,29308000,258936000,0,0,0,375000,4937000,-15787000,-15787000,-0.51,-0.51,0,-17262000,38754000,4481000,25973000,58448000,2702000,1.45,1.77,1.12,-0.2314,-0.2077,0.26,5.37,None,0,None,0.0014,0.8972,None,0.08,-0.02,9.2822
1998-12-31,30884298,988297536,32,302860000,288310000,32313000,31750000,270547000,0,0,0,563000,8936000,-16288000,-16288000,-0.53,-0.53,0,-16298000,3019000,2587000,-10692000,32475000,1108000,0.94,1.28,0.59,-0.1922,-0.1722,0.27,3.24,None,0,None,0.0021,0.8933,None,0.1,-0.02,9.0806
1998-09-30,30531399,977004768,32,316704000,305571000,32045000,31298000,284659000,0,0,0,747000,3038000,-17559000,-17559000,-0.58,-0.58,0,-17932000,23556000,522000,6146000,43167000,335000,0.76,0.95,0.57,-0.1721,-0.1545,0.29,2.45,None,0,None,0.0026,0.8988,None,0.1,-0.02,9.7633
1998-06-30,30479495,975343840,32,333305000,321792000,32852000,31917000,300453000,0,0,0,935000,7036000,-14844000,-14844000,-0.49,-0.49,0,-5713000,5252000,3169000,2708000,37021000,206000,1.17,1.35,0.99,-0.1434,-0.1301,0.31,3.66,None,0,None,0.0031,0.9014,None,0.1,-0.01,10.0822
1998-03-31,30204790,966553280,32,349421000,337406000,38006000,36877000,311415000,0,0,0,1129000,13560000,-7384000,-7384000,-0.25,-0.25,0,-6780000,8219000,884000,2323000,34313000,848000,1.21,1.33,1.09,-0.0854,-0.0782,0.32,3.67,None,0,None,0.0036,0.8912,None,0.14,-0.01,9.1495
1997-12-31,30131484,964207488,32,352069000,340258000,34722000,33391000,317347000,0,0,0,1331000,9908000,-12425000,-12425000,-0.45,None,0,-12204000,-4582000,3106000,-13680000,31990000,750000,1.21,1.4,1.02,-0.0889,-0.0819,0.33,3.56,None,0,None,0.0042,0.9014,None,0.12,-0.01,10.1901
1997-09-30,29733935,951485920,32,348154000,336510000,22350000,20780000,325804000,0,0,0,1570000,4937000,-10331000,-10331000,-0.35,None,0,-9352000,-88164000,4225000,-93291000,45670000,446000,1.1,1.44,0.76,-0.0767,-0.0714,0.34,3.14,None,0,None,0.0048,0.9358,None,0.11,-0.01,16.1939
1997-06-30,29262538,936401216,32,353960000,342038000,23354000,21526000,330606000,0,0,0,1828000,19726000,2711000,2711000,0.09,None,0,-838000,-6133000,41190000,34219000,138961000,879000,0.84,1,0.68,-0.0133,None,0.35,2.71,None,0,None,0.0055,0.934,None,0.17,-0,15.8895
1997-03-31,29037447,929198304,32,312400000,300734000,27086000,24871000,285314000,0,0,0,2215000,5466000,-7948000,-7948000,-0.27,None,0,2534000,-31056000,1280000,-27242000,104742000,1786000,0.89,1.07,0.71,-0.065,None,0.31,2.87,None,0,None,0.0078,0.9133,None,0.12,0,12.0918
1996-12-31,28996918,927901376,32,310673000,300253000,19013000,16099000,291660000,0,0,0,2914000,5781000,-8082000,-8082000,-0.3,None,0,3970000,-31803000,3774000,-24059000,131984000,2162000,0.79,0.9,0.67,None,None,0.31,2.39,None,0,None,0.01,0.9388,None,None,0,18.6504
1996-09-30,28559023,913888736,32,315445000,306627000,17546000,16054000,297899000,0,0,0,1492000,24654000,9310000,9310000,0.3,None,0,-77000,-26555000,-243000,-26875000,156043000,441000,0.74,0.93,0.54,None,None,0.33,2.31,None,0,None,0.005,0.9444,None,None,-0,19.0997
1996-06-30,28486798,911577536,32,303960000,295171000,16681000,14591000,287279000,0,0,0,2090000,2206000,-12158000,-12158000,-0.43,None,0,-12864000,145740000,678000,133554000,182918000,710000,0.95,1.22,0.68,None,None,0.32,2.88,None,0,None,0.0073,0.9451,None,None,-0.01,20.2297
1996-03-31,28322049,906305568,32,315433000,306343000,17762000,14950000,297671000,0,0,0,2812000,779000,-10802000,-10802000,-0.42,None,0,-7493000,-126927000,156364000,21944000,49364000,414000,1.07,1.31,0.84,None,None,0.33,None,None,0,None,0.0094,0.9437,None,None,-0.01,20.4912
