"Quarter end","Shares","Shares split adjusted","Split factor","Assets","Current Assets","Liabilities","Current Liabilities","Shareholders equity","Non-controlling interest","Preferred equity","Goodwill & intangibles","Long-term debt","Revenue","Earnings","Earnings available for common stockholders","EPS basic","EPS diluted","Dividend per share","Cash from operating activities","Cash from investing activities","Cash from financing activities","Cash change during period","Cash at end of period","Capital expenditures","Price","Price high","Price low","ROE","ROA","Book value of equity per share","P/B ratio","P/E ratio","Cumulative dividends per share","Dividend payout ratio","Long-term debt to equity ratio","Equity to assets ratio","Net margin","Asset turnover","Free cash flow per share","Current ratio"
2019-06-30,218325839,218325839,1,12863000000,1488000000,7045000000,1042000000,3066000000,2752000000,0,111000000,4701000000,1502000000,283000000,283000000,1.28,1.28,0.3,387000000,-16000000,-184000000,187000000,858000000,16000000,43.55,47.92,39.17,0.1456,0.0418,14.04,3.26,31.79,7.63,0.5928,1.5333,0.2384,0.0967,0.36,1.7,1.428
2019-03-31,221077667,221077667,1,12942000000,1412000000,7272000000,826000000,2955000000,2715000000,0,115000000,4700000000,1001000000,90000000,90000000,0.4,0.4,0.3,306000000,-75000000,-242000000,-11000000,671000000,75000000,42.7,46.51,38.9,0.0983,0.0332,13.37,3.22,34.44,7.33,0.8595,1.5905,0.2283,0.0709,0.35,1.04,1.7094
2018-12-31,222890557,222890557,1,12661000000,1274000000,6930000000,705000000,2958000000,2773000000,0,2468000000,4698000000,1132000000,95000000,49000000,0.22,0.21,0.3,254000000,-137000000,-456000000,-340000000,682000000,137000000,48.25,56.51,39.99,0.0856,0.0327,13.27,3.24,16.08,7.03,0.9523,1.5882,0.2336,0.0655,0.34,0.52,1.8071
2018-09-30,230791461,230791461,1,13156000000,1597000000,6993000000,788000000,3436000000,2727000000,0,2480000000,4697000000,1040000000,71000000,30000000,0.13,0.13,0.3,645000000,-120000000,-231000000,294000000,1022000000,130000000,48.48,55.47,41.49,0.1994,0.0629,14.89,3.18,19.39,6.73,0.3956,1.367,0.2612,0.1606,0.33,2.23,2.0266
2018-06-30,233468663,233468663,1,12987000000,1348000000,6665000000,482000000,3556000000,2766000000,0,2485000000,4695000000,1300000000,174000000,148000000,0.63,0.63,0.3,316000000,-63000000,-456000000,-208000000,728000000,69000000,40.95,46.2,35.7,0.1695,0.0508,15.23,2.66,21.78,6.43,0.4754,1.3203,0.2738,0.1394,0.31,1.06,2.7967
2018-03-31,233359653,233359653,1,13522000000,1660000000,6857000000,626000000,3594000000,3071000000,0,2512000000,4693000000,957000000,88000000,63000000,0.27,0.27,0.3,282000000,-55000000,-127000000,101000000,936000000,60000000,40.45,45,35.9,0.1305,0.0385,15.4,2.64,26.79,6.13,0.6305,1.3058,0.2658,0.1096,0.29,0.95,2.6518
2017-12-31,233292049,233292049,1,13463000000,1465000000,6779000000,580000000,3579000000,3105000000,0,2500000000,4692000000,1099000000,503000000,465000000,1.98,1.97,0.3,230000000,-157000000,-1229000000,-1157000000,835000000,176000000,38.46,43.42,33.5,0.1077,0.0308,15.34,2.83,None,5.83,0.7818,1.311,0.2658,0.0867,0.28,0.23,2.5259
2017-09-30,233260048,233260048,1,14857000000,2651000000,8617000000,1551000000,3167000000,3073000000,0,2499000000,4988000000,870000000,-68000000,-87000000,-0.37,-0.37,0.3,214000000,-94000000,-136000000,-9000000,1992000000,104000000,31.89,36.51,27.27,-0.1307,-0.0282,13.58,2.27,None,5.53,None,1.575,0.2132,None,0.26,0.47,1.7092
2017-06-30,233247225,233247225,1,14936000000,2675000000,8546000000,1441000000,3270000000,3120000000,0,2489000000,4986000000,1124000000,24000000,3000000,0.01,0.01,0.3,831000000,-72000000,-75000000,689000000,2001000000,87000000,27.55,30.07,25.04,-0.1076,-0.0234,14.02,1.96,None,5.23,None,1.5248,0.2189,None,0.24,3.19,1.8563
2017-03-31,233184609,233184609,1,15185000000,2805000000,8802000000,853000000,3279000000,3104000000,0,2478000000,5780000000,1037000000,-9000000,-23000000,-0.1,-0.1,0.3,356000000,-85000000,-124000000,148000000,1312000000,86000000,32.76,37.17,28.35,-0.0901,-0.0216,14.06,2.28,None,4.93,None,1.7627,0.2159,None,0.24,1.16,3.2884
2016-12-31,233114691,233114691,1,15131000000,2655000000,8639000000,686000000,3348000000,3144000000,0,2473000000,5778000000,867000000,-371000000,-320000000,-1.37,-1.37,0.3,26000000,-386000000,-30000000,-390000000,1164000000,386000000,27.3,32.61,22,-0.0727,-0.0178,14.36,1.65,94.14,4.63,None,1.7258,0.2213,None,0.24,-1.54,3.8703
2016-09-30,233114169,233114169,1,15632000000,2931000000,8652000000,966000000,3860000000,3120000000,0,2494000000,5540000000,680000000,0,-30000000,-0.13,-0.13,0.3,145000000,-433000000,-166000000,-454000000,1554000000,434000000,24.55,28.32,20.77,0.0175,0.0087,16.56,1.44,30.31,4.33,4.0248,1.4352,0.2469,0.0177,0.26,-1.24,3.0342
2016-06-30,233129911,233129911,1,15762000000,3374000000,8597000000,773000000,3984000000,3181000000,0,2503000000,5540000000,1134000000,47000000,47000000,0.2,0.2,0.3,100000000,-696000000,-82000000,-681000000,2008000000,703000000,29.5,35.84,23.15,0.0471,0.016,17.09,1.7,14.05,4.03,1.4691,1.3906,0.2528,0.0455,0.29,-2.59,4.3648
2016-03-31,233093602,233093602,1,15581000000,3520000000,8387000000,1273000000,4042000000,3152000000,0,2534000000,5539000000,1004000000,47000000,26000000,0.11,0.11,0.3,346000000,-662000000,2717000000,2403000000,2689000000,674000000,33.53,40.95,26.1,0.1215,0.0418,17.34,1.94,11.37,3.73,0.5647,1.3704,0.2594,0.1136,0.33,-1.41,2.7651
2015-12-31,233082556,233082556,1,12738900000,1127100000,8351700000,1215200000,4035200000,352000000,0,2545800000,5592700000,1115800000,36000000,26500000,0.11,0.11,0.3,132200000,-677000000,-101800000,-657200000,286000000,674700000,46.95,54.27,39.64,0.1715,0.0611,17.31,2.66,12.34,3.43,0.4006,1.386,0.3168,0.1625,0.36,-2.33,0.9275
2015-09-30,233075336,233075336,1,12869800000,1764200000,8402300000,1273600000,4112000000,355500000,0,2569600000,5592600000,927400000,97400000,90900000,0.39,0.39,0.3,572700000,-1297500000,861200000,133300000,943200000,758300000,57.1,70.32,43.88,0.221,0.0813,17.64,3.23,14.49,3.13,0.3096,1.3601,0.3195,0.2068,0.38,-0.8,1.3852
2015-06-30,233047785,233047785,1,10998400000,1366400000,6522600000,753500000,4115900000,359900000,0,2126200000,4592600000,1311500000,364800000,351900000,1.5,1.49,0.3,-32100000,-571800000,-365200000,-968900000,809900000,582400000,60.64,65.69,55.6,0.2255,0.0873,17.66,3.51,16.52,2.83,0.3015,1.1158,0.3742,0.2161,0.39,-2.64,1.8134
2015-03-31,47069448,235347240,5,11485300000,2379700000,7066800000,1311300000,4061900000,356600000,0,2126500000,4592500000,953600000,235900000,230600000,4.81,4.79,1.5,530900000,-429600000,-314300000,-217800000,1778800000,441500000,58.75,62.89,54.6,0.2116,0.0832,17.26,3.34,11.1,2.53,0.2923,1.1306,0.3537,0.1999,0.4,0.38,1.8148
2014-12-31,47907912,239539560,5,11338200000,2614500000,6765700000,979700000,4209700000,362800000,0,2134600000,4592500000,1216500000,251100000,238300000,4.84,4.84,1.5,231700000,-465400000,-420600000,-654600000,1996600000,535000000,52.98,58.06,47.89,0.3067,0.1229,17.57,2.93,9.69,2.23,0.1785,1.0909,0.3713,0.2931,0.41,-1.27,2.6687
2014-09-30,49735222,248676110,5,11659800000,3338700000,6804500000,1048800000,4497100000,358200000,0,2136800000,4592400000,921400000,140600000,130900000,2.63,2.62,1.5,621600000,-78400000,-82700000,457100000,2651200000,583400000,51.89,56.07,47.71,0.3111,0.1325,18.08,2.87,9.01,1.93,0.1569,1.0212,0.3857,0.3045,0.42,0.15,3.1834
2014-06-30,49670730,248353650,5,11304900000,3405700000,6459800000,720300000,4482300000,362800000,0,2139500000,4592400000,1472700000,324700000,312600000,6.12,6.1,1,-194700000,-268700000,-874600000,-1336100000,2194100000,288000000,49.94,53.39,46.48,0.3225,0.1441,18.05,2.63,8.04,1.63,0.1139,1.0246,0.3965,0.3144,0.44,-1.94,4.7282
2014-03-31,52073400,260367000,5,12475500000,4911100000,7167200000,1435700000,4943700000,364600000,0,2139400000,4592300000,1132600000,720400000,708500000,12.94,12.9,1,750000000,469000000,602800000,1819400000,3530200000,391100000,48.78,53.55,44.02,0.3515,0.165,18.99,2.67,9.9,1.43,0.0868,0.9289,0.3963,0.3352,0.48,1.38,3.4207
2013-12-31,55465880,277329400,5,10678100000,2630100000,5239700000,828300000,5076100000,362300000,0,2141600000,3098100000,1326300000,341400000,325800000,5.72,5.71,1,37500000,-288400000,-315000000,-575400000,1710800000,1013200000,44.25,47.88,40.61,0.2804,0.1457,18.3,2.48,8.4,1.23,0.0854,0.6103,0.4754,0.2675,0.52,-3.52,3.1753
2013-09-30,57312668,286563340,5,10799000000,3059700000,5337000000,912900000,5105900000,356100000,0,2111300000,3098000000,1097000000,243900000,234100000,4.09,4.07,0.4,861000000,-265000000,-235500000,352100000,2286200000,226800000,38.58,43.3,33.87,0.2964,0.155,17.82,2.22,6.74,1.03,0.0589,0.6067,0.4728,0.2859,0.54,2.21,3.3516
2013-06-30,57282623,286413115,5,10251600000,2719500000,4908200000,577100000,4978600000,364800000,0,2112200000,3098000000,1714900000,518100000,498200000,8.43,8.38,0.4,-110400000,-269200000,98600000,-276200000,1934100000,245500000,36.8,39.48,34.11,0.3224,0.1782,17.38,1.9,6.23,0.95,0.0545,0.6223,0.4856,0.3019,0.58,-1.24,4.7124
2013-03-31,59288007,296440035,5,10338400000,2907700000,4220700000,1285300000,5732300000,385400000,0,2113200000,1600000000,1336500000,429400000,406500000,6.53,6.47,0.4,678700000,-196700000,-528400000,-64600000,2210300000,149500000,42.32,46.69,37.95,0.3413,0.1994,19.34,2.26,7.4,0.87,0.0525,0.2791,0.5545,0.3191,0.59,1.79,2.2623
2012-12-31,63004257,315021285,5,10166900000,2807600000,3884700000,950200000,5902200000,380000000,0,2114100000,1600000000,1481400000,418600000,470700000,7.49,7.41,0.4,421300000,-292500000,-76700000,53600000,2274900000,256700000,41.84,45.3,38.38,0.347,0.1968,18.74,2.41,7.51,0.79,0.055,0.2711,0.5805,0.3029,0.62,0.52,2.9547
2012-09-30,62870583,314352915,5,10182700000,3015200000,4204600000,1193600000,5457300000,520800000,0,2115100000,1600000000,1359400000,458100000,403300000,6.43,6.35,0.4,905600000,-84200000,17700000,838300000,2221300000,99200000,41.81,45.6,38.02,0.3642,0.2052,17.36,2.61,7.96,0.71,0.0565,0.2932,0.5359,0.2865,0.67,2.57,2.5261
2012-06-30,62697305,313486525,5,9118900000,1996700000,3618700000,555300000,5019400000,480800000,0,2116000000,1600000000,1735600000,678300000,606300000,9.42,9.31,0.4,445500000,-74200000,-703600000,-330300000,1383000000,90200000,35.74,40.66,30.83,0.3719,0.1966,16.01,2.38,7.54,0.63,0.0594,0.3188,0.5504,0.2732,0.69,1.13,3.5957
2012-03-31,65637938,328189690,5,9616900000,2458400000,4256000000,1250500000,4931900000,429000000,0,2117000000,1613000000,1527600000,368400000,368400000,5.62,5.54,0.4,603200000,-62600000,-34200000,506300000,1713300000,60400000,34.51,39.1,29.92,0.3494,0.1745,15.03,2.48,7.82,0.55,0.0528,0.3271,0.5128,0.252,0.69,1.65,1.9659
2011-12-31,65476102,327380510,5,8974500000,1798600000,4041600000,1031200000,4547000000,385900000,0,2117900000,1613000000,1718400000,438900000,438900000,6.72,6.67,0.4,123800000,-124000000,-220200000,-219100000,1207000000,74600000,29.23,35.39,23.07,0.3413,0.1672,13.89,2.24,8.06,0.47,0.0433,0.3547,0.5067,0.2524,0.66,0.15,1.7442
2011-09-30,65388104,326940520,5,9245800000,2057900000,4496000000,1502500000,4262800000,487000000,0,2118800000,1613000000,1403800000,330900000,330900000,4.77,4.73,0.4,1033000000,-47700000,-917500000,70500000,1426100000,59900000,31.58,38.54,24.62,0.2965,0.1421,13.04,2.33,11.21,0.39,0.0366,0.3784,0.4611,0.2315,0.61,2.98,1.3697
2011-06-30,71753373,358766865,5,9420000000,2080400000,4088200000,1094600000,4868500000,463300000,0,2119800000,1613000000,1801700000,487400000,487400000,6.81,6.75,0.1,250900000,-18200000,-11200000,221500000,1355600000,42300000,28.57,31.68,25.46,0.2375,0.1131,13.57,2.34,16.1,0.31,0.0281,0.3313,0.5168,0.1984,0.57,0.58,1.9006
2011-03-31,71483272,357416360,5,9189900000,1808800000,4398300000,1383900000,4363100000,428500000,0,2064500000,1613000000,1174000000,282000000,282000000,3.95,3.91,0.1,671200000,16100000,-350500000,336400000,1134100000,15700000,27.38,30.77,24,0.1584,0.0723,12.21,2.41,28.11,0.29,0.0448,0.3697,0.4748,0.1371,0.53,1.83,1.307
2010-12-31,71297936,356489680,5,8758500000,1341400000,4325100000,946600000,4050400000,383000000,0,2085700000,1954100000,1237600000,200300000,200300000,2.79,2.75,0.1,560400000,-105000000,-305200000,149300000,797700000,65800000,23.12,27.75,18.48,0.1043,0.0488,11.36,2.13,36.7,0.27,0.0815,0.4824,0.4625,0.0881,0.55,1.39,1.4171
2010-09-30,71128739,355643695,5,8617500000,1199000000,4315600000,725300000,3863700000,438200000,0,2096400000,2250800000,917100000,48200000,48200000,0.68,0.67,0.1,588000000,-79500000,-461800000,47000000,648400000,81100000,16.7,20.79,12.61,0.0723,0.0359,10.86,1.57,25.61,0.25,0.1307,0.5826,0.4484,0.0619,0.58,1.43,1.6531
2010-06-30,71081281,355406405,5,8595300000,1267400000,4400200000,580600000,3771000000,424100000,0,2096400000,2578000000,1307900000,105100000,105100000,1.56,1.54,0.1,-1500000,-3187900000,2780200000,-409100000,601400000,71700000,15.05,18.6,11.51,0.086,0.0474,10.61,3.12,12.44,0.23,0.1255,0.6836,0.4387,0.0694,0.68,-0.21,2.1829
2010-03-31,71051750,355258750,5,2633100000,1549800000,894100000,633300000,1711200000,27800000,0,900000,4900000,502400000,-4400000,-4400000,-0.09,-0.09,0.1,47500000,302200000,-36200000,313400000,1010500000,23000000,20,22,18,0.1777,0.1223,4.82,2.81,13.48,0.21,0.0726,0.0029,0.6499,0.1228,1,0.07,2.4472
2009-12-31,48577784,242888920,5,2494900000,1283100000,750000000,479800000,1728900000,16000000,0,900000,4700000,506700000,51400000,51400000,1.07,1.03,0.1,111300000,93600000,-4400000,199600000,697100000,53900000,17.21,19.03,15.39,0.2285,0.1517,7.12,2.52,8.63,0.19,0.0531,0.0027,0.693,0.1402,1.08,0.24,2.6742
2009-09-30,48558610,242793050,5,2357100000,1084800000,597800000,329100000,1658900000,100400000,0,900000,0,430100000,38500000,38500000,0.79,0.78,0.1,83300000,-399600000,400000,-318600000,497500000,50900000,15.99,18.39,13.59,0.3358,0.2117,6.83,2.39,7.99,0.17,0.0384,0,0.7038,0.1589,1.33,0.13,3.2963
2009-06-30,48456310,242281550,5,2279400000,1284400000,589700000,309500000,1618300000,71400000,0,900000,0,991000000,213000000,213000000,4.4,4.33,0.1,194900000,-73100000,-115400000,12300000,816100000,52500000,14.95,16.92,12.97,0.3394,0.2013,6.68,2.6,6.99,0.15,0.0394,0,0.71,0.1363,1.48,0.59,4.1499
2009-03-31,48402251,242011255,5,2506100000,1495000000,979000000,865900000,1392700000,134400000,0,900000,0,680600000,62700000,62700000,1.29,1.28,0.1,292300000,-108600000,-4500000,178800000,803800000,69100000,11.75,15.03,8.46,0.3883,0.2204,5.75,2.12,4.82,0.13,0.0357,0,0.5557,0.1496,1.47,0.92,1.7265
2008-12-31,48393284,241966420,5,2387600000,1433200000,930900000,818100000,1338100000,118600000,0,900000,0,1072000000,190100000,190100000,3.63,3.58,0.1,24700000,299600000,-528900000,-203400000,625000000,27500000,13.13,18.73,7.54,0.4555,0.2558,5.53,2.2,5.98,0.11,0.0319,0,0.5604,0.1746,1.47,-0.01,1.7519
2008-09-30,56859631,284298155,5,3018500000,2041500000,1214900000,960400000,1696300000,107300000,0,900000,4600000,1020800000,47100000,47100000,0.84,0.82,0.1,97400000,-88700000,13900000,22600000,828400000,33600000,24.93,33.63,16.23,0.4299,0.2439,5.97,4.31,10.67,0.09,0.0287,0.0027,0.562,0.169,1.44,0.22,2.1257
2008-06-30,56491777,282458885,5,2767300000,1770800000,1050700000,914100000,1634700000,81900000,0,900000,4800000,1161000000,288600000,288600000,5.13,5.02,0.1,219300000,-238500000,-26700000,-46200000,805800000,36400000,27.04,34.6,19.47,0.5155,0.293,5.79,5.68,16.27,0.07,0.0202,0.0029,0.5907,0.2035,1.44,0.65,1.9372
2008-03-31,56374534,281872670,5,2530600000,1516500000,1096900000,985900000,1342900000,90800000,0,900000,4800000,667300000,158800000,158800000,2.83,2.77,0.1,297200000,187100000,1200000,485500000,852000000,33900000,21.05,26.34,15.75,0.4223,0.2385,4.76,4.99,16.04,0.05,0.019,0.0036,0.5307,0.1594,1.5,0.93,1.5382
2007-12-31,56256402,281282010,5,2012500000,1279100000,750600000,629300000,1187000000,74900000,0,900000,4900000,877200000,135400000,135400000,2.42,2.37,0.02,186500000,116200000,13000000,313500000,366500000,27200000,18.72,23.78,13.66,0.3747,0.2123,4.22,5.09,21.57,0.03,0.012,0.0041,0.5898,0.1352,1.57,0.57,2.0326
2007-09-30,55869143,279345715,5,1825300000,1138800000,737700000,563700000,1028400000,59200000,0,900000,5000000,582900000,86500000,86500000,1.55,1.52,0.02,201400000,-205800000,2900000,-6600000,53000000,34400000,12.13,15.42,8.83,0.2757,0.1557,3.68,3.62,20.56,0.03,0.0181,0.0049,0.5634,0.1028,1.51,0.6,2.0202
2007-06-30,55674891,278374455,5,1587900000,923300000,610800000,429400000,933800000,43300000,0,900000,4600000,848900000,93600000,93600000,1.69,1.65,0.02,111100000,-61400000,-24000000,31800000,59600000,18500000,10,12.4,7.59,0.2006,0.1152,3.35,3.33,24.15,0.02,0.0267,0.0049,0.5881,0.0762,1.51,0.33,2.1502
2007-03-31,55379401,276897005,5,1597700000,936700000,718800000,580600000,829800000,49100000,0,900000,4300000,447700000,57200000,57200000,1.04,1.02,0.02,191100000,-192100000,3200000,2400000,27800000,20900000,6.94,8.74,5.14,0.1461,0.0859,3,2.5,57.83,0.02,0.0384,0.0052,0.5194,0.0576,1.49,0.61,1.6133
2006-12-31,55172101,275860505,5,1290400000,633100000,482000000,353400000,767000000,41400000,0,900000,4200000,506200000,8000000,8000000,0.15,0.15,0.02,40300000,-34400000,-1000000,4000000,25400000,18200000,4.38,5.32,3.44,0.0437,None,2.78,1.55,None,0.02,0.1324,0.0055,0.5944,0.0171,1.54,0.08,1.7915
2006-09-30,55162101,275810505,5,1291800000,655300000,469200000,342100000,780800000,41800000,0,900000,4400000,378000000,7300000,7300000,0.13,0.13,0.02,100400000,-98600000,-5000000,-3300000,21400000,17900000,3.02,3.46,2.58,None,None,2.83,1.07,None,0.01,None,0.0056,0.6044,None,None,0.3,1.9155
2006-06-30,55050001,275250005,5,1182000000,540800000,367700000,253800000,773000000,41300000,0,900000,4400000,664800000,42600000,42600000,0.77,0.77,0.02,44400000,-57400000,-1100000,-14000000,24700000,11700000,3.2,3.75,2.64,None,None,2.81,1.21,None,0.01,None,0.0057,0.654,None,None,0.12,2.1308
2006-03-31,55027723,275138615,5,1300800000,642400000,547700000,442400000,730000000,23100000,0,900000,4200000,400500000,-24600000,-24600000,-0.45,-0.45,0.02,18500000,-900000,-16200000,1300000,38700000,11500000,3.43,3.84,3.02,None,None,2.65,1.25,None,0,None,0.0058,0.5612,None,None,0.03,1.4521
2005-12-31,55027723,275138615,5,1228100000,576100000,439900000,341100000,755900000,32300000,0,900000,4200000,None,None,None,None,None,0,-85197000,82283000,-1154000,-2973000,37400000,15627000,2.72,3.2,2.24,None,None,2.75,0.93,None,0,None,0.0056,0.6155,None,None,-0.37,1.6889
2005-09-30,55027723,275138615,5,1337850000,687656000,496058000,390027000,808441000,33351000,0,1327000,4234000,359430000,-91388000,-91388000,-1.81,-1.81,0,None,None,None,None,40376000,0,3.25,3.6,2.9,None,None,2.94,None,None,0,None,0.0052,0.6043,None,None,None,1.7631
