"Quarter end","Shares","Shares split adjusted","Split factor","Assets","Current Assets","Liabilities","Current Liabilities","Shareholders equity","Non-controlling interest","Preferred equity","Goodwill & intangibles","Long-term debt","Revenue","Earnings","Earnings available for common stockholders","EPS basic","EPS diluted","Dividend per share","Cash from operating activities","Cash from investing activities","Cash from financing activities","Cash change during period","Cash at end of period","Capital expenditures","Price","Price high","Price low","ROE","ROA","Book value of equity per share","P/B ratio","P/E ratio","Cumulative dividends per share","Dividend payout ratio","Long-term debt to equity ratio","Equity to assets ratio","Net margin","Asset turnover","Free cash flow per share","Current ratio"
2019-06-30,323478160,323478160,1,15187000000,6289000000,12092000000,2188000000,3091000000,4000000,0,5431000000,7809000000,3609000000,623000000,623000000,1.92,1.91,1,685000000,-79000000,-675000000,-78000000,1677000000,73000000,147.81,158.69,136.92,0.7536,0.1624,9.56,15.07,19.68,28.05,0.5015,2.5264,0.2035,0.1717,0.95,1.89,2.8743
2019-03-31,325775111,325775111,1,15326000000,6075000000,12126000000,3961000000,3196000000,4000000,0,5665000000,5981000000,3552000000,597000000,597000000,1.82,1.81,1,616000000,-72000000,-295000000,251000000,1755000000,75000000,134.77,146.96,122.58,0.7282,0.1644,9.81,13.59,17.73,27.05,0.4682,1.8714,0.2085,0.1721,0.96,1.66,1.5337
2018-12-31,328108383,328108383,1,14870000000,5778000000,11612000000,3542000000,3254000000,4000000,0,5717000000,6029000000,3580000000,607000000,607000000,1.84,1.83,1,809000000,-67000000,-821000000,-85000000,1504000000,70000000,131.39,145.04,117.75,0.6955,0.1657,9.92,12.3,23.67,26.05,0.4341,1.8528,0.2188,0.1736,0.95,2.25,1.6313
2018-09-30,331801491,331801491,1,15319000000,5940000000,11773000000,3663000000,3542000000,4000000,0,5785000000,6054000000,3613000000,638000000,638000000,1.91,1.9,0.78,844000000,-93000000,-761000000,-39000000,1589000000,95000000,141.81,149.16,134.45,0.4679,0.1179,10.68,12.56,25.78,25.05,0.5591,1.7092,0.2312,0.1269,0.93,2.26,1.6216
2018-06-30,335352977,335352977,1,15523000000,6119000000,11735000000,3547000000,3785000000,3000000,0,5852000000,6069000000,3831000000,666000000,666000000,1.98,1.97,0.78,620000000,-76000000,-774000000,-312000000,1628000000,81000000,148.58,160.21,136.95,0.4289,0.1162,11.29,12.1,28.46,24.27,0.5393,1.6034,0.2438,0.127,0.92,1.61,1.7251
2018-03-31,338762621,338762621,1,16163000000,6423000000,12000000000,2925000000,4159000000,4000000,0,6021000000,6889000000,3744000000,652000000,652000000,1.92,1.9,0.78,538000000,-89000000,-1608000000,-1154000000,1940000000,92000000,166.07,179.07,153.07,0.389,0.1106,12.28,12.37,34.17,23.49,0.5419,1.6564,0.2573,0.1236,0.9,1.32,2.1959
2017-12-31,341545719,341545719,1,16780000000,7278000000,12191000000,3053000000,4585000000,4000000,0,6024000000,7478000000,3629000000,-76000000,-76000000,-0.22,-0.22,0.78,695000000,-57000000,-340000000,309000000,3094000000,72000000,158.82,169.69,147.96,0.3576,0.1045,13.42,10.83,24.32,22.71,0.5556,1.631,0.2732,0.1179,0.89,1.82,2.3839
2017-09-30,342598985,342598985,1,16314000000,6912000000,11288000000,2867000000,5023000000,3000000,0,6051000000,7439000000,3615000000,640000000,640000000,1.86,1.85,0.65,780000000,-72000000,-455000000,289000000,2785000000,73000000,141.68,148.28,135.07,0.4897,0.1442,14.66,10.22,22.93,21.93,0.3948,1.481,0.3079,0.1612,0.89,2.06,2.4109
2017-06-30,344149420,344149420,1,15922000000,6570000000,11148000000,2826000000,4771000000,3000000,0,6041000000,7360000000,3599000000,587000000,587000000,1.7,1.69,0.65,464000000,-65000000,-429000000,3000000,2496000000,77000000,140.23,150.29,130.17,0.4731,0.1389,13.86,10.78,23.57,21.28,0.4003,1.5427,0.2996,0.155,0.9,1.12,2.3248
2017-03-31,345451023,345451023,1,15529000000,6430000000,11031000000,2875000000,4493000000,5000000,0,6016000000,7205000000,3471000000,536000000,536000000,1.55,1.54,0.65,463000000,-57000000,-450000000,21000000,2493000000,61000000,128.05,136.03,120.06,0.4552,0.1364,13.01,10.43,22.46,20.63,0.3985,1.6036,0.2893,0.1524,0.89,1.16,2.2365
2016-12-31,346550685,346550685,1,15201000000,6123000000,10942000000,2760000000,4254000000,5000000,0,6021000000,7177000000,3399000000,507000000,507000000,1.46,1.45,0.65,664000000,105000000,-456000000,173000000,2472000000,66000000,119.75,127.99,111.5,0.4238,0.1322,12.28,8.78,21.85,19.98,0.3986,1.6871,0.2799,0.1496,0.88,1.73,2.2185
2016-09-30,351004744,351004744,1,15709000000,6185000000,10916000000,3486000000,4788000000,5000000,0,6191000000,6329000000,3495000000,535000000,535000000,1.51,1.5,0.55,624000000,-522000000,-155000000,-56000000,2299000000,74000000,113.29,123.5,103.08,0.3921,0.1274,13.64,8.13,21.1,19.33,0.3974,1.3218,0.3048,0.1468,0.87,1.57,1.7742
2016-06-30,354960309,354960309,1,15222000000,6167000000,10272000000,2824000000,4946000000,4000000,0,5907000000,6300000000,3431000000,525000000,525000000,1.47,1.46,0.55,535000000,-65000000,-481000000,-93000000,2355000000,62000000,103.93,109.54,98.32,0.3818,0.1251,13.93,7.16,19.95,18.78,0.3937,1.2738,0.3249,0.1465,0.85,1.33,2.1838
2016-03-31,359370351,359370351,1,15437000000,6241000000,10215000000,2716000000,5218000000,4000000,0,6005000000,6353000000,3274000000,468000000,468000000,1.29,1.29,0.55,479000000,-50000000,-1163000000,-642000000,2448000000,55000000,91.06,102.98,79.15,0.3666,0.12,14.52,6.34,17.75,18.23,0.3937,1.2175,0.338,0.1431,0.84,1.18,2.2979
2015-12-31,363766897,363766897,1,15729000000,6720000000,10501000000,2368000000,5224000000,4000000,0,5999000000,6896000000,3275000000,450000000,450000000,1.23,1.23,0.55,703000000,-57000000,-472000000,89000000,3090000000,64000000,87.58,95,80.16,0.3689,0.1185,14.36,6.26,17.31,17.68,0.3856,1.3201,0.3321,0.1417,0.84,1.76,2.8378
2015-09-30,363491774,363491774,1,16104000000,6969000000,11014000000,2724000000,5086000000,4000000,0,6088000000,7000000000,3354000000,511000000,511000000,1.4,1.39,0.485,706000000,8000000,-395000000,143000000,3001000000,55000000,86.56,94.33,78.79,0.3424,0.115,13.99,5.98,17.28,17.13,0.3781,1.3763,0.3158,0.1393,0.83,1.79,2.5584
2015-06-30,366088569,366088569,1,16348000000,7033000000,11042000000,2746000000,5302000000,4000000,0,6222000000,6994000000,3434000000,480000000,480000000,1.31,1.3,0.485,448000000,-103000000,-262000000,186000000,2858000000,60000000,95.66,99.92,91.41,0.3083,0.1113,14.48,7.06,12.98,16.65,0.3679,1.3191,0.3243,0.1373,0.81,1.06,2.5612
2015-03-31,367691257,367691257,1,15937000000,6667000000,10955000000,3744000000,4978000000,4000000,0,6231000000,5845000000,3342000000,458000000,458000000,1.22,1.21,0.485,442000000,-58000000,-1397000000,-1318000000,2672000000,75000000,95.28,100.14,90.43,0.4183,0.1615,13.54,5.3,13.11,16.16,0.2371,1.1742,0.3124,0.2056,0.79,1,1.7807
2014-12-31,379447026,379447026,1,17678000000,8076000000,10854000000,3533000000,6819000000,5000000,0,6466000000,5981000000,3504000000,450000000,450000000,1.16,1.16,0.49,458000000,-106000000,-972000000,-830000000,3990000000,82000000,88.43,97.79,79.06,0.3726,0.1534,17.97,4.43,12.58,15.68,0.2342,0.8771,0.3857,0.2034,0.75,0.99,2.2859
2014-09-30,390933626,390933626,1,19028000000,9152000000,11227000000,3874000000,7796000000,5000000,0,6596000000,6034000000,3692000000,531000000,531000000,1.35,1.34,0.42,271000000,-126000000,-255000000,-477000000,4820000000,120000000,85.65,89.58,81.72,0.3366,0.1469,19.94,4.03,12.78,15.19,0.235,0.774,0.4097,0.218,0.67,0.39,2.3624
2014-06-30,396513007,396513007,1,19936000000,9791000000,11496000000,3923000000,8435000000,5000000,0,6780000000,6140000000,3719000000,1492000000,1492000000,3.69,3.66,0.42,573000000,3140000000,-1995000000,1750000000,5297000000,70000000,85.15,89.5,80.8,0.304,0.1416,21.27,4.1,20.92,14.77,0.2432,0.7279,0.4231,0.2141,0.66,1.27,2.4958
2014-03-31,412586405,412586405,1,20170000000,10028000000,11590000000,5360000000,8574000000,6000000,0,6829000000,4789000000,3569000000,473000000,473000000,1.12,1.11,0.42,314000000,-66000000,-329000000,-71000000,3547000000,61000000,80.19,84.12,76.25,0.1846,0.0909,20.78,3.51,21.44,14.35,0.3841,0.5585,0.4251,0.1313,0.69,0.61,1.8709
2013-12-31,424867793,424867793,1,19966000000,9816000000,10257000000,6034000000,9703000000,6000000,0,6885000000,2793000000,2339000000,408000000,408000000,0.93,0.92,0.42,708000000,-59000000,-38000000,600000000,3618000000,96000000,78.96,84.32,73.6,0.1652,0.086,22.84,3.35,16.11,13.93,0.3081,0.2878,0.486,0.1188,0.72,1.44,1.6268
2013-09-30,443837872,443837872,1,19751000000,9582000000,9283000000,3941000000,10462000000,6000000,0,6975000000,3808000000,3568000000,452000000,452000000,1.01,1.01,0.38,811000000,-221000000,-438000000,250000000,3018000000,67000000,73.36,78.56,68.16,0.2168,0.1162,23.57,3.21,14.64,13.51,0.3031,0.364,0.5297,0.1405,0.83,1.68,2.4314
2013-06-30,447880450,447880450,1,19199000000,8213000000,8968000000,3711000000,10225000000,6000000,0,7491000000,3771000000,4219000000,465000000,465000000,1.04,1.03,0.38,643000000,-42000000,-359000000,106000000,2768000000,82000000,65.88,71.74,60.02,0.2248,0.121,22.83,2.89,11.3,13.13,0.2929,0.3688,0.5326,0.137,0.88,1.25,2.2132
2013-03-31,450432545,450432545,1,19206000000,8110000000,8927000000,2802000000,10274000000,5000000,0,7574000000,4556000000,4009000000,354000000,354000000,0.78,0.78,0,366000000,-134000000,-305000000,-117000000,2662000000,85000000,62.66,65.6,59.71,0.266,0.1432,22.81,2.68,10.36,12.75,0.2479,0.4434,0.5349,0.1575,0.91,0.62,2.8944
2012-12-31,451435783,451435783,1,19309000000,7960000000,8739000000,2651000000,10561000000,9000000,0,7788000000,4589000000,4221000000,979000000,979000000,2.13,2.08,0.76,605000000,956000000,-872000000,725000000,2779000000,98000000,60.77,63.33,58.2,0.2799,0.1507,23.39,2.75,12.43,12.75,0.2964,0.4345,0.5469,0.1601,0.94,1.12,3.0026
2012-09-30,463449246,463449246,1,19023000000,7650000000,8761000000,2928000000,10253000000,9000000,0,7808000000,4572000000,4501000000,524000000,524000000,1.13,1.12,0.36,635000000,80000000,-394000000,362000000,2054000000,80000000,55.58,62.09,49.07,0.2306,0.1247,22.12,2.58,11.56,11.99,0.2921,0.4459,0.539,0.1303,0.96,1.2,2.6127
2012-06-30,468817680,468817680,1,18921000000,7551000000,8820000000,3936000000,10084000000,17000000,0,7824000000,3468000000,4655000000,881000000,881000000,1.86,1.85,0.36,509000000,448000000,-495000000,388000000,1692000000,95000000,54.31,58.27,50.35,0.2314,0.1249,21.51,2.56,13.75,11.63,0.2931,0.3439,0.533,0.1288,0.97,0.88,1.9184
2012-03-31,477355793,477355793,1,18944000000,7389000000,8809000000,3777000000,10118000000,17000000,0,7889000000,3521000000,4547000000,486000000,486000000,1.01,1,0.36,323000000,-437000000,190000000,126000000,1304000000,79000000,52.83,58.24,47.42,0.1916,0.1048,21.2,2.55,12.61,11.27,0.3502,0.348,0.5341,0.1078,0.97,0.51,1.9563
2011-12-31,483773784,483773784,1,17983514000,6849346000,7949450000,2976727000,10017791000,16273000,0,7430979000,3488198000,4203574000,442197000,442197000,0.92,0.92,0.36,711663000,-170028000,-704031000,-141010000,1177875000,91038000,44.52,49.92,39.12,0.2039,0.1143,20.71,2.19,10.97,10.91,0.3261,0.3482,0.5571,0.1165,0.98,1.28,2.301
2011-09-30,483193299,483193299,1,18363265000,7334419000,8511256000,3635898000,9837446000,14563000,0,7431697000,3522123000,4580516000,507617000,507617000,1.04,1.04,0.34,787176000,-511727000,20117000,88223000,1318885000,74664000,50.05,59.27,40.82,0.2023,0.1143,20.36,2.36,13,10.55,0.3318,0.358,0.5357,0.1139,1,1.47,2.0172
2011-06-30,491414518,491414518,1,18526175000,7557079000,8104151000,4062155000,10408487000,13537000,0,7206869000,2622796000,4614914000,498430000,498430000,1,0.99,0.34,312570000,-284754000,27669000,146192000,1230662000,84683000,55.44,58.79,52.09,0.1982,0.1125,21.18,2.67,15.02,10.21,0.3415,0.252,0.5618,0.1125,1,0.46,1.8604
2011-03-31,500049404,500049404,1,17641206000,6596423000,7261904000,3249556000,10366874000,12428000,0,7235474000,2597310000,4387579000,623140000,623140000,1.25,1.24,0.34,144599000,-612622000,334797000,-101897000,1084470000,85944000,54.39,56.36,52.42,0.1988,0.1127,20.73,2.89,17.95,9.87,0.3498,0.2505,0.5877,0.1115,1.01,0.12,2.0299
2010-12-31,498419391,498419391,1,16250273000,5968401000,6869027000,3093592000,9370276000,10970000,0,6573943000,2511959000,4169269000,392794000,392794000,0.78,0.79,0.34,459012000,-299284000,-676041000,-459063000,1190038000,85195000,49.73,53.89,45.57,0.1711,0.0953,18.8,2.78,15.3,9.53,0.4158,0.2681,0.5766,0.0962,0.99,0.75,1.9293
2010-09-30,495930946,495930946,1,16303724000,6334840000,7412962000,3221341000,8880430000,10332000,0,6399208000,2737374000,4018466000,419276000,419276000,0.84,0.83,0.31,483930000,-4532000,-182245000,383864000,1649101000,67743000,44,47.67,40.33,0.1869,0.1027,17.91,2.54,14.57,9.19,0.3785,0.3082,0.5447,0.1046,0.98,0.84,1.9665
2010-06-30,503511009,503511009,1,15671959000,5766470000,6940095000,2776560000,8722064000,9800000,0,6385186000,2724342000,4076252000,420792000,420792000,0.84,0.83,0.31,338442000,-231453000,-150712000,-152329000,1265237000,58970000,46.88,52.72,41.05,0.1768,0.0976,17.32,2.7,18.46,8.88,0.4085,0.3124,0.5565,0.1,0.98,0.56,2.0768
2010-03-31,502485456,502485456,1,15866558000,5792351000,7123585000,2840577000,8733238000,9735000,0,6419385000,2807180000,3606389000,294331000,294331000,0.59,0.58,0.31,279406000,-71575000,-38935000,98794000,1417566000,56162000,46.05,50.15,41.94,0.152,0.0832,17.38,2.63,24.49,8.57,0.4855,0.3214,0.5504,0.0879,0.95,0.44,2.0391
2009-12-31,502408086,502408086,1,16081984000,5674595000,7264108000,2835638000,8808207000,9669000,0,6584149000,2914874000,3989540000,507400000,507400000,1.02,1.01,0.31,506310000,-223423000,32533000,375916000,1318772000,66842000,45.97,51.16,40.77,0.1171,0.0626,17.53,2.79,35.36,8.26,0.6556,0.3309,0.5477,0.0682,0.92,0.87,2.0012
2009-09-30,500909909,500909909,1,14884216000,5285091000,6633166000,2466631000,8242293000,8757000,0,6374069000,2869377000,3580354000,302418000,302418000,0.6,0.6,0.31,569196000,-48698000,-219770000,326453000,942856000,45237000,39.69,44.91,34.47,0.0863,0.0452,16.45,2.5,25.28,7.95,0.9205,0.3481,0.5538,0.0522,0.87,1.05,2.1426
2009-06-30,500145460,500145460,1,14741675000,5131994000,6803560000,2448192000,7926124000,11991000,0,6373778000,2855812000,3392906000,176565000,176565000,0.35,0.35,0.31,623937000,-98581000,-1110100000,-504696000,616403000,50478000,34.33,38.97,29.69,0.1029,0.0534,15.85,2.32,15.39,7.64,0.7557,0.3603,0.5377,0.0612,0.87,1.15,2.0962
2009-03-31,499318481,499318481,1,14758007000,5685719000,7372945000,3235025000,7373667000,11395000,0,6100373000,2740221000,2914268000,-39374000,-39374000,-0.08,-0.08,0.31,447146000,-133420000,46970000,378149000,1121099000,55955000,31.54,37.47,25.6,0.1399,0.074,14.77,2.05,10.95,7.33,0.5216,0.3716,0.4996,0.0803,0.92,0.78,1.7576
2008-12-31,499164971,499164971,1,15213083000,5923718000,7549608000,4875581000,7663475000,0,0,6278255000,1243693000,3011711000,233774000,233774000,0.44,0.43,0.31,590097000,-293105000,-351987000,-124668000,742950000,72831000,36.2,43.9,28.5,0.1711,0.0938,15.35,2.03,10.94,7.02,0.3983,0.1623,0.5037,0.0957,0.98,1.04,1.215
2008-09-30,511162698,511162698,1,17019591000,6978959000,7923671000,5014238000,9095920000,0,0,6472457000,1398165000,4147757000,453518000,453518000,0.88,0.87,0.31,688759000,-624187000,196307000,227444000,867618000,84443000,46.48,51,41.95,0.1888,0.1079,17.79,2.54,13.96,6.71,0.3404,0.1537,0.5344,0.1032,1.05,1.18,1.3918
2008-06-30,519368398,519368398,1,16589955000,6550242000,7090796000,4175209000,9499159000,0,0,6279880000,1462435000,4570472000,528090000,528090000,1.01,1.01,0.28,450104000,-518553000,-216700000,-287267000,640174000,91687000,50.91,55.59,46.22,0.1914,0.1139,18.29,2.88,15.81,6.4,0.3299,0.154,0.5726,0.1057,1.08,0.69,1.5688
2008-03-31,522781884,522781884,1,15984943000,6428717000,6736971000,3923200000,9247972000,0,0,5839536000,1435464000,4139414000,303621000,303621000,0.58,0.57,0.28,493924000,-320225000,-89496000,99917000,927441000,82710000,49.5,53.98,45.02,0.1895,0.1161,17.69,2.79,14.73,6.12,0.3174,0.1552,0.5785,0.107,1.08,0.79,1.6386
2007-12-31,526912512,526912512,1,15525862000,6165655000,6174537000,2960285000,9351325000,0,0,5683341000,1888839000,4158078000,470733000,470733000,0.87,0.86,0.28,793399000,-260438000,-340415000,225420000,827524000,91368000,55.7,60,51.41,0.2006,0.1259,17.75,3.23,17.14,5.84,0.2849,0.202,0.6023,0.1156,1.09,1.33,2.0828
2007-09-30,543955000,543955000,1,14882186000,5702414000,5495701000,2406016000,9386485000,0,0,5594394000,1573074000,4093803000,491088000,491088000,0.89,0.89,0.28,736441000,-240599000,-385301000,120596000,602104000,74549000,55.29,60,50.58,0.199,0.1273,17.26,3.25,17.61,5.56,0.2733,0.1676,0.6307,0.1174,1.08,1.22,2.3701
2007-06-30,552034685,552034685,1,14636400000,5654283000,5247944000,2820152000,9388456000,0,0,5409113000,956578000,4159689000,505606000,505606000,0.91,0.9,0.21,531638000,-172082000,-473211000,-93067000,481508000,85050000,53.61,56.7,50.51,0.1978,0.1278,17.01,3.26,17.58,5.28,0.2616,0.1019,0.6414,0.1188,1.08,0.81,2.005
2007-03-31,556719216,556719216,1,14373607000,5504463000,5216842000,2756634000,9156765000,0,0,5283554000,956290000,3759041000,402435000,402435000,0.72,0.71,0.21,422819000,-250929000,-191001000,-15632000,574575000,80567000,49.63,53.65,45.6,0.1977,0.1298,16.45,3.07,16.63,5.07,0.2549,0.1044,0.6371,0.1208,1.07,0.61,1.9968
2006-12-31,558822857,558822857,1,13880439000,5206405000,4862931000,2636584000,9017508000,0,0,5138687000,955610000,3640529000,439270000,439270000,0.77,0.75,0.21,743431000,-375789000,-399043000,-27705000,590207000,74997000,47.22,50.11,44.32,0.1998,0.1331,16.14,3.07,16.09,4.86,0.2467,0.106,0.6497,0.1222,1.09,1.2,1.9747
2006-09-30,566878213,566878213,1,13250469000,5091751000,4539281000,2443667000,8711188000,0,0,4311162000,964302000,3538014000,446092000,446092000,0.79,0.78,0.21,573166000,-519539000,100351000,158726000,617912000,73931000,45.11,48,42.23,0.204,0.1365,15.37,2.98,15.72,4.65,0.2377,0.1107,0.6574,0.1225,1.11,0.88,2.0837
2006-06-30,567886552,567886552,1,12543986000,4816258000,3950069000,1972128000,8593917000,0,0,3997555000,960145000,3579470000,465854000,465854000,0.82,0.81,0.165,360920000,-148551000,-201951000,4716000,459186000,73382000,49.92,53.54,46.31,0.2085,0.1392,15.13,3.51,18.45,4.44,0.227,0.1117,0.6851,0.1222,1.14,0.51,2.4422
2006-03-31,283668528,567337056,2,11950522000,4352100000,3885350000,1945899000,8065172000,0,0,3956041000,959977000,3297036000,366530000,366530000,1.3,1.29,0.33,388511000,-230536000,-74583000,84053000,454470000,64506000,45.46,49.38,41.54,0.2044,0.1339,14.22,3.38,17.55,4.27,0.2317,0.119,0.6749,0.1179,1.14,0.57,2.2365
2005-12-31,280918867,561837734,2,11445643000,4111605000,3898748000,2000731000,7546895000,0,0,3678938000,958321000,3294257000,400579000,400579000,1.44,1.4,0.33,485964000,-234024000,-224834000,19072000,370417000,68516000,42.61,45.55,39.67,0.1996,0.1291,13.43,3.28,17.22,4.11,0.2319,0.127,0.6594,0.1157,1.12,0.74,2.0551
2005-09-30,280502962,561005924,2,11235207000,4052825000,3954081000,2020401000,7281126000,0,0,3377213000,965535000,3257600000,408202000,408202000,1.44,1.43,0.33,559297000,-182178000,-864379000,-507334000,351345000,62315000,41.51,43.77,39.25,0.1934,0.1257,12.98,3.2,18.01,3.94,0.2312,0.1326,0.6481,0.1145,1.1,0.89,2.006
2005-06-30,285973462,571946924,2,11629115000,4567116000,4201914000,2280382000,7427201000,0,0,3312107000,967208000,3295644000,373782000,373782000,1.3,1.29,0.28,498324000,-79318000,-548810000,-194262000,858679000,76147000,42.63,45.76,39.5,0.1814,0.1185,12.99,3.21,19.03,3.78,0.2372,0.1302,0.6387,0.1109,1.07,0.74,2.0028
2005-03-31,290398025,580796050,2,12005915000,4856242000,4297222000,2371318000,7708693000,0,0,3336226000,967857000,3074291000,312306000,312306000,1.07,1.06,0.28,302951000,-288879000,371701000,385551000,1052941000,52264000,45.05,47.32,42.78,0.1751,0.1168,13.27,3.45,20.71,3.64,0.234,0.1256,0.6421,0.1125,1.04,0.43,2.0479
2004-12-31,292257801,584515602,2,11351934000,4322198000,3724324000,1850971000,7627610000,0,0,3193055000,921098000,3051637000,358097000,358097000,1.21,1.17,0.28,382968000,-230844000,-500030000,-262893000,667390000,78427000,46.03,48.31,43.74,0.1694,0.1155,13.05,3.61,22.45,3.5,0.2327,0.1208,0.6719,0.1141,1.01,0.52,2.3351
2004-09-30,295690054,591380108,2,11397973000,4416572000,3854666000,2007133000,7543307000,0,0,3075911000,924004000,2967168000,330051000,330051000,1.1,1.09,0.28,452545000,-103705000,-959654000,-606925000,930283000,58789000,45.72,48.34,43.1,0.1587,0.1094,12.76,3.37,23.57,3.36,0.2405,0.1225,0.6618,0.1118,0.98,0.67,2.2004
2004-06-30,302261182,604522364,2,11850409000,4998734000,3640256000,1789815000,8210153000,0,0,3039935000,923510000,3002271000,360350000,360350000,1.17,1.16,0.24,376818000,-255481000,-292009000,-191850000,1537208000,66729000,43.8,48.35,39.26,0.1517,0.1055,13.58,3.3,24.2,3.22,0.2454,0.1125,0.6928,0.1106,0.95,0.51,2.7929
2004-03-31,309752307,619504614,2,11766114000,5095393000,3531998000,1698772000,8234116000,0,0,2894367000,920849000,2710349000,290196000,290196000,0.94,0.93,0.24,319700000,-221297000,-76099000,44575000,1729058000,55237000,39.88,42.5,37.26,0.1452,0.0994,13.29,3.14,24.02,3.1,0.2623,0.1118,0.6998,0.1072,0.93,0.43,2.9995
2003-12-31,309473375,618946750,2,11193321000,4783202000,3319035000,1488903000,7874286000,0,0,2798863000,920360000,2625958000,283297000,283297000,0.92,0.92,0.24,480209000,-116422000,-90454000,311642000,1684483000,70946000,37.64,42.35,32.94,0.1389,0.0929,12.72,3.13,24.21,2.98,0.2831,0.1169,0.7035,0.102,0.91,0.66,3.2126
2003-09-30,308122366,616244732,2,10795619000,4407649000,3395962000,1522579000,7399657000,0,0,2733532000,926285000,2531885000,268902000,268902000,0.88,0.87,0.24,395032000,-161549000,-78927000,138773000,1372841000,45861000,34.52,37,32.05,0.1363,0.0885,12.01,2.91,22.71,2.86,0.2971,0.1252,0.6854,0.0979,0.9,0.57,2.8949
2003-06-30,307862354,615724708,2,11262790000,4322542000,3967471000,1531214000,7295319000,0,0,2703532000,1446044000,2563990000,276104000,276104000,0.9,0.9,0.23,276326000,-123317000,-71278000,108518000,1234068000,58615000,31.33,34.13,28.52,0.1374,0.0871,11.85,2.78,20.82,2.74,0.3008,0.1982,0.6477,0.0968,0.9,0.35,2.823
2003-03-31,307561230,615122460,2,10846409000,4051406000,3927327000,1484821000,6919082000,0,0,2640513000,1451785000,2313790000,195377000,195377000,0.64,0.63,0.23,217174000,-82573000,-100137000,67863000,1125550000,53401000,30.64,34.01,27.28,0.1415,0.0886,11.25,2.83,26.64,2.62,0.2999,0.2098,0.6379,0.0973,0.91,0.27,2.7285
2002-12-31,307418859,614837718,2,10623101000,3878809000,3974030000,1567162000,6649071000,0,0,2624810000,1460381000,2427423000,222988000,222988000,0.74,0.71,0.23,344612000,78232000,-85593000,337266000,1057687000,69426000,31.2,34.87,27.52,0.1124,0.0697,10.81,2.94,28.36,2.51,0.3872,0.2196,0.6259,0.0753,0.93,0.45,2.4751
2002-09-30,306434121,612868242,2,10427800000,3707334000,3929560000,1518879000,6498240000,0,0,2594978000,1474666000,2401038000,245536000,245536000,0.8,0.8,0.23,379958000,-53947000,-123527000,235082000,720421000,51346000,31.49,34.98,28,0.11,0.0679,10.6,3.08,30.72,2.39,0.4004,0.2269,0.6232,0.0754,0.9,0.54,2.4408
2002-06-30,306393120,612786240,2,10171562000,3450249000,3911299000,1490712000,6260263000,0,0,2540364000,1485064000,2434625000,267511000,267511000,0.87,0.87,0.22,281292000,-163237000,57890000,204313000,485339000,59998000,35.69,38.27,33.1,0.1051,0.0637,10.22,3.68,36.79,2.28,0.4243,0.2372,0.6155,0.0703,0.91,0.36,2.3145
2002-03-31,306146908,612293816,2,9682746000,3157233000,3736810000,1556023000,5945936000,0,0,2490427000,1249744000,2204654000,-23443000,-23443000,-0.08,-0.08,0.22,282894000,-194305000,-77413000,-1198000,281026000,61446000,35.33,38.9,31.76,0.1017,0.0607,9.71,3.58,26.97,2.17,0.438,0.2102,0.6141,0.0659,0.92,0.36,2.029
2001-12-31,305895308,611790616,2,9822349000,3163244000,3781611000,1518158000,6040738000,0,0,2738694000,1267141000,1990199000,191070000,191070000,0.63,0.61,0.22,424674000,54857000,-422977000,52911000,282224000,52353000,30.54,34.7,26.38,0.1388,0.0816,9.87,3.16,23.05,2.06,0.3178,0.2098,0.615,0.0867,0.94,0.61,2.0836
2001-09-30,304678211,609356422,2,10153564000,3349215000,4262722000,1956350000,5890842000,0,0,2812254000,1380371000,2395645000,199055000,199055000,0.65,0.65,0.22,405232000,-316042000,-45855000,52382000,229313000,55285000,29,33.42,24.57,0.1446,0.0832,9.67,3.1,20.21,1.95,0.3055,0.2343,0.5802,0.083,1,0.57,1.712
2001-06-30,304514850,609029700,2,9871266000,3295734000,4177170000,1849809000,5694096000,0,0,2624540000,1390434000,2510113000,232776000,232776000,0.77,0.76,0.2,283753000,-302316000,55404000,27439000,176931000,60511000,31.62,35.99,27.25,0.1604,0.0912,9.35,3.44,21.01,1.84,0.2755,0.2442,0.5768,0.0889,1.03,0.37,1.7817
2001-03-31,303955723,607911446,2,9625717000,3316197000,4041800000,1810704000,5583917000,0,0,2506828000,1393347000,2396834000,182758000,182758000,0.6,0.6,0.2,237367000,-98473000,-143340000,-1803000,149492000,68413000,30.58,33.84,27.31,0.1722,0.0968,9.19,3.43,19.54,1.74,0.2562,0.2495,0.5801,0.0924,1.05,0.28,1.8314
2000-12-31,303001668,606003336,2,9603456000,3329061000,4202469000,1817610000,5400987000,0,0,2483882000,1549038000,2528829000,201494000,201494000,0.67,0.64,0.2,351626000,-325653000,-147342000,-116296000,151295000,78461000,27.81,30.88,24.75,0.1844,0.1019,8.91,3.18,17.94,1.64,0.2397,0.2868,0.5624,0.096,1.06,0.45,1.8316
2000-09-30,302123145,604246290,2,9555537000,3437320000,4265816000,1835819000,5289721000,0,0,2319660000,1581787000,2472342000,264085000,264085000,0.87,0.87,0.2,304926000,-260314000,13888000,55438000,267591000,73693000,27.73,29.97,25.5,0.2072,0.1129,8.75,3.27,18.67,1.54,0.2133,0.299,0.5536,0.0865,1.31,0.38,1.8724
2000-06-30,301835426,603670852,2,9309911000,3307640000,4182412000,1971953000,5127499000,0,0,2167006000,1340305000,2577446000,273272000,273272000,0.91,0.9,0.18,249962000,-291867000,31045000,-35749000,212153000,64756000,29.89,32.69,27.09,0.208,0.1127,8.49,3.64,20.9,1.44,0.2126,0.2614,0.5508,0.0864,1.3,0.31,1.6773
2000-03-31,301536666,603073332,2,9141614000,3340708000,4181565000,1960201000,4960049000,0,0,2142659000,1350069000,2404960000,219129000,219129000,0.73,0.72,0.18,215896000,-133530000,-57412000,14949000,247902000,67286000,30.02,34.5,25.53,0.2095,0.1126,8.22,3.75,21.52,1.35,0.2108,0.2722,0.5426,0.0873,1.29,0.25,1.7043
1999-12-31,300678897,601357794,2,9060259000,3272931000,4244836000,2045361000,4815423000,0,0,2029959000,1360746000,4641370000,289704000,289704000,0.64,0.61,0.18,466309000,-260375000,-138732000,65419000,232953000,163346000,35.42,40.13,30.72,0.2159,0.1154,8.01,4.75,24.51,1.26,0.2035,0.2826,0.5315,0.0901,1.28,0.5,1.6002
1999-09-30,250699566,501399132,2,6891021000,2084515000,3149466000,1353261000,3741555000,0,0,1577653000,1212431000,1593811000,187224000,187224000,0.75,0.74,0.173,224237000,-143607000,-49110000,31951000,151493000,54549000,37.77,40.91,34.63,0.2086,0.1123,7.46,5.28,26.98,1.17,0.2101,0.324,0.543,0.1186,0.95,0.34,1.5404
1999-06-30,250603029,501206058,2,6738893000,2032283000,3148414000,1331906000,3590479000,0,0,1542921000,1223942000,1624170000,199838000,199838000,0.8,0.79,0.148,153871000,-368907000,86219000,-131036000,119542000,44840000,35.45,41,29.91,0.2107,0.1127,7.16,5.17,26.16,1.08,0.1982,0.3409,0.5328,0.119,0.95,0.22,1.5258
1999-03-31,250467238,500934476,2,6461670000,2068423000,3027342000,1199065000,3434328000,0,0,1339446000,1230818000,1473834000,164346000,164346000,0.66,0.65,0.146,192179000,-155481000,125196000,157093000,250578000,46834000,32.69,36.31,29.07,0.2122,0.1142,6.86,4.9,24.67,1.01,0.1948,0.3584,0.5315,0.1191,0.96,0.29,1.725
1998-12-31,250307289,500614578,2,6118162000,1834473000,2780127000,1222009000,3338035000,0,0,1189323000,947008000,1509225000,184277000,184277000,0.73,0.71,0.15,225562000,-201782000,-40858000,-14653000,93485000,54046000,29.64,33.84,25.44,0.2161,0.1162,6.67,4.69,22.98,0.94,0.1896,0.2837,0.5456,0.1191,0.98,0.34,1.5012
1998-09-30,250063656,500127312,2,5966385000,1948006000,2806308000,1289373000,3160077000,0,0,1118460000,952218000,1377212000,163870000,163870000,0.66,0.65,0.12,221653000,-386768000,168995000,-284000,108138000,29141000,28.48,34.38,22.59,0.2176,0.1156,6.32,4.67,22.51,0.86,0.1849,0.3013,0.5296,0.1182,0.98,0.38,1.5108
1998-06-30,249965686,499931372,2,5569022000,1816868000,2520906000,1118709000,3048116000,0,0,850082000,841767000,1420461000,175979000,175979000,0.7,0.7,0.12,114530000,-182744000,-31897000,-98122000,108422000,52547000,33.83,36.59,31.07,0.2219,0.1187,6.1,5.81,27.62,0.8,0.1891,0.2762,0.5473,0.1168,1.02,0.12,1.6241
1998-03-31,249886684,499773368,2,5509189000,1904328000,2600274000,1183401000,2908915000,0,0,803454000,848651000,1340991000,148658000,148658000,0.6,0.59,0.12,159746000,-119137000,-16279000,20688000,206544000,50081000,29.39,32.5,26.28,0.2234,0.1182,5.82,5.23,24.96,0.74,0.1855,0.2917,0.528,0.1149,1.03,0.22,1.6092
1997-12-31,249760628,499521256,2,5394756000,1858642000,2588302000,1157880000,2806454000,0,0,774250000,854328000,1348903000,160172000,160172000,0.64,None,0.12,223470000,-93670000,-124444000,2704000,185856000,54867000,26.76,30.07,23.44,0.2233,0.1175,5.62,5.01,23.79,0.68,0.1828,0.3044,0.5202,0.1124,1.04,0.34,1.6052
1997-09-30,249454009,498908018,2,4889141000,1746676000,2223166000,1092386000,2665975000,0,0,740615000,765783000,1315388000,149130000,149130000,0.6,None,0.12,202328000,-38273000,-131015000,25646000,183152000,32192000,25.22,27.66,22.78,0.2222,0.1157,5.34,4.88,23.52,0.62,0.1799,0.2872,0.5453,0.1086,1.07,0.34,1.599
1997-06-30,249408319,498816638,2,4928499000,1759949000,2347699000,1209976000,2580800000,0,0,642727000,777074000,1326344000,154394000,154394000,0.62,None,0.095,147747000,-141836000,37570000,41727000,157506000,37765000,23.24,26.32,20.16,0.2202,0.1153,5.17,4.71,22.67,0.56,0.1722,0.3011,0.5236,0.1051,1.1,0.22,1.4545
1997-03-31,124605544,498422176,4,4771286000,1673130000,2311776000,1156328000,2459510000,0,0,637723000,788688000,1229798000,123255000,123255000,0.99,None,0.19,86713000,19145000,-118581000,-21920000,115779000,36824000,20.77,22.84,18.69,0.2197,0.1157,4.93,4.32,21.19,0.51,0.1751,0.3207,0.5155,0.1004,1.15,0.1,1.4469
1996-12-31,124531549,498126196,4,4806162000,1701092000,2410137000,1219325000,2396025000,0,0,711228000,818947000,1296698000,134343000,134343000,1.07,None,0.19,203370000,-364811000,130080000,-25028000,137699000,51092000,19.59,21.81,17.38,0.219,0.1166,4.81,4.26,21.12,0.46,0.178,0.3418,0.4985,0.0973,1.2,0.31,1.3951
1996-09-30,123854150,495416600,4,4056604000,1747183000,1777910000,939626000,2278694000,0,0,609060000,597630000,1238261000,122842000,122842000,0.99,None,0.17,200197000,-48004000,-127311000,25528000,162727000,34484000,16.89,18.56,15.22,0.218,0.1179,4.6,3.86,18.92,0.42,0.1827,0.2623,0.5617,0.0957,1.23,0.33,1.8594
1996-06-30,123785225,495140900,4,4018870000,1726346000,1850875000,991620000,2167995000,0,0,556090000,616815000,1324800000,130375000,130375000,1.05,None,0.17,96573000,-102339000,28238000,18537000,137199000,38511000,16.34,17.44,15.25,0.2189,0.1193,4.38,3.93,19.06,0.38,0.1844,0.2845,0.5395,0.0948,1.26,0.12,1.7409
1996-03-31,122445873,489783492,4,3808382000,1630914000,1770607000,911887000,2037775000,0,0,535222000,611545000,1136922000,98755000,98755000,0.81,None,0.17,129287000,-6233000,-122867000,2062000,118662000,23734000,15.18,17.38,12.97,0.2183,0.1207,4.16,3.86,18.51,0.33,0.1868,0.3001,0.5351,0.0943,1.28,0.22,1.7885
1995-12-31,122395312,489581248,4,3667018000,1532490000,1742781000,850932000,1924237000,0,0,518747000,615557000,1087238000,106313000,106313000,0.86,None,0.17,145353000,-158993000,28495000,14380000,116600000,29916000,14.84,16.06,13.63,0.218,0.1233,3.93,3.82,18.73,0.29,0.1888,0.3199,0.5247,0.0934,1.32,0.24,1.801
1995-09-30,117555428,470221712,4,3106240000,1495181000,1280696000,794323000,1825544000,0,0,475293000,281775000,1045134000,100016000,100016000,0.85,None,0.15,129061000,-73204000,-26042000,28296000,102220000,33735000,14.97,16.38,13.56,0.2176,0.1275,3.88,4.01,20.3,0.25,0.1898,0.1544,0.5877,0.0914,1.39,0.2,1.8823
1995-06-30,117331764,469327056,4,3047020000,1480691000,1296898000,806088000,1750122000,0,0,469183000,282775000,1090713000,106248000,106248000,0.91,None,0.15,84428000,-169559000,37589000,-44788000,73924000,37310000,12.71,13.91,11.5,0.2129,0.1245,3.73,3.6,19.11,0.21,0.1975,0.1616,0.5744,0.0881,1.41,0.1,1.8369
1995-03-31,114154541,456618164,4,2753215000,1369307000,1142562000,669933000,1610653000,0,0,380143000,272014000,929085000,75031000,75031000,0.66,None,0.15,78630000,-22994000,-16059000,41845000,118712000,35715000,11.08,12.22,9.94,0.2027,None,3.53,3.28,18.09,0.17,0.2112,0.1689,0.585,0.0834,1.41,0.09,2.0439
1994-12-31,114066300,456265200,4,2580498000,1262933000,1038977000,628433000,1541521000,0,0,394233000,272987000,937923000,84742000,84742000,0.75,None,0.15,95066000,-58766000,-21500000,18873000,76867000,32590000,10.64,11.38,9.91,0.1967,None,3.38,3.37,None,0.14,0.2209,0.1771,0.5974,0.0803,1.4,0.14,2.0097
1994-09-30,113800003,455200012,4,2461090000,1219548000,1022523000,591508000,1438567000,0,0,366384000,274584000,870911000,71399000,71399000,0.63,None,0.13,135145000,-37586000,-92246000,12645000,57994000,26847000,10.23,11.22,9.25,None,None,3.16,3.39,None,0.1,None,0.1909,0.5845,None,None,0.24,2.0618
1994-06-30,113281621,453126484,4,2443845000,1213734000,1076406000,590093000,1367439000,0,0,363029000,325259000,881042000,70727000,70727000,0.62,None,0.13,95472000,-22716000,-63148000,7165000,45349000,28551000,9.88,10.56,9.19,None,None,3.02,3.44,None,0.07,None,0.2379,0.5595,None,None,0.15,2.0569
1994-03-31,113255026,453020104,4,2389707000,1153404000,1087492000,550701000,1302215000,0,0,361940000,375323000,771439000,50915000,50915000,0.45,None,0.13,61774000,-23105000,-33219000,2789000,38184000,20317000,10.27,11.28,9.25,None,None,2.87,3.69,None,0.03,None,0.2882,0.5449,None,None,0.09,2.0944
1993-12-31,113213921,452855684,4,2336891000,1093648000,1078222000,546142000,1258669000,0,0,363769000,375641000,None,None,None,None,None,0,None,None,None,None,35395000,0,9.48,9.97,9,None,None,2.78,None,None,0,None,0.2984,0.5386,None,None,None,2.0025
