"Quarter end","Shares","Shares split adjusted","Split factor","Assets","Current Assets","Liabilities","Current Liabilities","Shareholders equity","Non-controlling interest","Preferred equity","Goodwill & intangibles","Long-term debt","Revenue","Earnings","Earnings available for common stockholders","EPS basic","EPS diluted","Dividend per share","Cash from operating activities","Cash from investing activities","Cash from financing activities","Cash change during period","Cash at end of period","Capital expenditures","Price","Price high","Price low","ROE","ROA","Book value of equity per share","P/B ratio","P/E ratio","Cumulative dividends per share","Dividend payout ratio","Long-term debt to equity ratio","Equity to assets ratio","Net margin","Asset turnover","Free cash flow per share","Current ratio"
2019-06-30,117561004,117561004,1,2239419000,1564919000,1130192000,909510000,1109227000,0,0,2452000,350000,1516385000,114612000,114612000,0.98,0.98,0.31,120748000,-24649000,-97396000,-205000,269440000,23819000,61.27,69.08,53.46,0.415,0.2163,9.44,6.75,16.47,9.52,0.3101,0.0003,0.4953,0.0764,2.83,0.82,1.7206
2019-03-31,118557548,118557548,1,2204607000,1532017000,1127578000,900730000,1077029000,0,0,212900000,404000,1468530000,109798000,109798000,0.94,0.93,0.31,127079000,-23080000,-110279000,-6934000,269645000,17706000,60.9,69.01,52.79,0.4101,0.2218,9.08,6.82,17.06,9.21,0.309,0.0004,0.4885,0.0763,2.91,0.92,1.7009
2018-12-31,119078490,119078490,1,1903097000,1473610000,839899000,819536000,1063198000,0,0,213107000,457000,1481658000,113564000,113564000,0.95,0.95,0.28,123045000,-33339000,-170882000,-85161000,276579000,18585000,62.05,71.28,52.83,0.3942,0.2237,8.93,6.74,20.61,8.9,0.3137,0.0004,0.5587,0.0749,2.99,0.88,1.7981
2018-09-30,121475032,121475032,1,2034907000,1612400000,915665000,896280000,1119242000,0,0,214028000,509000,1466226000,115242000,115242000,0.96,0.95,0.28,185313000,-18082000,-112156000,53084000,361740000,9925000,72.1,79.91,64.3,0.3307,0.1903,9.21,7.96,26.31,8.62,0.3609,0.0005,0.55,0.0649,2.93,1.44,1.799
2018-06-30,122445184,122445184,1,1933583000,1504129000,824085000,808876000,1109498000,0,0,214377000,559000,1457054000,109315000,109315000,0.9,0.89,0.28,147746000,-18538000,-103625000,16669000,308656000,9296000,63.41,70.35,56.46,0.3018,0.1768,9.06,7.03,25.47,8.34,0.3819,0.0005,0.5738,0.0611,2.9,1.13,1.8595
2018-03-31,123562570,123562570,1,1893860000,1468456000,779063000,764440000,1114797000,0,0,215385000,608000,1395333000,96167000,96167000,0.79,0.78,0.28,116218000,-18550000,-103452000,-2766000,291987000,7965000,55.97,60.59,51.35,0.2762,0.1637,9.02,6.3,24.02,8.06,0.4049,0.0005,0.5886,0.0573,2.85,0.88,1.921
2017-12-31,124261548,124261548,1,1867454000,1431869000,762189000,747896000,1105265000,0,0,215831000,657000,1346282000,47047000,47047000,0.38,0.39,0.24,64528000,-24421000,-94347000,-53583000,294753000,21243000,52.94,57.67,48.21,0.2624,0.1568,8.89,5.82,20.76,7.78,0.4154,0.0006,0.5919,0.0552,2.84,0.35,1.9145
2017-09-30,125349795,125349795,1,1932852000,1437323000,793034000,778348000,1139818000,0,0,216762000,704000,1324709000,84700000,84700000,0.69,0.68,0.24,130403000,-16002000,-67771000,50538000,348336000,7354000,46.82,50.72,42.92,0.2913,0.1755,9.09,5.35,18.15,7.54,0.3704,0.0006,0.5897,0.062,2.83,0.98,1.8466
2017-06-30,126184289,126184289,1,1836138000,1347106000,731754000,719443000,1104384000,0,0,216648000,750000,1308428000,80316000,80316000,0.64,0.64,0.24,134560000,-22800000,-79448000,37655000,297798000,10851000,46.56,49.03,44.09,0.2997,0.1802,8.75,5.48,17.57,7.3,0.3584,0.0007,0.6015,0.0629,2.86,0.98,1.8724
2017-03-31,127179472,127179472,1,1775210000,1295922000,694267000,682600000,1080943000,0,0,213295000,795000,1287370000,78521000,78521000,0.63,0.62,0.24,123500000,-15274000,-111325000,-58000,260143000,10335000,47.99,50.98,45,0.3126,0.1878,8.5,5.65,17.97,7.06,0.3416,0.0007,0.6089,0.0647,2.91,0.89,1.8985
2016-12-31,127796557,127796557,1,1777971000,1284234000,691372000,679896000,1086599000,0,0,213464000,840000,1265073000,77788000,77788000,0.61,0.61,0.22,81661000,-29220000,-76937000,-32250000,260201000,53429000,42.03,49.63,34.42,0.3197,0.1914,8.5,4.94,15.17,6.82,0.332,0.0008,0.6111,0.0654,2.93,0.22,1.8889
2016-09-30,128886332,128886332,1,1871981000,1493573000,777051000,729676000,1094930000,0,0,213928000,883000,1338541000,90569000,90569000,0.71,0.71,0.22,153226000,-26624000,-72733000,53737000,292451000,19540000,38.59,41.5,35.67,0.3409,0.2022,8.5,4.69,13.83,6.6,0.3122,0.0008,0.5849,0.0679,2.98,1.04,2.0469
2016-06-30,130140189,130140189,1,1783008000,1408112000,713500000,668179000,1069508000,0,0,214378000,925000,1344160000,91616000,91616000,0.71,0.71,0.22,128708000,-32224000,-70121000,24595000,238714000,24930000,40.8,47.26,34.34,0.3542,0.2103,8.22,5.13,14.84,6.38,0.302,0.0009,0.5998,0.0694,3.03,0.8,2.1074
2016-03-31,131318597,131318597,1,1744864000,1380201000,699911000,655317000,1044953000,0,0,213335000,966000,1302625000,83416000,83416000,0.65,0.64,0.22,78486000,-24167000,-68513000,-10458000,214119000,18810000,41.29,46.41,36.17,0.3571,0.211,7.96,5.4,15.35,6.16,0.2988,0.0009,0.5989,0.07,3.02,0.45,2.1062
2015-12-31,131156828,131156828,1,1702960000,1343681000,699179000,655549000,1003781000,0,0,213087000,1007000,1304594000,93443000,93443000,0.72,0.71,0.2,117995000,-50096000,-93222000,-27241000,224577000,34396000,49.48,54.01,44.95,0.3569,0.2111,7.65,6.52,18.96,5.94,0.2982,0.001,0.5894,0.0702,3.01,0.64,2.0497
2015-09-30,132686250,132686250,1,1715272000,1383372000,708796000,664169000,1006476000,0,0,197992000,1046000,1312718000,96725000,96725000,0.74,0.73,0.2,93846000,-25318000,-123121000,-61313000,251818000,26161000,53.59,58,49.18,0.3497,0.2073,7.59,7.11,21.44,5.74,0.3007,0.001,0.5868,0.0695,2.98,0.51,2.0829
2015-06-30,134499736,134499736,1,1723200000,1397434000,708525000,663799000,1014675000,0,0,198713000,1085000,1272058000,89706000,89706000,0.67,0.67,0.2,141915000,-21735000,-70969000,52246000,313131000,25175000,57.56,60.54,54.58,0.341,0.2031,7.54,7.9,24.08,5.54,0.3049,0.0011,0.5888,0.0684,2.97,0.87,2.1052
2015-03-31,135075685,135075685,1,1637286000,1316289000,652663000,607705000,984623000,0,0,198260000,1123000,1205563000,77922000,77922000,0.59,0.58,0.2,84480000,-20801000,-81236000,-26234000,260885000,21289000,59.44,63.27,55.6,0.3295,0.1983,7.29,8.2,26.3,5.34,0.3118,0.0011,0.6014,0.0669,2.96,0.47,2.166
2014-12-31,135140537,135140537,1,1647267000,1323283000,667409000,623362000,979858000,0,0,199488000,1159000,1221450000,84053000,84053000,0.63,0.63,0.18,82878000,-34214000,-46859000,-3757000,287119000,33144000,52.38,59.45,45.3,0.317,0.1922,7.25,7.33,24.71,5.14,0.3211,0.0012,0.5948,0.0652,2.95,0.37,2.1228
2014-09-30,135957949,135957949,1,1627013000,1314505000,654430000,623905000,972583000,0,0,200074000,1196000,1224308000,85184000,85184000,0.64,0.62,0.18,93681000,-21536000,-81207000,-16902000,290876000,20132000,50.03,53.08,46.98,0.304,0.186,7.15,7.03,25.27,4.96,0.3321,0.0012,0.5978,0.0634,2.94,0.54,2.1069
2014-06-30,137091989,137091989,1,1588445000,1273919000,612884000,580890000,975561000,0,0,200889000,1231000,1164914000,75140000,75140000,0.56,0.56,0.18,104914000,-15165000,-51922000,40041000,307778000,15586000,43.85,48.13,39.57,0.2898,0.1783,7.12,6.47,23.32,4.78,0.3467,0.0013,0.6142,0.0612,2.91,0.65,2.193
2014-03-31,137485345,137485345,1,1503331000,1187317000,571185000,537546000,932146000,0,0,200718000,1266000,1084342000,61551000,61551000,0.45,0.45,0.18,59225000,-17726000,-50067000,-8027000,267737000,18335000,40.84,43.06,38.62,0.2856,0.1749,6.78,6.1,22.32,4.6,0.3534,0.0014,0.6201,0.0599,2.92,0.3,2.2088
2013-12-31,137476173,137476173,1,1490271000,1172528000,570628000,535853000,919643000,0,0,201389000,1300000,1083864000,66885000,66885000,0.49,0.49,0.16,98160000,-27181000,-74905000,-3983000,275764000,26655000,39.74,42.33,37.16,0.2854,0.1745,6.69,6.13,22.58,4.42,0.3518,0.0014,0.6171,0.0594,2.94,0.52,2.1882
2013-09-30,138596928,138596928,1,1474704000,1166214000,575920000,551928000,898784000,0,0,201978000,1333000,1075119000,66358000,66358000,0.49,0.48,0.16,81122000,-18416000,-34386000,32776000,279747000,16926000,34.94,39.23,30.64,0.2819,0.172,6.48,5.63,20.67,4.26,0.3598,0.0015,0.6095,0.0581,2.96,0.46,2.113
2013-06-30,138844810,138844810,1,1428324000,1119099000,566573000,534895000,861751000,0,0,201911000,1365000,1063228000,63089000,63088000,0.46,0.46,0.16,102050000,-14429000,-61572000,21620000,246971000,13919000,34.41,37.75,31.08,0.2765,0.1679,6.21,5.62,22.06,4.1,0.369,0.0016,0.6033,0.0565,2.97,0.63,2.0922
2013-03-31,139543964,139543964,1,1387745000,1076401000,533221000,499081000,854524000,0,0,202657000,1397000,1023684000,55863000,55861000,0.41,0.4,0.16,27885000,-37751000,-49407000,-62284000,225351000,9252000,34.91,37.59,32.22,0.2593,0.1576,6.12,5.79,23.27,3.94,0.3953,0.0016,0.6158,0.0526,2.99,0.13,2.1568
2012-12-31,139550711,139550711,1,1381271000,1064685000,539260000,501637000,842011000,0,0,203595000,1428000,1034213000,58619000,58310000,0.42,0.42,0.15,97923000,-29933000,-70328000,-1793000,287635000,19265000,28.47,31.84,25.1,0.2529,0.1543,6.03,4.79,20.63,3.78,0.4058,0.0017,0.6096,0.0508,3.02,0.56,2.1224
2012-09-30,140738839,140738839,1,1406707000,1104824000,570835000,532642000,835872000,0,0,191390000,1458000,1033173000,57660000,57382000,0.42,0.41,0.15,75968000,-13802000,-34265000,30850000,289428000,15982000,27.55,29.41,25.7,0.2369,0.1444,5.94,4.82,21.52,3.63,0.4334,0.0017,0.5942,0.0477,3.02,0.43,2.0742
2012-06-30,141803257,141803257,1,1344399000,1040664000,535039000,496317000,809360000,0,0,190955000,1487000,1028383000,45329000,45100000,0.33,0.33,0.15,92072000,-17441000,-56100000,14125000,258578000,18824000,29.16,32.32,26,0.223,0.1369,5.71,5.12,24.3,3.48,0.4607,0.0018,0.602,0.0448,3.04,0.52,2.0968
2012-03-31,142978470,142978470,1,1308637000,1006549000,492957000,454911000,815680000,0,0,189875000,1516000,1015444000,48334000,48069000,0.34,0.34,0.15,23214000,-11850000,-48923000,-34883000,244453000,15068000,28.96,31,26.92,0.211,0.1312,5.7,5.14,27.85,3.33,0.4799,0.0019,0.6233,0.0435,2.99,0.06,2.2126
2011-12-31,142142847,142142847,1,1311836000,1006678000,511331000,473001000,800505000,0,0,189473000,1545000,973473000,42624000,42624000,0.31,0.3,0.14,96648000,-16882000,-41836000,36610000,279336000,19250000,24.45,28.74,20.15,0.1832,0.115,5.63,4.41,26.87,3.18,0.5428,0.0019,0.6102,0.0394,2.9,0.54,2.1283
2011-09-30,142960024,142960024,1,1308535000,1004992000,516585000,483398000,791950000,0,0,189480000,1572000,984668000,44168000,43553000,0.31,0.31,0.14,71786000,-15360000,-66866000,-18345000,242726000,19050000,24.93,30.16,19.69,0.159,0.1021,5.54,4.42,33.69,3.04,0.6121,0.002,0.6052,0.0357,2.83,0.37,2.079
2011-06-30,144874739,144874739,1,1301781000,995110000,485151000,453228000,816630000,0,0,190630000,1600000,937966000,36425000,35888000,0.25,0.25,0.14,68930000,-15582000,-76266000,-20759000,261071000,21805000,28.63,31.83,25.44,0.1281,0.0843,5.64,5.01,50.23,2.9,0.738,0.002,0.6273,0.0307,2.71,0.33,2.1956
2011-03-31,146830510,146830510,1,1290595000,984641000,450636000,420438000,839959000,0,0,190561000,1626000,880869000,26705000,26705000,0.18,0.18,0.14,18952000,-15578000,-41009000,-33307000,281830000,14563000,31.67,34.26,29.09,0.0988,0.0666,5.72,5.56,71.98,2.76,0.9406,0.0019,0.6508,0.025,2.62,0.03,2.3419
2010-12-31,146300797,146300797,1,1273984000,971860000,439613000,408460000,834371000,0,0,190006000,1656000,851572000,24789000,24344000,0.18,0.17,0.13,74410000,-16436000,-54105000,4081000,315137000,13039000,28.05,31.04,25.05,0.0747,0.0524,5.7,4.85,77.92,2.62,1.2057,0.002,0.6549,0.0201,2.52,0.42,2.3793
2010-09-30,147154808,147154808,1,1284232000,970675000,433894000,404720000,850338000,0,0,189342000,1688000,817258000,20624000,20099000,0.14,0.14,0.13,50489000,-8858000,-29534000,21012000,311056000,7637000,23.83,26.5,21.16,0.0609,0.0434,5.78,4.24,85.11,2.49,1.4298,0.002,0.6621,0.0173,2.42,0.29,2.3984
2010-06-30,147590437,147590437,1,1214270000,897623000,385449000,357659000,828821000,0,0,188690000,1719000,769090000,12181000,11660000,0.08,0.08,0.13,36465000,-6166000,-84450000,-59320000,290044000,6136000,27.38,32.25,22.51,0.0468,0.0343,5.62,4.58,119.04,2.36,1.7856,0.0021,0.6826,0.0141,2.33,0.21,2.5097
2010-03-31,150028020,150028020,1,1271045000,906452000,374276000,346600000,896769000,0,0,189418000,0,737173000,8475000,7626000,0.05,0.05,0.13,14519000,-7637000,-19906000,-16430000,349364000,8276000,28.81,31.76,25.86,0.0377,0.0284,5.98,4.76,120.04,2.23,2.1085,0,0.7055,0.0118,2.27,0.04,2.6153
2009-12-31,148613598,148613598,1,1283535000,922634000,383725000,366968000,899810000,0,0,189728000,0,737423000,13528000,13528000,0.09,0.09,0.12,47805000,-11603000,-75801000,-41847000,365794000,10248000,24.66,27.4,21.91,0.0383,0.0282,6.05,3.93,58.71,2.1,2.0083,0,0.701,0.0119,2.3,0.25,2.5142
2009-09-30,150969067,150969067,1,1326244000,961552000,378246000,362098000,947998000,0,0,189798000,0,725912000,9531000,8988000,0.06,0.06,0.12,66843000,-8962000,-42244000,21823000,407641000,6852000,24.15,28.06,20.24,0.0639,0.0464,6.28,3.82,30.57,1.98,1.1582,0,0.7148,0.0187,2.43,0.4,2.6555
2009-06-30,151866261,151866261,1,1323811000,952488000,362642000,346637000,961169000,0,0,189401000,0,749887000,5416000,4801000,0.03,0.03,0.12,77437000,-12147000,-48622000,26509000,385818000,10245000,20.95,24.96,16.95,0.12,0.085,6.33,3.32,16.9,1.86,0.5935,0,0.7261,0.0318,2.66,0.44,2.7478
2009-03-31,152808954,152808954,1,1345117000,970768000,380685000,365211000,964432000,0,0,188336000,0,823325000,8788000,8788000,0.06,0.06,0.12,48068000,-13255000,-25703000,4553000,359309000,13903000,17.75,21.45,14.06,0.1879,0.1291,6.31,2.73,10.89,1.74,0.3677,0,0.717,0.0448,2.88,0.22,2.6581
2008-12-31,151358681,151358681,1,1411850000,1032899000,427962000,412852000,983888000,0,0,189382000,0,989837000,39008000,39008000,0.25,0.27,0.11,113758000,-31979000,-90883000,-18936000,354756000,17926000,19.48,24.64,14.31,0.246,0.1664,6.5,2.91,10.53,1.62,0.2731,0,0.6969,0.0544,3.06,0.63,2.5019
2008-09-30,155142517,155142517,1,1523950000,1132311000,484900000,467495000,1039050000,0,0,192143000,0,1160086000,65821000,65821000,0.44,0.43,0.11,95585000,-17846000,-45747000,16645000,373692000,16650000,25.98,29.99,21.96,0.2851,0.1917,6.7,3.98,13.82,1.51,0.233,0,0.6818,0.06,3.19,0.51,2.4221
2008-06-30,155911790,155911790,1,1551549000,1154994000,533523000,515826000,1018026000,0,0,193963000,0,1224641000,74568000,74568000,0.49,0.48,0.11,119282000,-26300000,-94207000,983000,357047000,22410000,24.55,26.6,22.51,0.2972,0.1982,6.53,3.79,13.34,1.4,0.2234,0,0.6561,0.0615,3.22,0.62,2.2391
2008-03-31,158816379,158816379,1,1526358000,1133254000,499061000,481795000,1027297000,0,0,194485000,0,1225990000,70784000,70784000,0.46,0.45,0.11,118500000,-18676000,-54080000,46064000,356064000,16427000,24.77,28.32,21.21,0.2963,0.1988,6.47,4,13.69,1.29,0.2223,0,0.673,0.0621,3.2,0.64,2.3521
2007-12-31,158829515,158829515,1,1450298000,1059638000,466249000,447952000,984049000,0,0,195143000,0,1220068000,78816000,78816000,0.5,0.49,0.1,100718000,-22698000,-97705000,-18657000,310000000,20185000,28.68,32.95,24.41,0.2949,0.2,6.2,4.7,16.2,1.18,0.2195,0,0.6785,0.0638,3.14,0.51,2.3655
2007-09-30,161061786,161061786,1,1487523000,1100090000,504281000,488522000,983242000,0,0,195666000,0,1179045000,73963000,73963000,0.47,0.46,0.1,76392000,-20729000,-124929000,-60943000,328657000,17209000,33.41,38.24,28.59,0.2873,0.1974,6.1,5.45,19.2,1.08,0.2137,0,0.661,0.0653,3.02,0.37,2.2519
2007-06-30,163936180,163936180,1,1497900000,1117586000,492337000,476333000,1005563000,0,0,195497000,0,1149128000,72726000,72726000,0.45,0.44,0.1,120425000,-45985000,-142812000,-60302000,389600000,22284000,35.39,38.01,32.78,0.2868,0.199,6.13,5.64,20.94,0.98,0.2047,0,0.6713,0.0675,2.95,0.6,2.3462
2007-03-31,166250645,166250645,1,1489365000,1135006000,444762000,430024000,1044603000,0,0,178547000,0,1097425000,70707000,70707000,0.43,0.42,0.1,113689000,-26838000,-86294000,2423000,449902000,24099000,39.06,42.21,35.91,0.2789,0.1967,6.28,6.29,23.67,0.88,0.1983,0,0.7014,0.0692,2.84,0.54,2.6394
2006-12-31,167972497,167972497,1,1459021000,1112355000,416350000,402740000,1042671000,0,0,178665000,0,1060234000,75373000,75373000,0.46,0.45,0.08,79424000,-23810000,-39918000,15822000,447479000,16309000,36.34,39.5,33.18,0.2768,0.197,6.21,6.17,23.15,0.78,0.1917,0,0.7146,0.0706,2.79,0.38,2.762
2006-09-30,167577808,167577808,1,1432243000,1089707000,445540000,432652000,986703000,0,0,180204000,0,1027563000,73647000,73647000,0.45,0.43,0.08,89359000,-21847000,-163747000,-96800000,431657000,20623000,35.91,41.9,29.91,0.2711,0.1942,5.89,5.79,23.78,0.7,0.194,0,0.6889,0.071,2.74,0.41,2.5187
2006-06-30,171311300,171311300,1,1483129000,1148133000,420486000,407335000,1062643000,0,0,178421000,0,981825000,68655000,68655000,0.41,0.39,0.08,106184000,-19238000,-38627000,55805000,528457000,19202000,40.69,43.94,37.44,0.2667,0.1932,6.2,6.99,28.06,0.62,0.1952,0,0.7165,0.0716,2.7,0.51,2.8186
2006-03-31,171791271,171791271,1,1375877000,1056112000,375989000,363041000,999888000,0,0,172017000,0,943924000,65503000,65503000,0.39,0.38,0.08,101251000,-31127000,-56974000,14294000,472652000,24312000,37.51,39.81,35.2,0.2676,0.1938,5.82,6.63,27.58,0.54,0.1967,0,0.7267,0.0717,2.7,0.45,2.9091
2005-12-31,171495944,171495944,1,1318686000,1016908000,347813000,336701000,970873000,0,0,165857000,0,884765000,64609000,64609000,0.39,0.37,0.07,89944000,-21749000,-26886000,37632000,458358000,20745000,35.92,39.86,31.98,0.2587,0.1877,5.66,6.69,28.06,0.46,0.2009,0,0.7362,0.0713,2.63,0.4,3.0202
2005-09-30,170305970,170305970,1,1271132000,978542000,356495000,350831000,914637000,0,0,168733000,0,867015000,64439000,64439000,0.39,0.37,0.07,54324000,-22299000,-57548000,-20331000,420726000,19533000,30.55,36.45,24.66,0.2464,0.1802,5.37,5.9,26.57,0.39,0.2537,0,0.7195,0.0695,2.59,0.2,2.7892
2005-06-30,169311939,169311939,1,1231444000,950513000,353896000,347319000,877548000,0,0,166660000,0,816711000,57229000,57229000,0.34,0.33,0.07,110568000,10197000,-105550000,11052000,441057000,8822000,25.52,27.09,23.95,0.2266,0.1673,5.18,4.78,25.52,0.32,0.273,0,0.7126,0.0661,2.53,0.6,2.7367
2005-03-31,171477687,171477687,1,1246919000,967295000,331400000,324950000,915519000,0,0,166499000,0,769948000,51593000,51593000,0.3,0.29,0.07,72692000,56187000,-42468000,84722000,430005000,12651000,28.59,31.12,26.06,0.2011,0.1509,5.34,5.43,35.74,0.25,0.2442,0,0.7342,0.0615,2.45,0.35,2.9768
2004-12-31,173094174,173094174,1,1198657000,916316000,286787000,280345000,911870000,0,0,167931000,0,754197000,49667000,49667000,0.29,0.29,0.12,47481000,-10718000,-20191000,24237000,436809000,9765000,27.61,30.18,25.03,0.166,0.1264,5.27,5.61,51.13,0.18,0.2217,0,0.7607,0.0525,2.41,0.22,3.2685
2004-09-30,173380339,173380339,1,1141768000,861609000,287943000,282462000,853825000,0,0,164619000,0,707987000,43080000,43080000,0.25,0.24,0.06,38834000,-10185000,-39854000,-6935000,412572000,9902000,27.16,30,24.31,0.1174,0.0906,4.92,5.6,82.3,0.06,0.1086,0,0.7478,0.0393,2.31,0.17,3.0504
2004-06-30,172303739,172303739,1,1098677000,820165000,263037000,251962000,835640000,0,0,163598000,0,641230000,32441000,32441000,0.19,0.18,0,50401000,-6067000,8280000,51038000,419507000,4599000,27.23,30.98,23.47,0.0727,0.0568,4.85,5.95,181.53,0,0,0,0.7606,0.0258,2.2,0.27,3.2551
2004-03-31,171592510,171592510,1,1009038000,729803000,222524000,220200000,786514000,0,0,164580000,0,572282000,15416000,15416000,0.09,0.09,0,25117000,-8036000,-24671000,-8054000,368469000,8601000,23.59,26.5,20.69,0.0328,0.0259,4.58,5.14,589.75,0,0,0,0.7795,0.0122,2.13,0.1,3.3143
2003-12-31,171871239,171871239,1,979903000,698619000,191242000,188899000,788661000,0,0,162508000,0,517664000,4848000,4848000,0.03,0.03,0,35963000,-7929000,4299000,32333000,376523000,6925000,22.18,25.18,19.18,0.0085,0.0067,4.59,5.03,None,0,0,0,0.8048,0.0032,2.07,0.17,3.6984
2003-09-30,171221306,171221306,1,965997000,674054000,210961000,208600000,755036000,0,0,170132000,0,501137000,4847000,4847000,0.03,0.03,0,35599000,-10179000,1096000,26516000,344190000,9971000,20.52,22.93,18.1,-0.0074,-0.0059,4.41,4.7,None,0,None,0,0.7816,None,2.05,0.15,3.2313
2003-06-30,170412129,170412129,1,946729000,649516000,201231000,198189000,745498000,0,0,160908000,0,482962000,134000,134000,0,0,0,27221000,-22805000,6800000,11216000,317674000,8583000,16.63,20.09,13.17,-0.0181,-0.0143,4.37,3.89,None,0,None,0,0.7874,None,2.04,0.11,3.2773
2003-03-31,170141689,170141689,1,927484000,635362000,199124000,193602000,728360000,0,0,164048000,0,473228000,-3439000,-3439000,-0.02,-0.02,0,25096000,-15233000,-20332000,-10469000,306458000,11013000,14.21,16.98,11.44,-0.0137,-0.0108,4.28,3.26,1421,0,None,0,0.7853,None,1.99,0.08,3.2818
2002-12-31,170820995,170820995,1,935671000,643172000,190705000,184215000,744966000,0,0,161912000,0,478581000,-7067000,-7067000,-0.04,-0.04,0,32580000,-7851000,-10270000,14459000,316927000,7477000,16.79,21.65,11.94,0.0028,0.0022,4.36,3.89,139.92,0,0,0,0.7962,0.0011,1.94,0.15,3.4914
2002-09-30,173295514,173295514,1,947664000,646463000,198491000,192159000,749173000,0,0,163254000,0,484778000,-3072000,-3072000,-0.02,-0.02,0,26341000,-18626000,-78673000,-70958000,302468000,16474000,20.29,25.2,15.37,0.0273,0.022,4.32,4.34,75.15,0,0,0,0.7905,0.0113,1.94,0.06,3.3642
2002-06-30,175132060,175132060,1,1020902000,719848000,201441000,191840000,819461000,0,0,163382000,0,473121000,3195000,3195000,0.02,0.02,0,70417000,-50905000,-24876000,-5364000,373426000,12867000,25.65,29.3,22,0.0594,0.0475,4.68,5.4,55.76,0,0,0,0.8027,0.0238,2,0.33,3.7523
2002-03-31,176163854,176163854,1,1029477000,728043000,193457000,181319000,836020000,0,0,159763000,0,468471000,9112000,9112000,0.05,0.05,0,36249000,-11482000,7255000,32022000,378790000,11482000,27.2,30.9,23.5,0.1033,0.082,4.75,5.91,40.6,0,0,0,0.8121,0.0375,2.18,0.14,4.0153
2001-12-31,175048126,175048126,1,994162000,686006000,188466000,176647000,805696000,0,0,160632000,0,510483000,12687000,12687000,0.07,0.07,0,51591000,-10989000,5038000,45640000,346768000,10989000,23.2,27.89,18.5,0.157,0.122,4.6,5.23,27.29,0,0,0,0.8104,0.0494,2.47,0.23,3.8835
2001-09-30,175382503,175382503,1,1007261000,691633000,228095000,212678000,779166000,0,0,161247000,0,574690000,23147000,23147000,0.13,0.13,0,80417000,-20883000,-36749000,22785000,301128000,20883000,23.16,27.71,18.6,0.2084,0.1583,4.44,5.22,23.63,0,0,0,0.7735,0.059,2.68,0.34,3.252
2001-06-30,175681314,175681314,1,1002596000,688042000,222937000,204804000,779659000,0,0,163094000,0,648404000,37716000,37716000,0.22,0.21,0,77422000,-26684000,5858000,56596000,278343000,26684000,25.6,30.9,20.3,0.2469,0.1853,4.44,6.21,25.1,0,0,0,0.7776,0.0656,2.83,0.29,3.3595
2001-03-31,175376537,175376537,1,967677000,660809000,245745000,231622000,721932000,0,0,165140000,0,719273000,47557000,47557000,0.27,0.26,0,66400000,-26139000,-57706000,-17445000,221747000,26139000,24.34,27.75,20.94,0.2692,0.1991,4.12,5.97,24.46,0,0,0,0.746,0.0683,2.92,0.23,2.853
2000-12-31,176201160,176201160,1,971029000,671610000,252490000,237156000,718539000,0,0,168050000,0,705888000,47843000,47843000,0.27,0.25,0,64373000,-26525000,-59090000,-21242000,239192000,26525000,31.34,38.63,24.06,0.273,0.2005,4.08,7.8,33.16,0,0,0,0.74,0.0689,2.91,0.21,2.8319
2000-09-30,177689694,177689694,1,968588000,676725000,254395000,242164000,714193000,0,0,173122000,0,689585000,48037000,48037000,0.27,0.26,0,87251000,-21931000,-33514000,31806000,260434000,19471000,31.91,35.31,28.5,0.2723,0.1999,4.02,8.49,36.47,0,0,0,0.7374,0.0686,2.91,0.38,2.7945
2000-06-30,178737412,178737412,1,914637000,629539000,242366000,228162000,672271000,0,0,172068000,0,671000000,46843000,46843000,0.26,0.25,0,43179000,-15237000,-3921000,24021000,228628000,14544000,27.66,32.5,22.81,0.2661,0.1951,3.76,7.9,34.15,0,0,0,0.735,0.0676,2.89,0.16,2.7592
2000-03-31,88789250,177578500,2,859126000,574044000,237374000,218766000,621752000,0,0,173519000,0,632846000,43380000,43380000,0.49,0.47,0,72265000,-13452000,-5280000,53533000,204607000,13452000,18.17,24,12.34,0.2556,0.1884,3.5,5.59,23.75,0,0,0,0.7237,0.0671,2.81,0.33,2.624
1999-12-31,88562533,177125066,2,777188000,490539000,201085000,176207000,576103000,0,0,175747000,0,569811000,37643000,37643000,0.43,0.4,0,24417000,-17813000,-38377000,-31773000,151074000,17813000,12.61,15,10.22,0.2491,0.1855,3.25,3.97,16.81,0,0,0,0.7413,0.068,2.73,0.04,2.7839
1999-09-30,89706029,179412058,2,778198000,430406000,207003000,152845000,571195000,0,0,172527000,0,529462000,34549000,34549000,0.38,0.38,0,44448000,-9275000,-40301000,-5128000,182847000,9275000,12.2,13.59,10.81,0.2509,0.1869,3.18,3.91,16.38,0,0,0,0.734,0.0699,2.68,0.2,2.816
1999-06-30,91434166,182868332,2,759691000,481318000,189171000,164232000,570520000,0,0,174382000,0,497060000,33939000,33939000,0.37,0.37,0,43237000,-9519000,-22065000,11653000,187975000,9519000,14.84,18.75,10.94,0.2592,0.1931,3.12,4.9,20.33,0,0,0,0.751,0.0722,2.67,0.18,2.9307
1999-03-31,91388143,182776286,2,734662000,455458000,181276000,153719000,553386000,0,0,176370000,0,484988000,35310000,35310000,0.39,0.38,0,35388000,-15951000,-9175000,10262000,176322000,15951000,19.59,24.19,15,0.2646,0.1963,3.03,6.83,28.19,0,0,0,0.7533,0.0734,2.67,0.11,2.9629
1998-12-31,91099568,182199136,2,703719000,430406000,181249000,152845000,522470000,0,0,178363000,0,478942000,35276000,35276000,0.39,0.37,0,40614000,-19709000,-21664000,-759000,166060000,19709000,19.55,24.59,14.5,0.2643,0.1955,2.87,7.06,29.18,0,0,0,0.7424,0.0734,2.66,0.11,2.816
1998-09-30,91492294,182984588,2,691461000,431648000,185081000,155590000,506380000,0,0,177945000,0,470650000,34974000,34974000,0.38,0.37,0,33121000,-20251000,-37376000,-24506000,166819000,16064000,24.92,29.34,20.5,0.2611,0.1934,2.77,9.16,40.52,0,0,0,0.7323,0.0732,2.64,0.09,2.7743
1998-06-30,92145575,184291150,2,678376000,433346000,176802000,152444000,501574000,0,0,173747000,0,442153000,32280000,32280000,0.35,0.34,0,44938000,-15315000,3270000,32893000,191325000,15315000,26.85,30.13,23.57,0.2545,0.1885,2.72,10.7,47.8,0,0,0,0.7394,0.0728,2.59,0.16,2.8427
1998-03-31,91983511,183967022,2,618317000,382032000,157214000,134703000,461103000,0,0,175599000,0,401296000,29050000,29050000,0.32,0.31,0,36654000,-16141000,6570000,27083000,158432000,16141000,20.38,24.63,16.13,0.2516,0.1864,2.51,8.94,39.7,0,0,0,0.7457,0.0724,2.58,0.11,2.8361
1997-12-31,91645927,183291854,2,561367000,334005000,142567000,122095000,418800000,0,0,177425000,0,368477000,26936000,26936000,0.32,None,0,11739000,-7408000,-3777000,554000,131349000,7408000,18.98,21.53,16.44,0.2488,0.1838,2.28,8.79,42.18,0,0,0,0.746,0.0719,2.56,0.02,2.7356
1997-09-30,90957694,181915388,2,537149000,321483000,144186000,123363000,392963000,0,0,173420000,0,339754000,24631000,24631000,0.26,None,0,28481000,-7934000,3817000,24364000,130795000,7934000,18.5,21.34,15.66,0.242,0.1784,2.16,9.3,45.49,0,0,0,0.7316,0.0708,2.52,0.11,2.606
1997-06-30,60467906,181403718,3,489571000,276779000,127830000,106461000,361741000,0,0,175114000,0,311622000,22210000,22210000,0.35,None,0,22112000,-6818000,3519000,18813000,106431000,6747000,13.63,15.75,11.5,0.2349,0.1751,1.99,7.37,37.17,0,0,0,0.7389,0.0697,2.51,0.08,2.5998
1997-03-31,60154232,180462696,3,450903000,243552000,117941000,98257000,332962000,0,0,176794000,0,283023000,19920000,19920000,0.32,None,0,19625000,-13136000,948000,7437000,87618000,9869000,13.02,14.91,11.13,0.2278,0.1705,1.85,7.61,43.89,0,0,0,0.7384,0.0688,2.48,0.05,2.4787
1996-12-31,60023397,180070191,3,416012000,217748000,107567000,86561000,308445000,0,0,174663000,0,258797000,17693000,17693000,0.29,None,0,16536000,-8307000,941000,9170000,80181000,4725000,12.36,13.83,10.88,0.2218,0.1669,1.71,7.68,46.94,0,0,0,0.7414,0.068,2.45,0.07,2.5155
1996-09-30,59489478,178468434,3,374780000,194234000,87966000,69101000,286814000,0,0,159611000,0,232950000,15946000,15946000,0.26,None,0,14766000,-5824000,5542000,14484000,71011000,6511000,10.73,13.42,8.04,0.215,0.1627,1.61,7.2,45.66,0,0,0,0.7653,0.0673,2.42,0.05,2.8109
1996-06-30,58634556,175903668,3,348178000,170967000,86134000,67784000,262044000,0,0,160919000,0,210649000,14224000,14224000,0.23,None,0,10792000,-6226000,1796000,6362000,56527000,4501000,9.14,10.15,8.13,0.2089,0.1571,1.49,6.53,43.18,0,0,0,0.7526,0.0666,2.36,0.04,2.5222
1996-03-31,29024851,174149106,6,325427000,154237000,80925000,63955000,244502000,0,0,158103000,0,196239000,13239000,13239000,0.22,None,0,12331000,-2290000,-1222000,8819000,50165000,2290000,7.39,8.29,6.5,0.2021,0.1521,1.4,5.64,32.6,0,0,0,0.7513,0.0655,2.32,0.06,2.4116
1995-12-31,28998392,173990352,6,301140000,133650000,73210000,55880000,227930000,0,0,155441000,0,175914000,11480000,11480000,0.38,None,0,7863000,-2460000,4211000,9614000,41346000,2460000,6.38,7.44,5.31,0.1954,0.1473,1.31,5.19,30.87,0,0,0,0.7569,0.0641,2.3,0.03,2.3917
1995-09-30,28587167,171523002,6,282937000,117316000,71370000,49506000,211567000,0,0,154897000,0,159303000,10463000,10463000,0.35,None,0,8812000,-3291000,2288000,7809000,31732000,2493000,5.1,5.98,4.21,0.1877,0.1423,1.23,4.4,27.08,0,0,0,0.7478,0.0629,2.26,0.04,2.3697
1995-06-30,28375108,170250648,6,261983000,100534000,64386000,42317000,197597000,0,0,152208000,0,148570000,9350000,9350000,0.32,None,0,11865000,-2567000,-319000,8979000,23923000,2341000,4.02,4.77,3.27,0.1815,0.1358,1.16,3.65,26.22,0,0,0,0.7542,0.0611,2.22,0.06,2.3757
1995-03-31,28383430,170300580,6,248457000,89041000,60656000,39432000,187801000,0,0,151666000,0,144739000,9005000,9005000,0.31,None,0,13631000,-1123000,-202000,12306000,14944000,1123000,3.97,4.44,3.5,0.1767,None,1.1,3.82,29.41,0,0,0,0.7559,0.0601,2.14,0.07,2.2581
1994-12-31,28313280,169879680,6,227761000,67703000,50766000,29627000,176995000,0,0,152824000,0,125015000,7498000,7498000,0.26,None,0,3276000,-1346000,-434000,1496000,2638000,1346000,3.74,4.46,3.02,0.1683,None,1.04,3.94,None,0,0,0,0.7771,0.0585,2.03,0.01,2.2852
1994-09-30,27429228,164575368,6,221602000,61124000,65701000,30812000,155901000,0,0,154133000,0,114903000,6742000,6742000,0.24,None,0,5008000,-1447000,-3958000,-397000,1142000,1324000,3.33,3.84,2.83,None,None,0.95,3.7,None,0,None,0,0.7035,None,None,0.02,1.9838
1994-06-30,13668480,164021760,12,218243000,57559000,70801000,31156000,147442000,0,0,155012000,0,106514000,6273000,6273000,0.22,None,0,10509000,-3769000,-6700000,40000,1539000,1441000,2.94,3.37,2.51,None,None,0.9,3.42,None,0,None,0,0.6756,None,None,0.06,1.8474
1994-03-31,13552517,162630204,12,211794000,53928000,71371000,27048000,140423000,0,0,152886000,0,99896000,5604000,5604000,0.4,None,0,6566000,-2612000,-4228000,-274000,1499000,657000,2.44,2.74,2.13,None,None,0.86,2.98,None,0,None,0,0.663,None,None,0.04,1.9938
1993-12-31,13518520,162222240,12,204598000,47466000,70996000,22188000,133602000,0,0,152156000,0,None,None,None,None,None,0,None,None,None,None,1773000,0,2.17,2.35,2,None,None,0.82,None,None,0,None,0,0.653,None,None,None,2.1393
