"Quarter end","Shares","Shares split adjusted","Split factor","Assets","Current Assets","Liabilities","Current Liabilities","Shareholders equity","Non-controlling interest","Preferred equity","Goodwill & intangibles","Long-term debt","Revenue","Earnings","Earnings available for common stockholders","EPS basic","EPS diluted","Dividend per share","Cash from operating activities","Cash from investing activities","Cash from financing activities","Cash change during period","Cash at end of period","Capital expenditures","Price","Price high","Price low","ROE","ROA","Book value of equity per share","P/B ratio","P/E ratio","Cumulative dividends per share","Dividend payout ratio","Long-term debt to equity ratio","Equity to assets ratio","Net margin","Asset turnover","Free cash flow per share","Current ratio"
2019-06-30,503666583,503666583,1,14463300000,None,3091000000,None,9911000000,1461300000,0,3013400000,697000000,1476700000,245900000,243300000,0.48,0.48,0.26,-274900000,-274600000,360800000,-188400000,5757600000,130400000,33.66,35.82,31.51,0.1404,0.0976,19.68,1.73,11.3,14.35,0.3707,0.0703,0.6853,0.2368,0.41,-0.8,None
2019-03-31,507559742,507559742,1,14239000000,None,2920600000,None,9883800000,1434600000,0,3027900000,697900000,1433800000,367500000,363700000,0.72,0.72,0.26,178200000,-623900000,-266700000,-712900000,5946000000,46500000,31.37,34.15,28.59,0.1564,0.1066,19.47,1.64,10.32,14.09,0.327,0.0706,0.6941,0.2597,0.41,0.26,None
2018-12-31,509510446,509510446,1,13950600000,None,2941600000,None,9745400000,1263600000,0,2326200000,697700000,1411500000,275900000,273400000,0.54,0.54,0.26,266000000,-110300000,-396100000,-251700000,6658900000,25700000,30.99,34.65,27.34,0.1622,0.1055,19.13,1.61,21.52,13.83,1.3192,0.0716,0.6986,0.2624,0.4,0.47,None
2018-09-30,513094888,513094888,1,14383500000,None,3132000000,None,9899200000,1352300000,0,2333400000,695900000,1527200000,502500000,504400000,0.96,0.97,0.23,721200000,-17600000,-445000000,256400000,6910600000,35000000,32.4,34.85,29.95,0.0718,0.0466,19.29,1.73,26.13,13.57,2.8267,0.0703,0.6882,0.1182,0.38,1.34,None
2018-06-30,527058253,527058253,1,15528000000,None,3306000000,None,9863500000,2358500000,0,2352900000,695700000,1558600000,402000000,398700000,0.75,0.75,0.23,611500000,-91300000,-2552200000,-2072300000,6654200000,27800000,33.21,34.86,31.56,0.0601,0.0399,18.71,1.78,27.22,13.34,3.1626,0.0705,0.6352,0.1038,0.37,1.11,None
2018-03-31,540208274,540208274,1,17690000000,None,5203400000,None,10058400000,2428200000,0,2242300000,1044800000,1617800000,443200000,428000000,0.79,0.78,3.23,576600000,-122900000,-713400000,-243900000,8726500000,24500000,39.77,45.96,33.58,0.0575,0.0393,18.62,1.87,33.7,13.11,3.1088,0.1039,0.5686,0.1042,0.37,1.02,None
2017-12-31,551703549,551703549,1,18074400000,None,3785800000,None,11758100000,2530500000,0,2235100000,1044500000,1615500000,-583300000,-584300000,-1.06,-1.06,0.23,320400000,-58600000,-51100000,220700000,8970400000,19200000,42.81,45.4,40.22,0.0541,0.0383,21.31,1.88,14.22,9.88,0.6963,0.0888,0.6505,0.1028,0.37,0.55,None
2017-09-30,553908023,553908023,1,17534000000,None,2656300000,None,12620000000,2257700000,0,2227700000,1044200000,1616900000,425200000,422800000,0.77,0.77,0.2,177100000,-12900000,-225200000,-36500000,8749700000,25900000,44.3,47.65,40.95,0.137,0.0992,22.78,1.99,14.48,9.65,0.2658,0.0827,0.7197,0.2635,0.37,0.27,None
2017-06-30,557701394,557701394,1,17476200000,None,2940500000,None,12400000000,2135700000,0,2228000000,1374700000,1613900000,410600000,407100000,0.73,0.73,0.2,344000000,-9200000,-369000000,10100000,8786200000,20200000,43.04,45.6,40.48,0.1428,0.1041,22.23,1.98,13.88,9.45,0.2537,0.1109,0.7095,0.2711,0.38,0.58,None
2017-03-31,561316505,561316505,1,17210100000,None,3077100000,None,12193600000,1939400000,0,2224000000,1374100000,1600600000,420700000,417200000,0.74,0.74,0.2,168100000,132500000,4100000,321300000,8776100000,16000000,41.87,44.35,39.38,0.1477,0.1086,21.72,1.98,14.1,9.25,0.2441,0.1127,0.7085,0.2758,0.39,0.27,None
2016-12-31,565321260,565321260,1,16210300000,None,3122100000,None,11964800000,1123400000,0,2200400000,1394400000,1560800000,440200000,437200000,0.77,0.77,0.2,446200000,-58400000,-365900000,-28500000,8454800000,12800000,37.6,42.18,33.02,0.144,0.1071,21.16,1.79,12.79,9.05,0.2485,0.1165,0.7381,0.266,0.4,0.77,None
2016-09-30,568805502,568805502,1,16098800000,None,3509500000,None,11935800000,653500000,0,2211300000,1401200000,1611800000,472100000,469800000,0.82,0.82,0.18,562300000,100200000,-425000000,241200000,8483300000,36200000,34.29,36.99,31.59,0.1452,0.1077,20.98,1.68,12.7,8.85,0.2436,0.1174,0.7414,0.2593,0.41,0.92,None
2016-06-30,576121369,576121369,1,15997500000,None,3586600000,None,11782100000,628800000,0,2213500000,1441000000,1634300000,446400000,443200000,0.77,0.77,0.18,735700000,-7000000,-509200000,201100000,8242100000,26300000,35.9,41.24,30.56,0.1359,0.1002,20.45,1.78,13.05,8.67,0.2532,0.1223,0.7365,0.233,0.43,1.23,None
2016-03-31,584931455,584931455,1,15890900000,None,3450400000,None,11770400000,670100000,0,2221600000,2842600000,1613900000,360400000,357700000,0.61,0.61,0.18,134500000,9800000,-403100000,-228000000,8041000000,16000000,35.47,39.94,31,0.1399,0.1027,20.12,1.78,11.37,8.49,0.2374,0.2415,0.7407,0.2292,0.45,0.2,None
2015-12-31,592645982,592645982,1,16155500000,None,3681400000,None,11781200000,692900000,0,2247700000,0,1758000000,447800000,445100000,0.74,0.74,0.18,295200000,89200000,-463400000,-99100000,8269000000,19100000,38.42,42.23,34.62,0.1604,0.1168,19.88,1.95,11.68,8.31,0.2003,0,0.7292,0.2493,0.47,0.47,None
2015-09-30,601489475,601489475,1,16335700000,None,3780300000,None,11841000000,714400000,0,2257000000,0,1873800000,358200000,357200000,0.58,0.58,0.15,437100000,13600000,-515000000,-58300000,8368100000,25300000,43.05,49.96,36.15,0.1711,0.1237,19.69,2.19,11.54,8.13,0.3357,0,0.7249,0.2545,0.48,0.68,None
2015-06-30,613818029,613818029,1,16670300000,None,3884700000,None,12085500000,700100000,0,2285800000,0,2000800000,504200000,500800000,0.82,0.82,0.15,693500000,128200000,-552200000,304100000,8426400000,13800000,50.72,52.76,48.69,0.1959,0.1409,19.69,2.65,13.24,7.98,0.2881,0,0.725,0.2799,0.5,1.11,None
2015-03-31,618559281,618559281,1,16491100000,None,4007200000,None,11821500000,662400000,0,2287600000,0,2009800000,606500000,602500000,0.98,0.98,0.15,549000000,16600000,-217100000,237100000,8122300000,13600000,53.2,55.91,50.49,0.2056,0.1454,19.11,2.86,14.22,7.83,0.272,0,0.7168,0.2844,0.51,0.87,None
2014-12-31,621826792,621826792,1,16296800000,None,4068300000,None,11555800000,672700000,0,2307900000,0,2064300000,566400000,562800000,0.91,0.91,0.65,572400000,90500000,-327900000,289200000,7885200000,16100000,54.27,59.43,49.12,0.206,0.1434,18.58,2.92,14.32,7.68,0.2698,0,0.7091,0.2762,0.52,0.89,None
2014-09-30,622371509,622371509,1,16357100000,None,3909900000,None,11584100000,863100000,0,2325900000,0,2155500000,640600000,637600000,1.02,1.02,0.12,727100000,106300000,-863000000,-101600000,7596000000,14900000,55.47,58.28,52.65,0.2142,0.1465,18.61,3.07,15.49,7.03,0.1269,0,0.7082,0.2791,0.52,1.14,None
2014-06-30,625291113,625291113,1,16691900000,None,4587300000,None,11295300000,809300000,0,2348800000,0,2130500000,578900000,575000000,0.92,0.92,0.12,771500000,282400000,-268900000,786700000,7697600000,9800000,54.71,58.42,51,0.2096,0.1405,18.06,3.16,15.54,6.91,0.1291,0,0.6767,0.2691,0.52,1.22,None
2014-03-31,627689616,627689616,1,16137400000,None,4491000000,None,10865200000,781200000,0,2346700000,0,2095900000,561000000,557100000,0.89,0.89,0.12,314700000,-113900000,9100000,211200000,6910900000,13400000,54.39,58.87,49.92,0.2147,0.1419,17.31,3.26,15.42,6.79,0.1246,0,0.6733,0.2674,0.53,0.48,None
2013-12-31,630845249,630845249,1,15909300000,None,4671100000,None,10507100000,731100000,0,2351000000,0,2109500000,603800000,600300000,0.96,0.96,0.12,324700000,115800000,-72500000,376600000,6699700000,15000000,53.67,57.85,49.49,0.2237,0.1457,16.66,3.36,15.91,6.67,0.1178,0,0.6604,0.2715,0.53,0.49,None
2013-09-30,630836193,630836193,1,15390300000,None,4583000000,None,10073100000,734200000,0,2359200000,0,1984800000,509000000,507100000,0.8,0.81,0.1,508100000,55300000,-510300000,91000000,6323100000,20600000,49.71,54.36,45.06,0.2236,0.1437,15.97,3.23,14.91,6.55,0.4145,0,0.6545,0.2675,0.53,0.77,None
2013-06-30,635201922,635201922,1,15317200000,None,4794100000,None,9779800000,743300000,0,2358800000,0,2084800000,552300000,548300000,0.87,0.86,0.097,755800000,79600000,-157900000,676300000,6232100000,13400000,50.38,56.54,44.22,0.227,0.1441,15.4,3.41,15.84,6.45,0.4151,0,0.6385,0.2712,0.53,1.17,None
2013-03-31,212609362,637828086,3,14810200000,None,4651800000,None,9420000000,738400000,0,2380900000,0,2013600000,572800000,568800000,2.69,2.69,0.29,485400000,63500000,-209500000,313100000,5555800000,15900000,46.51,50.35,42.67,0.2228,0.1415,14.77,3.32,15.22,6.36,0.4327,0,0.636,0.2692,0.52,0.74,None
2012-12-31,212528109,637584327,3,14354200000,None,4753200000,None,8947800000,653200000,0,2392300000,0,1901800000,516100000,512100000,2.42,2.42,3.29,286400000,34500000,-1140400000,-808700000,5242700000,12300000,42.99,44.64,41.34,0.2197,0.1395,14.03,2.98,14.41,6.26,0.4462,0,0.6234,0.2677,0.52,0.43,None
2012-09-30,212293567,636880701,3,14751500000,None,4964300000,None,9201300000,585900000,0,2141900000,0,1816191000,492129000,490287000,2.32,2.31,0.27,180368000,263699000,205807000,666361000,6051400000,16547000,39.03,42.73,35.33,0.2199,0.1393,14.45,2.84,13.74,5.16,0.3454,0,0.6238,0.2703,0.51,0.26,None
2012-06-30,212602957,637808871,3,13634313000,7341652000,4297694000,1385976000,8749329000,587290000,0,2127488000,0,1783584000,455267000,452180000,2.12,2.12,0.27,407483000,168083000,-243958000,305911000,5385052000,16568000,38.13,42.61,33.64,0.2155,0.1362,13.72,2.83,13.21,5.07,0.3578,0,0.6417,0.259,0.52,0.61,5.2971
2012-03-31,215185362,645556086,3,13662808000,7568629000,4286559000,1116704000,8689779000,686470000,0,2145359000,0,1799349000,503219000,499790000,2.33,2.32,0.27,310609000,205214000,-365321000,167283000,5079141000,18517000,36.81,42.16,31.46,0.2216,0.141,13.46,2.88,12.86,4.98,0.3475,0,0.636,0.2632,0.53,0.45,6.7777
2011-12-31,215942632,647827896,3,13405487000,7084056000,4445586000,1040924000,8273643000,686258000,0,2142227000,0,1701876000,480785000,477443000,2.21,2.2,2.27,167740000,236404000,-681428000,-286755000,4911858000,26768000,33.35,37.46,29.24,0.2234,0.1432,12.77,2.55,11.61,4.89,0.346,0,0.6172,0.2651,0.54,0.22,6.8055
2011-09-30,217398823,652196469,3,13775843000,7616768000,4653373000,1312064000,8524731000,597739000,0,2148191000,0,1837130000,415976000,415209000,1.89,1.88,0.25,613179000,3252000,-98426000,478624000,5198613000,47006000,38.52,45.85,31.19,0.2269,0.1476,13.07,2.93,13.74,4.14,0.1153,0,0.6188,0.2682,0.55,0.87,5.8052
2011-06-30,220537173,661611519,3,13150999000,7585897000,4352402000,1280655000,8686499000,112098000,0,2093573000,0,1853033000,503347000,500460000,2.27,2.26,0.25,520255000,-121036000,-355938000,51546000,4719989000,19568000,42.03,43.88,40.17,0.2273,0.1533,13.13,3.33,16.31,4.05,0.1151,0,0.6605,0.2741,0.56,0.76,5.9235
2011-03-31,221858590,665575770,3,12827382000,7104202000,4377435000,1171099000,8413508000,36439000,0,2080674000,0,1749563000,503100000,500338000,2.26,2.25,0.25,242568000,309595000,-221109000,347413000,4668443000,11145000,39.88,43.66,36.11,0.2184,0.15,12.64,3.28,17.02,3.97,0.1214,0,0.6559,0.2658,0.56,0.35,6.0663
2010-12-31,223065236,669195708,3,12391955000,6808499000,4238432000,1108329000,8129728000,23795000,0,2007401000,0,1700313000,501157000,499031000,2.24,2.23,0.25,245776000,244102000,-292712000,197314000,4321030000,54003000,38.51,41.67,35.35,0.207,0.1479,12.15,3.35,18.22,3.89,0.1289,0,0.656,0.257,0.57,0.29,6.143
2010-09-30,223993333,671979999,3,10708088000,6362793000,2958109000,1006642000,7726994000,22985000,0,2006629000,0,1528404000,372906000,372906000,1.65,1.67,0.22,311102000,-23294000,-180299000,133094000,4123716000,4416000,32.2,36.4,28,0.1946,0.1451,11.5,2.93,15.43,3.8,0.6121,0,0.7216,0.2467,0.59,0.46,6.3208
2010-06-30,225089900,675269700,3,10409814000,6027564000,2951108000,992322000,7426502000,32204000,0,1999919000,0,1534071000,360495000,358479000,1.59,1.58,0.22,643540000,21599000,319340000,967002000,3990622000,25125000,34.52,40.63,28.4,0.1945,0.1491,11,3.19,17.35,3.73,0.6137,0,0.7134,0.2585,0.58,0.92,6.0742
2010-03-31,227338845,682016535,3,9520582000,5123003000,2104016000,989638000,7384276000,32290000,0,2012701000,0,1413113000,356685000,356685000,1.56,1.55,0.22,379322000,-100122000,-93369000,173312000,3023620000,18272000,34.86,38.24,31.48,0.1868,0.1471,10.83,3.35,21.34,3.66,0.6399,0,0.7756,0.2699,0.54,0.53,5.1766
2009-12-31,228220726,684662178,3,9224129000,5031628000,2052739000,971307000,7135051000,36339000,0,2007219000,0,1377411000,355603000,355603000,1.55,1.54,3.22,317075000,69149000,-640591000,-254143000,2850308000,9590000,35.37,38.79,31.95,0.1552,0.1231,10.42,3.19,27.35,3.58,0.7778,0,0.7735,0.2459,0.5,0.45,5.1803
2009-09-30,229249998,687749994,3,9468463000,5244420000,1768902000,725540000,7632173000,67388000,0,2004600000,0,1238927000,367356000,367356000,1.6,1.59,0.21,152392000,664106000,-86055000,733786000,3104451000,12755000,28.25,34.67,21.83,0.1234,0.0982,11.1,2.66,23.61,2.51,0.2164,0,0.8061,0.2138,0.46,0.2,7.2283
2009-06-30,230328224,690984672,3,9242906000,5000404000,1812660000,717473000,7343517000,86729000,0,1997521000,0,1073558000,297716000,297716000,1.3,1.29,0.21,242401000,-192142000,-162510000,-73671000,2370665000,4797000,21.76,25.87,17.64,0.1165,0.0916,10.63,2.15,16.28,2.44,0.2319,0,0.7945,0.1941,0.47,0.34,6.9695
2009-03-31,231778053,695334159,3,8830436000,4625611000,1741691000,625495000,7048825000,39920000,0,1985239000,0,912272000,110806000,110806000,0.48,0.48,0.21,204664000,-342130000,-244114000,-392461000,2444336000,5847000,18,23.61,12.4,0.1321,0.103,10.14,1.79,10.65,2.37,0.2041,0,0.7982,0.198,0.52,0.29,7.3951
2008-12-31,232919222,698757666,3,8987352000,4550273000,1894075000,647171000,7038246000,55031000,0,1995861000,0,969330000,120900000,120900000,0.52,0.52,0.21,41945000,160105000,152071000,309245000,2836797000,21784000,23.5,31.83,15.17,0.1686,0.1272,10.07,2.32,10.57,2.3,0.1592,0,0.7831,0.224,0.57,0.03,7.031
2008-09-30,232705057,698115171,3,9176520000,4849632000,2024994000,935890000,7074364000,77162000,0,2017665000,0,1321454000,300489000,300489000,1.3,1.3,0.2,-2237000,-591490000,140980000,-516562000,2527552000,12606000,32.52,37.9,27.13,0.2251,0.1666,10.13,3.19,13.66,2.23,0.1186,0,0.7709,0.2633,0.63,-0.02,5.1818
2008-06-30,234262389,702787167,3,9344564000,4979786000,2140999000,1018683000,7155729000,47836000,0,2036653000,0,1521649000,403312000,403312000,1.72,1.71,0.2,934372000,-472050000,-1078066000,-619593000,3044114000,23237000,33.2,36,30.4,0.2422,0.1773,10.18,3.37,13.66,2.16,0.1035,0,0.7658,0.272,0.65,1.3,4.8885
2008-03-31,236371245,709113735,3,9944722000,5179464000,2914469000,1446046000,6984109000,46144000,0,2047701000,0,1503692000,366096000,366096000,1.55,1.54,0.2,273098000,302519000,199935000,781434000,3663707000,19825000,33.42,38.16,28.69,0.2526,0.1835,9.85,3.41,13.4,2.1,0.0942,0,0.7023,0.2771,0.66,0.36,3.5818
2007-12-31,238277402,714832206,3,9672751000,4917609000,2621858000,1248992000,7012891000,38002000,0,2056499000,0,1685591000,518316000,518316000,2.15,2.12,0.2,204008000,-335101000,-562824000,-701910000,2882273000,14547000,41.92,47.69,36.15,0.2627,0.1928,9.81,4.2,17.89,2.03,0.0851,0,0.725,0.2885,0.67,0.27,3.9373
2007-09-30,245015630,735046890,3,9943250000,5456726000,2569571000,1435643000,7332275000,41404000,0,2058244000,0,1629137000,436908000,436908000,1.78,1.77,0.15,139781000,-199966000,15492000,-44693000,3584183000,24722000,43.11,48.53,37.69,0.2489,0.1834,9.98,4.54,19.13,1.96,0.0841,0,0.7374,0.2857,0.64,0.16,3.8009
2007-06-30,245944911,737834733,3,9454741000,5157546000,2373898000,1366330000,7012072000,68771000,0,2054349000,0,1639811000,468364000,468364000,1.89,1.86,0.15,670715000,-288137000,-785700000,-403122000,3576046000,25728000,43.02,46.44,39.6,0.2468,0.1797,9.5,4.58,20.45,1.91,0.0831,0,0.7416,0.2924,0.61,0.87,3.7747
2007-03-31,249630888,748892664,3,9616910000,5335134000,2473502000,933649000,7030981000,112427000,0,1975824000,0,1509006000,440866000,440866000,1.75,1.73,0.15,311866000,158576000,-497323000,-26881000,3979168000,26105000,39.67,42.24,37.1,0.2389,0.1717,9.39,4.24,22.37,1.86,0.0841,0,0.7311,0.292,0.59,0.38,5.7143
2006-12-31,253656949,760970847,3,9663476000,5466571000,2439794000,935271000,7117337000,106345000,0,1976203000,0,1427815000,426800000,426800000,1.69,1.67,0.15,551271000,23359000,-181716000,392914000,4006049000,17589000,36.41,38.33,34.5,0.2066,0.1476,9.35,4.14,22.48,1.81,0.0944,0,0.7365,0.2598,0.57,0.7,5.8449
2006-09-30,253537899,760613697,3,9499859000,4969601000,2719335000,962196000,6684728000,95796000,0,1981458000,0,1297229000,381669000,381669000,1.51,1.5,0.12,240253000,-62400000,22086000,199939000,3613135000,32501000,31.51,35.56,27.46,0.1963,0.1388,8.79,3.79,20.33,1.76,0.097,0,0.7037,0.251,0.55,0.27,5.1649
2006-06-30,252579378,757738134,3,8974743000,4789344000,2557303000,997005000,6306330000,111110000,0,1984031000,0,1317275000,371414000,371414000,1.44,1.41,0.12,427864000,36364000,-801469000,-337241000,3413196000,10823000,29.75,32.78,26.72,0.1966,0.1359,8.32,3.55,21.05,1.72,0.5125,0,0.7027,0.2482,0.55,0.55,4.8037
2006-03-31,259968537,779905611,3,9164961000,5106378000,2529153000,873865000,6543017000,92791000,0,1983171000,0,1254770000,196516000,196516000,0.76,0.74,0.12,294402000,-85148000,-85170000,124084000,3750437000,14690000,32.85,34.75,30.95,0.1865,0.1252,8.39,4.05,22.66,1.68,0.5584,0,0.7139,0.2359,0.53,0.36,5.8434
2005-12-31,258655801,775967403,3,8891826000,4712591000,2521535000,767013000,6293114000,77177000,0,2041852000,0,1181452000,317969000,317969000,1.26,1.21,0.12,315371000,147708000,11115000,474194000,3626353000,11036000,29.41,32.95,25.88,0.2033,0.1297,8.11,3.94,21.73,1.64,0.5408,0,0.7077,0.252,0.51,0.39,6.1441
2005-09-30,253765553,761296659,3,8893927000,4620588000,3133436000,851897000,5684384000,76107000,0,2047444000,0,1163161000,334495000,334495000,1.34,1.29,2.1,239568000,-80736000,40881000,199713000,3152159000,24398000,26.94,28.24,25.64,0.1978,0.1224,7.47,3.84,23.03,1.6,0.5751,0,0.6391,0.2454,0.5,0.28,5.4239
2005-06-30,251615588,754846764,3,8528563000,4285148000,3136841000,886689000,5301538000,90184000,0,2046703000,0,1109734000,261873000,261873000,1.04,1,0.1,434441000,-41476000,-637612000,-244647000,2952446000,14083000,23.54,25.88,21.19,0.1751,0.1074,7.02,3.5,22.07,0.9,0.1075,0,0.6216,0.2254,0.48,0.56,4.8328
2005-03-31,250836748,752510244,3,8699455000,4378228000,3548510000,1296622000,5061287000,89658000,0,2051029000,0,1051181000,221274000,221274000,0.88,0.85,0.1,175309000,-82273000,-1153000,91883000,3197093000,38995000,23.03,24.51,21.55,0.1612,0.0984,6.73,3.24,22.8,0.87,0.1142,0,0.5818,0.2168,0.45,0.18,3.3766
2004-12-31,250379789,751139367,3,8451248000,4245654000,3019346000,825267000,5339332000,92570000,0,2057950000,0,986022000,239989000,239989000,0.96,0.92,0.1,239891000,-53074000,1205000,188022000,3105210000,4795000,21.19,23.82,18.55,0.1537,0.095,7.11,3.13,22.7,0.84,0.1164,0,0.6318,0.214,0.44,0.31,5.1446
2004-09-30,251352866,754058598,3,8228135000,4044212000,3045262000,921115000,5106784000,76089000,0,2053257000,0,894645000,187681000,187681000,0.75,0.74,0.09,472211000,-20371000,-15068000,436772000,2917188000,13998000,17.22,18.82,15.62,0.1456,0.0895,6.77,2.63,19.49,0.8,0.1221,0,0.6206,0.2055,0.44,0.61,4.3906
2004-06-30,249384408,748153224,3,8074586000,3699501000,3093537000,856267000,4905269000,75780000,0,2051822000,0,862753000,173896000,173896000,0.7,0.69,0.085,251756000,-161977000,-158943000,-69164000,2480416000,4490000,17.65,19.27,16.03,0.1442,0.0886,6.56,2.76,21.35,0.77,0.1208,0,0.6075,0.2055,0.43,0.33,4.3205
2004-03-31,249989679,749969037,3,7850480000,3504955000,2987587000,729386000,4800853000,62040000,0,2061078000,0,874641000,172791000,172791000,0.69,0.68,0.085,115072000,1000216000,81516000,1196804000,2549580000,-302000,19.02,20.7,17.34,0.1391,0.0861,6.4,3.09,25.59,0.74,0.1252,0,0.6115,0.2036,0.42,0.15,4.8053
2003-12-31,249411310,748233930,3,7417402000,3311870000,2755853000,649846000,4598629000,62920000,0,2060936000,0,806169000,172296000,172296000,0.7,0.69,0.085,104319000,123816000,70946000,299081000,1352776000,7747000,15.94,17.42,14.46,0.1282,0.0808,6.15,2.76,24.27,0.72,0.1352,0,0.62,0.2001,0.4,0.13,5.0964
2003-09-30,248473077,745419231,3,6970749000,2968827000,2660641000,488526000,4310108000,0,0,2019798000,0,721955000,152079000,152079000,0.6,0.59,0.07,153457000,-235799000,-277378000,-359720000,1053695000,8623000,14.27,15.65,12.89,0.1156,0.0743,5.78,2.46,26.1,0.69,0.1482,0,0.6183,0.1916,0.39,0.19,6.0771
2003-06-30,250985035,752955105,3,6977110000,3029026000,2615819000,449914000,4361291000,0,0,2022419000,0,683907000,131388000,131388000,0.52,0.52,0.075,144107000,226453000,217969000,588529000,1413415000,11978000,12.29,13.62,10.95,0.0966,0.0632,5.79,2.14,23.04,0.66,0.1793,0,0.6251,0.167,0.38,0.18,6.7325
2003-03-31,253468709,760406127,3,6606305000,2369499000,2237818000,405511000,4368487000,0,0,2018061000,0,613135000,109603000,109603000,0.43,0.43,0.075,168841000,-223964000,-171104000,-226227000,824886000,16217000,11.17,12.34,10,0.0956,0.0636,5.74,1.98,20.56,0.64,0.1803,0,0.6613,0.1659,0.38,0.2,5.8432
2002-12-31,257411534,772234602,3,6519327000,2425889000,2161526000,389816000,4357801000,0,0,2015833000,0,605451000,109760000,109760000,0.43,0.43,0.075,81620000,-38093000,26982000,70509000,1051113000,15835000,10.96,12.62,9.3,0.0989,0.0655,5.64,1.99,19.93,0.61,0.1743,0,0.6684,0.1692,0.39,0.09,6.2232
2002-09-30,257878976,773636928,3,6422738000,2322808000,2155792000,455019000,4266946000,0,0,2019185000,0,608307000,68518000,68518000,0.27,0.26,0.07,174200000,-3902000,-140462000,29836000,980604000,27988000,12.11,14.38,9.84,0.1025,0.068,5.52,2.19,21.37,0.59,0.1684,0,0.6644,0.1718,0.4,0.19,5.1049
2002-06-30,259915179,779745537,3,6448764000,2533545000,2132483000,480212000,4316281000,0,0,1976323000,0,666050000,125690000,125690000,0.48,0.48,0.07,144972000,-234296000,-76964000,-166288000,923538000,6616000,13.99,14.83,13.15,0.108,0.0708,5.54,2.61,24.98,0.57,0.1632,0,0.6693,0.1782,0.4,0.18,5.2759
2002-03-31,261895951,785687853,3,6494580000,2228926000,2280127000,410938000,4214453000,0,0,1980560000,0,625968000,119996000,119996000,0.46,0.46,0.07,191583000,-3344000,113259000,301498000,1089826000,8802000,13.12,14.72,11.51,0.109,0.0713,5.36,2.51,22.36,0.54,0.1627,0,0.6489,0.1799,0.4,0.23,5.424
2001-12-31,261386285,784158855,3,6089603000,2218362000,1997486000,385683000,4092117000,0,0,1984445000,0,618207000,118519000,118519000,0.45,0.45,0.07,226045000,24844000,-31538000,219351000,788328000,9656000,11.45,12.62,10.28,0.1195,0.0816,5.22,2.26,17.89,0.52,0.156,0,0.672,0.1884,0.43,0.28,5.7518
2001-09-30,261297294,783891882,3,6265650000,1930276000,2287754000,457433000,3977896000,0,0,1988820000,0,603883000,83869000,83869000,0.32,0.31,0.07,122169000,-415977000,-12328000,-306136000,568977000,25407000,12.96,15.36,10.55,0.1368,0.0958,5.07,2.59,17.83,0.5,0.141,0,0.6349,0.2058,0.47,0.12,4.2198
2001-06-30,261640925,784922775,3,5934863000,1816099000,1999727000,395939000,3935136000,0,0,2018236000,0,609473000,119703000,119703000,0.46,0.46,0.065,200862000,-530893000,216489000,-113542000,875113000,37254000,13.91,15.8,12.02,0.1646,0.1202,5.01,3.47,18.14,0.47,0.1194,0,0.6631,0.2311,0.52,0.21,4.5868
2001-03-31,264523885,793571655,3,3955782000,1659847000,774080000,313594000,3181702000,0,0,1238681000,0,577413000,131684000,131684000,0.54,0.54,0.065,112078000,-81330000,-125838000,-95090000,988655000,26610000,13.75,16.1,11.4,0.1866,0.1411,4.01,3.27,17.63,0.45,0.1108,0,0.8043,0.2441,0.58,0.11,5.293
2000-12-31,244128652,732385956,3,4092377000,1568222000,1014085000,404396000,3078292000,0,0,1248627000,0,564074000,149465000,149465000,0.61,0.61,0.065,118078000,248587000,-28925000,337740000,1083745000,18055000,13.25,15.17,11.33,0.1982,0.1467,4.2,3.26,17.43,0.43,0.104,0,0.7522,0.2455,0.6,0.14,3.8779
2000-09-30,243618404,730855212,3,4042443000,1656294000,1076950000,489559000,2965493000,0,0,1169485000,0,593050000,140823000,140823000,0.57,0.57,0.06,174160000,-486250000,-52594000,-364684000,746005000,27608000,12.61,15.21,10,0.2002,0.1469,4.06,3.26,16.96,0.41,0.1045,0,0.7336,0.2402,0.61,0.2,3.3832
2000-06-30,243545406,730636218,3,3850572000,1574949000,1020197000,418502000,2830375000,0,0,1174928000,0,568897000,140370000,140370000,0.58,0.58,0.06,199819000,-118804000,-47292000,33723000,1110689000,29600000,10.74,12.08,9.4,0.2028,0.1484,3.87,2.89,15.06,0.39,0.1068,0,0.7351,0.2386,0.62,0.23,3.7633
2000-03-31,243544864,730634592,3,3661489000,1544892000,953318000,365423000,2708171000,0,0,1184212000,0,612526000,143374000,143374000,0.58,0.58,0.06,193589000,82647000,-159587000,116649000,1076966000,28728000,10.64,13.06,8.21,0.2014,0.1465,3.71,2.92,16.2,0.37,0.1089,0,0.7396,0.2314,0.63,0.23,4.2277
1999-12-31,248652854,745958562,3,3749292000,1477746000,1024902000,369225000,2724390000,0,0,1193494000,0,565667000,137522000,137522000,0.55,0.55,0.06,134145000,86568000,-79640000,141073000,960317000,22496000,10.41,11.67,9.15,0.1908,0.1372,3.65,2.94,18.48,0.35,0.1163,0,0.7266,0.2193,0.63,0.15,4.0023
1999-09-30,250264170,750792510,3,3666790000,1485889000,1009796000,486490000,2656994000,0,0,1202777000,0,573972000,132441000,132441000,0.52,0.52,0.06,197078000,-12236000,-108174000,76668000,819244000,42959000,12.2,14.48,9.92,0.1701,0.1211,3.54,3.6,22.73,0.33,0.1327,0,0.7246,0.1886,0.64,0.21,3.0543
1999-06-30,252133500,756400500,3,3575104000,1465910000,1008941000,428467000,2566163000,0,0,1212059000,0,566775000,123307000,123307000,0.49,0.49,0.055,182459000,-60969000,-10234000,111256000,742576000,44370000,12.02,15,9.04,0.1683,0.1169,3.39,3.72,21.99,0.31,0.1333,0,0.7178,0.1777,0.66,0.18,3.4213
1999-03-31,252115025,756345075,3,3458807000,1256665000,1012864000,365783000,2445943000,0,0,1221342000,0,554071000,102471000,102471000,0.41,0.41,0.055,149371000,-103707000,-65514000,-19850000,631320000,16181000,10.89,12.79,9,0.1776,0.1191,3.23,3.49,18.88,0.29,0.1279,0,0.7072,0.1731,0.69,0.18,3.4355
1998-12-31,252652244,757956732,3,3398153000,1177068000,1031336000,359720000,2366817000,0,0,1244340000,0,567679000,68492000,68492000,0.27,0.27,0.055,55559000,204201000,-164633000,95127000,651170000,31658000,12.02,15.21,8.83,0.1948,0.1271,3.12,3.98,18.21,0.27,0.1181,0,0.6965,0.1745,0.73,0.03,3.2722
1998-09-30,251514637,754543911,3,3480049000,1259989000,1199282000,477393000,2280767000,0,0,1253713000,0,598586000,112253000,112253000,0.44,0.44,0.05,209688000,-241402000,-119551000,-151265000,556043000,37385000,13.43,18.29,8.58,0.2322,0.1475,3.02,4.57,19.8,0.25,0.1009,0,0.6554,0.1942,0.76,0.23,2.6393
1998-06-30,253031290,759093870,3,3575419000,1146032000,1341618000,442787000,2233801000,0,0,1262336000,0,672596000,131013000,131013000,0.52,0.52,0.05,241556000,-120529000,40799000,161826000,707308000,44443000,17.57,19.29,15.85,0.2507,0.1558,2.94,6.3,26.96,0.24,0.0984,0,0.6248,0.1973,0.79,0.26,2.5882
1998-03-31,252969189,758907567,3,3346690000,998923000,1225724000,386560000,2120966000,0,0,1207504000,0,673691000,126669000,126669000,0.5,0.5,0.05,112093000,-26769000,7365000,92689000,545482000,22295000,15.88,19.08,12.67,0.2564,0.1581,2.79,6.06,25.68,0.22,0.0972,0,0.6338,0.1969,0.8,0.12,2.5841
1997-12-31,252780524,758341572,3,3167548000,901334000,1183696000,348166000,1983852000,0,0,1216458000,0,632399000,130515000,130515000,0.52,0.52,0.05,130326000,-89776000,-30498000,10052000,452793000,58058000,15.27,17.29,13.25,0.2593,0.157,2.62,6.23,26.71,0.2,0.097,0,0.6263,0.1988,0.79,0.1,2.5888
1997-09-30,126026610,756159660,6,3095200000,878439000,1240979000,405500000,1854221000,0,0,1224019000,0,623508000,125235000,125235000,0.99,0.99,0.1,119153000,-25818000,15964000,109299000,442741000,26438000,13.91,15.75,12.08,0.2557,0.1511,2.45,6.05,26.86,0.19,0.0987,0,0.5991,0.2007,0.75,0.12,2.1663
1997-06-30,126062347,756374082,6,2881753000,732519000,1138931000,274581000,1742822000,0,0,1232964000,0,577852000,111188000,111188000,0.88,0.88,0.08,100457000,-21880000,-46491000,32086000,333442000,37672000,10.52,12.38,8.65,0.2483,0.146,2.3,4.85,21.97,0.17,0.1003,0,0.6048,0.1791,0.82,0.08,2.6678
1997-03-31,126079301,756475806,6,2790698000,702562000,1145523000,351746000,1645175000,0,0,1241874000,0,521876000,101411000,101411000,0.8,0.8,0.08,63664000,3360000,-46031000,20993000,301356000,8906000,9.12,10.85,7.38,0.2454,0.1432,2.17,4.45,20.42,0.16,0.1056,0,0.5895,0.1804,0.79,0.07,1.9974
1996-12-31,126094683,756568098,6,2726754000,609758000,1178510000,332777000,1548244000,0,0,1250757000,0,440039000,96229000,96229000,0.76,0.76,0.08,145255000,-549099000,182018000,-221826000,280363000,9957000,7.74,8.29,7.19,0.2436,0.1401,2.05,4.16,18.48,0.14,0.1101,0,0.5678,0.1941,0.72,0.18,1.8323
1996-09-30,83739711,753657399,9,2374167000,856263000,973576000,182201000,1400591000,0,0,641983000,0,655983000,84501000,84501000,1.01,1,0.11,86126000,38497000,-5760000,118863000,502189000,24442000,6.69,7.63,5.75,0.2434,0.1381,1.86,3.7,16.63,0.13,0.1139,0,0.5899,0.2067,0.67,0.08,4.6996
1996-06-30,81424533,732820797,9,2257370000,715683000,931579000,138956000,1325791000,0,0,646438000,0,395402000,81066000,81066000,0.98,0.97,0.11,120372000,9231000,-83859000,45744000,383326000,19992000,6.41,6.86,5.96,0.2463,0.1353,1.81,3.68,16.58,0.12,0.114,0,0.5873,0.2858,0.47,0.14,5.1504
1996-03-31,80348334,723135006,9,2261462000,705202000,1002708000,160447000,1258754000,0,0,650982000,0,244630000,75212000,75212000,0.91,0.91,0.11,36137000,8975000,-30718000,14394000,337582000,10736000,5.86,6.57,5.15,0.2485,0.1357,1.74,3.57,15.84,0.1,0.1158,0,0.5566,0.3271,0.41,0.04,4.3952
1995-12-31,80349507,723145563,9,2221046000,634553000,1033379000,202404000,1187667000,0,0,655514000,0,226553000,73951000,73951000,0.89,0.89,0.11,116948000,17909000,-73368000,61489000,323188000,9249000,5.82,6.44,5.19,0.25,0.1369,1.64,3.61,16.37,0.09,0.1181,0,0.5347,0.3263,0.42,0.15,3.1351
1995-09-30,80069767,720627903,9,2244681000,611208000,1083638000,213071000,1161043000,0,0,660363000,0,196434000,73572000,73572000,0.88,0.85,0.1,90283000,-17633000,-35419000,37231000,261699000,13844000,5.58,6.44,4.72,0.2517,0.1392,1.61,3.74,16.15,0.08,0.1202,0,0.5172,0.318,0.44,0.11,2.8686
1995-06-30,80944529,728500761,9,1871760000,532937000,783468000,199511000,1088292000,0,0,664911000,0,224483000,69029000,69029000,0.84,0.83,0.1,73942000,-3704000,-45948000,24290000,224468000,11615000,4.69,5.13,4.25,0.2562,0.1435,1.49,3.3,14.07,0.07,0.1191,0,0.5814,0.3015,0.48,0.09,2.6712
1995-03-31,80891790,728026110,9,1834669000,481941000,797849000,203720000,1036820000,0,0,669501000,0,209301000,63040000,63040000,0.76,0.76,0.1,34626000,-42594000,10287000,2319000,200178000,8121000,4.05,4.44,3.67,0.2614,0.1428,1.42,3,11.91,0.06,0.1171,0,0.5651,0.2978,0.48,0.04,2.3657
1994-12-31,81448042,733032378,9,1777670000,437751000,788975000,193621000,988695000,0,0,674124000,0,215585000,63304000,63304000,0.76,0.76,0.1,97603000,-88035000,-22085000,-12517000,197859000,6785000,4.19,4.6,3.78,0.2828,None,1.35,3.3,12.57,0.05,0.1085,0,0.5562,0.3029,0.5,0.12,2.2609
1994-09-30,81583208,734248872,9,1737985000,476898000,807170000,217819000,930815000,0,0,678668000,0,209876000,63683000,63683000,0.76,0.76,0.08,81956000,-90645000,512000,-8177000,210376000,6991000,4.14,4.47,3.81,0.2956,None,1.27,3.51,None,0.04,0.1042,0,0.5356,0.3039,0.5,0.1,2.1894
1994-06-30,81596806,734371254,9,1651654000,467218000,781975000,256821000,869679000,0,0,683236000,0,204879000,60023000,60023000,0.72,0.72,0.08,75563000,-57873000,-58654000,-40964000,218553000,15954000,4.13,4.51,3.74,None,None,1.18,3.69,None,0.03,None,0,0.5266,None,None,0.08,1.8192
1994-03-31,81767630,735908670,9,1648898000,441430000,822890000,164085000,826008000,0,0,689751000,0,213628000,68601000,68601000,0.82,0.82,0.08,38767000,-100122000,-32844000,-94199000,259517000,8506000,5.04,5.67,4.42,None,None,1.12,4.8,None,0.02,None,0,0.5009,None,None,0.04,2.6903
1993-12-31,82253292,740279628,9,1627516000,512948000,852833000,174731000,774683000,0,0,694342000,0,198488000,59001000,59001000,0.7,0.7,0.08,78521000,-24757000,-3000000,50764000,353716000,7702000,5.18,5.76,4.6,None,None,1.05,5.34,None,0.01,None,0,0.476,None,None,0.1,2.9356
1993-09-30,82134654,739211886,9,1581534000,497442000,861156000,187866000,720378000,0,0,696973000,0,None,None,None,None,None,0,None,None,None,None,302952000,0,4.79,5.44,4.13,None,None,0.97,None,None,0,None,0,0.4555,None,None,None,2.6479
