"Quarter end","Shares","Shares split adjusted","Split factor","Assets","Current Assets","Liabilities","Current Liabilities","Shareholders equity","Non-controlling interest","Preferred equity","Goodwill & intangibles","Long-term debt","Revenue","Earnings","Earnings available for common stockholders","EPS basic","EPS diluted","Dividend per share","Cash from operating activities","Cash from investing activities","Cash from financing activities","Cash change during period","Cash at end of period","Capital expenditures","Price","Price high","Price low","ROE","ROA","Book value of equity per share","P/B ratio","P/E ratio","Cumulative dividends per share","Dividend payout ratio","Long-term debt to equity ratio","Equity to assets ratio","Net margin","Asset turnover","Free cash flow per share","Current ratio"
2019-03-31,1335009396,1335009396,1,282815000000,None,261190000000,None,21625000000,0,2793000000,1227000000,6829000000,2723000000,964000000,925000000,0.69,0.69,0.17,-2595000000,18285000000,-12229000000,3461000000,41688000000,139000000,44.36,48.23,40.49,0.1947,0.0133,14.11,3.31,18.11,5.04,0.2026,0.3626,0.0666,0.3355,0.04,-2.05,None
2018-12-31,1332893531,1332893531,1,296482000000,None,275812000000,None,20670000000,0,2793000000,1378000000,6878000000,2669000000,935000000,885000000,0.66,0.65,0.13,7801000000,-14535000000,17867000000,11133000000,38227000000,170000000,45.15,52.47,37.83,0.1909,0.013,13.41,3.38,20.43,4.87,0.1859,0.3847,0.0603,0.3286,0.04,5.73,None
2018-09-30,1350452801,1350452801,1,272102000000,None,251268000000,None,20834000000,0,2793000000,1227000000,5790000000,2579000000,923000000,885000000,0.66,0.65,0.13,1275000000,-6366000000,13267000000,8176000000,27094000000,147000000,51.66,54.26,49.06,0.1771,0.0124,13.36,4.03,26.09,4.74,0.1848,0.3209,0.0663,0.3085,0.04,0.84,None
2018-06-30,1351062783,1351062783,1,261882000000,None,241785000000,None,20097000000,0,2793000000,1320000000,5789000000,2486000000,866000000,813000000,0.6,0.6,0.1,3132000000,-13115000000,11276000000,1293000000,18918000000,131000000,54.98,60.22,49.74,0.1656,0.0116,12.81,4.48,31.06,4.61,0.1807,0.3345,0.0661,0.2889,0.04,2.22,None
2018-03-31,1349185040,1349185040,1,248320000000,None,228990000000,None,19330000000,0,2793000000,1328000000,4128000000,2398000000,783000000,746000000,0.55,0.55,0.1,248000000,-6539000000,4756000000,-1535000000,17625000000,122000000,53.08,58.11,48.04,0.1544,0.0109,12.26,4.54,32.97,4.51,0.1903,0.2496,0.0666,0.2687,0.04,0.09,None
2017-12-31,1346473499,1346473499,1,243274000000,None,224749000000,None,18525000000,0,2793000000,1335000000,4753000000,2242000000,597000000,550000000,0.41,0.41,0.08,-565000000,-13242000000,15771000000,1964000000,14217000000,133000000,47.36,52.52,42.2,0.1456,0.0102,11.68,4.17,30.17,4.41,0.1968,0.3021,0.0647,0.253,0.04,-0.52,None
2017-09-30,1340576376,1340576376,1,230714000000,None,212687000000,None,18027000000,0,2783000000,1342000000,3268000000,2165000000,618000000,575000000,0.43,0.42,0.08,1319000000,-5914000000,7273000000,2678000000,12253000000,103000000,41.2,44.35,38.06,0.1459,0.0101,11.37,3.75,27.47,4.33,0.1968,0.2144,0.0661,0.2524,0.04,0.91,None
2017-06-30,1339119476,1339119476,1,220601000000,None,203112000000,None,17489000000,0,2783000000,1352000000,3518000000,2130000000,575000000,530000000,0.4,0.39,0.08,843000000,4270000000,-5013000000,100000000,9575000000,84000000,40.63,44.1,37.16,0.1435,0.0098,10.98,3.83,28.82,4.25,0.1999,0.2392,0.0667,0.2474,0.04,0.57,None
2017-03-31,1337132864,1337132864,1,227061000000,None,210079000000,None,16982000000,0,2783000000,1362000000,3518000000,2081000000,564000000,525000000,0.39,0.39,0.08,-334000000,-5587000000,4568000000,-1353000000,9475000000,80000000,40.63,43.65,37.62,0.1394,0.0095,10.62,3.98,31.02,4.17,0.2053,0.2478,0.0625,0.2411,0.04,-0.31,None
2016-12-31,1334969258,1334969258,1,223383000000,None,206962000000,None,16421000000,0,2783000000,1371000000,2876000000,1977000000,522000000,478000000,0.35,0.37,0.07,1688000000,-12731000000,11440000000,397000000,10828000000,74000000,35.62,40.58,30.66,0.1342,0.0092,10.22,3.55,29.2,4.09,0.2051,0.2109,0.0611,0.2335,0.04,1.21,None
2016-09-30,1325672135,1325672135,1,209337000000,None,193867000000,None,15470000000,0,2192000000,1381000000,2876000000,1909000000,503000000,470000000,0.36,0.35,0.07,-549000000,-12210000000,10214000000,-2545000000,10431000000,77000000,27.85,31.87,23.83,0.1308,0.0091,10.02,2.88,24.22,4.02,0.209,0.2166,0.0634,0.2289,0.04,-0.47,None
2016-06-30,1323003955,1323003955,1,198052000000,None,183062000000,None,14990000000,0,2189000000,1390000000,2876000000,1826000000,452000000,406000000,0.31,0.3,0.07,1892000000,-5072000000,5699000000,2519000000,12976000000,139000000,27.55,31.07,24.02,0.1263,0.0089,9.68,2.95,25.05,3.95,0.2142,0.2247,0.0646,0.2241,0.04,1.33,None
2016-03-31,1321691068,1321691068,1,190998000000,None,176485000000,None,14513000000,0,2186000000,1399000000,2877000000,1766000000,412000000,392000000,0.3,0.29,0.06,-369000000,-8762000000,7610000000,-1521000000,10457000000,56000000,26.87,32.23,21.51,0.1232,0.0088,9.33,2.97,26.09,3.88,0.216,0.2334,0.0645,0.2215,0.04,-0.32,None
2015-12-31,1320522900,1320522900,1,183718000000,None,170316000000,None,13402000000,0,1459000000,1408000000,0,1691000000,416000000,378000000,0.29,0.28,0.06,892000000,-9705000000,10425000000,1612000000,11978000000,62000000,30.46,34.52,26.4,0.1173,0.0085,9.04,3.41,30.77,3.82,0.2317,0,0.065,0.2142,0.04,0.63,None
2015-09-30,1316523363,1316523363,1,170402000000,None,157206000000,None,13196000000,0,1457000000,1419000000,0,1592000000,376000000,365000000,0.28,0.28,0.06,1091000000,-6350000000,6608000000,1349000000,10366000000,79000000,31.41,35.72,27.1,0.1156,0.0085,8.92,3.58,33.06,3.76,0.2399,0,0.0689,0.211,0.04,0.77,None
2015-06-30,1315623956,1315623956,1,163627000000,None,151204000000,None,12423000000,0,874000000,1431000000,0,1564000000,353000000,330000000,0.25,0.25,0.06,568000000,-3906000000,3344000000,6000000,9017000000,70000000,31.45,33.78,29.12,0.1138,0.0085,8.78,3.66,33.82,3.7,0.2494,0,0.0706,0.2039,0.04,0.38,None
2015-03-31,1313519302,1313519302,1,160169000000,None,148011000000,None,12158000000,0,873000000,1443000000,0,1522000000,302000000,291000000,0.22,0.22,0.06,-1305000000,-8662000000,7615000000,-2352000000,9011000000,55000000,28.58,31.73,25.43,0.1145,0.0086,8.59,3.43,30.08,3.64,0.2545,0,0.0705,0.2024,0.04,-1.04,None
2014-12-31,1311054124,1311054124,1,154642000000,None,142839000000,None,11803000000,0,872000000,1454000000,0,1554000000,350000000,329000000,0.25,0.24,0.06,860000000,-3539000000,5454000000,2775000000,11363000000,90000000,27.12,30.89,23.35,0.1207,0.009,8.34,3.34,28.85,3.58,0.2484,0,0.0707,0.2083,0.04,0.59,None
2014-09-30,1305768922,1305768922,1,147444000000,None,135971000000,None,11473000000,0,872000000,1460000000,0,1550000000,321000000,312000000,0.24,0.24,0.06,987000000,-846000000,1615000000,1756000000,8588000000,145000000,28.72,31,26.44,0.1218,0.0089,8.12,3.64,31.22,3.52,0.2543,0,0.0719,0.2071,0.04,0.64,None
2014-06-30,1303355243,1303355243,1,143401000000,None,132231000000,None,11170000000,0,871000000,1471000000,0,1471000000,324000000,302000000,0.23,0.23,0.06,432000000,-800000000,27000000,-341000000,6832000000,112000000,26.3,28.04,24.56,0.1232,0.0088,7.9,3.44,30.23,3.46,0.2598,0,0.0718,0.2084,0.04,0.25,None
2014-03-31,1301140339,1301140339,1,144066000000,None,133251000000,None,10815000000,0,870000000,1482000000,0,1479000000,326000000,318000000,0.24,0.24,0.06,69000000,-3210000000,2586000000,-555000000,7173000000,53000000,26.34,29.13,23.56,0.1205,0.0084,7.64,3.6,33.77,3.4,0.2747,0,0.069,0.2012,0.04,0.01,None
2013-12-31,1298566869,1298566869,1,143642000000,None,133261000000,None,10381000000,0,869000000,1493000000,0,1433000000,319000000,297000000,0.23,0.23,0.06,831000000,-2293000000,1828000000,366000000,7728000000,73000000,23.29,26,20.57,0.1108,0.0077,7.32,3.27,33.27,3.34,0.3061,0,0.0662,0.1859,0.04,0.58,None
2013-09-30,1289217199,1289217199,1,140211000000,None,130158000000,None,10053000000,0,868000000,1505000000,0,1369000000,290000000,282000000,0.22,0.22,0.06,661000000,-6605000000,7072000000,1128000000,7362000000,65000000,21.71,22.69,20.74,0.1011,0.0071,7.12,3.15,32.4,3.28,0.3414,0,0.0655,0.1729,0.04,0.46,None
2013-06-30,1284909433,1284909433,1,135907000000,None,126187000000,None,9720000000,0,867000000,1521000000,0,1336000000,256000000,233000000,0.18,0.18,0.06,532000000,-3117000000,1888000000,-697000000,6234000000,62000000,18.72,21.23,16.21,0.0978,0.0071,6.89,2.69,27.13,3.22,0.3579,0,0.0651,0.1697,0.04,0.37,None
2013-03-31,1279979406,1279979406,1,133324000000,None,123548000000,None,9776000000,0,866000000,1533000000,0,1296000000,206000000,198000000,0.15,0.15,0.06,-368000000,-8035000000,2671000000,-5732000000,6931000000,49000000,16.58,18.11,15.05,0.1028,0.0076,6.96,2.43,24.03,3.16,0.3459,0,0.0668,0.177,0.04,-0.33,None
2012-12-31,1277985901,1277985901,1,133637000000,None,124048000000,None,9589000000,0,865000000,1547000000,0,1217000000,211000000,189000000,0.15,0.15,0.06,893000000,-7418000000,10665000000,4140000000,12663000000,41000000,13.48,14.47,12.5,0.1054,0.0078,6.83,2,20.42,3.1,0.3466,0,0.0653,0.1802,0.04,0.67,None
2012-09-30,1275098321,1275098321,1,117658000000,None,108193000000,None,9465000000,0,864000000,1451000000,0,1206000000,247000000,238000000,0.19,0.19,0.06,605000000,-2354000000,2183000000,434000000,8523000000,31000000,13.29,14.43,12.14,0.1055,0.0078,6.75,2.05,20.45,3.04,0.3566,0,0.0731,0.1785,0.04,0.45,None
2012-06-30,1274106165,1274106165,1,111816000000,None,102706000000,None,9110000000,0,863000000,1469000000,0,1287000000,275000000,261000000,0.2,0.2,0.06,-330000000,-2768000000,4393000000,1295000000,8089000000,34000000,13.29,14.76,11.83,0.1063,0.0078,6.47,2.13,20.45,2.98,0.3639,0,0.0738,0.1754,0.04,-0.29,None
2012-03-31,1273029377,1273029377,1,111482000000,None,103145000000,None,8337000000,0,394000000,1480000000,0,1189000000,195000000,195000000,0.15,0.15,0.06,98000000,-3720000000,1737000000,-1885000000,6794000000,42000000,13.5,15.38,11.61,0.1086,0.0078,6.24,2.22,19.29,2.92,0.3694,0,0.0712,0.1741,0.04,0.04,None
2011-12-31,1271342259,1271342259,1,108553000000,None,100839000000,None,7714000000,0,0,1487000000,0,1118000000,163000000,163000000,0.12,0.12,0.06,452000000,-4846000000,6697000000,2303000000,8679000000,43000000,12.08,13.41,10.75,0.1209,0.0086,6.07,2,17.51,2.86,0.3443,0,0.0711,0.1835,0.05,0.32,None
2011-09-30,1269986972,1269986972,1,102906000000,None,95251000000,None,7655000000,0,0,1470000000,0,1189000000,220000000,220000000,0.18,0.18,0.06,94000000,-1754000000,1570000000,-90000000,6376000000,60000000,13.88,16.72,11.03,0.121,0.0085,6.03,2.49,22.75,2.8,0.3578,0,0.0744,0.1728,0.05,0.03,None
2011-06-30,1209410221,1209410221,1,97572000000,None,90838000000,None,6734000000,0,0,631000000,0,1191000000,238000000,238000000,0.2,0.2,0.06,615000000,-681000000,984000000,918000000,6466000000,39000000,17.25,18.72,15.78,0.1136,0.0078,5.57,3.21,29.74,2.74,0.399,0,0.069,0.1567,0.05,0.48,None
2011-03-31,1206729570,1206729570,1,94883000000,None,88396000000,None,6487000000,0,0,631000000,0,1211000000,243000000,243000000,0.2,0.2,0.06,1303000000,-1386000000,700000000,617000000,5548000000,38000000,18.3,19.45,17.16,0.1122,0.0077,5.38,3.54,48.16,2.68,0.4167,0,0.0684,0.1533,0.05,1.05,None
2010-12-31,1203314123,1203314123,1,92568000000,None,86342000000,None,6226000000,0,0,685000000,0,1154000000,119000000,119000000,0.11,0.11,0.06,-451000000,-2008000000,1689000000,-770000000,4931000000,47000000,15.7,17.42,13.98,0.0763,0.0053,5.17,3.11,38.29,2.62,0.6324,0,0.0673,0.1062,0.05,-0.41,None
2010-09-30,1194827651,1194827651,1,87298000000,None,81263000000,None,6035000000,0,0,528000000,0,1063000000,124000000,124000000,0.1,0.1,0.06,166000000,-7551000000,3576000000,-3809000000,5701000000,28000000,14.09,15.43,12.76,0.0881,0.0062,5.05,2.86,29.35,2.56,0.5741,0,0.0691,0.1215,0.05,0.12,None
2010-06-30,1193865665,1193865665,1,82295000000,None,76416000000,None,5879000000,0,0,528000000,0,1080000000,205000000,205000000,0.17,0.17,0.06,865000000,-1416000000,3767000000,3216000000,9510000000,25000000,17.03,19.88,14.18,0.1068,0.0076,4.92,3.59,34.76,2.5,0.4948,0,0.0714,0.1418,0.05,0.7,None
2010-03-31,1193508302,1193508302,1,78337000000,None,72666000000,None,5671000000,0,0,528000000,0,978000000,6000000,6000000,0,0,0.06,-589000000,-4435000000,3077000000,-1947000000,6294000000,29000000,18.64,19.78,17.5,0.1135,0.0081,4.75,4.38,27.41,2.44,0.4913,0,0.0724,0.1416,0.06,-0.52,None
2009-12-31,1192216294,1192216294,1,75431000000,None,70358000000,None,5073000000,0,0,528000000,0,986000000,164000000,164000000,0.14,0.14,0.06,737000000,-3869000000,3257000000,125000000,8241000000,32000000,18.21,19.49,16.94,0.1666,0.0121,4.26,4.32,22.48,2.38,0.3564,0,0.0673,0.1877,0.06,0.59,None
2009-09-30,1162131202,1162131202,1,67984000000,None,63081000000,None,4903000000,0,0,528000000,0,1011000000,200000000,200000000,0.17,0.17,0.06,-406000000,-4544000000,3704000000,-1246000000,8116000000,39000000,17.96,19.45,16.47,0.2083,0.0157,4.22,4.52,19.96,2.32,0.299,0,0.0721,0.2073,0.08,-0.38,None
2009-06-30,1160852817,1160852817,1,62261000000,None,57647000000,None,4614000000,0,0,528000000,0,1085000000,205000000,205000000,0.18,0.18,0.06,947000000,-3877000000,5757000000,2827000000,9362000000,37000000,17.12,18.92,15.31,0.243,0.0187,3.97,4.61,17.47,2.26,0.2686,0,0.0741,0.2188,0.09,0.78,None
2009-03-31,1159332160,1159332160,1,54898000000,None,50597000000,None,4301000000,0,0,528000000,0,1111000000,218000000,218000000,0.19,0.19,0.06,159000000,-1767000000,2701000000,1093000000,6535000000,32000000,13.98,16.63,11.34,0.2758,0.0217,3.71,3.98,13.31,2.2,0.2364,0,0.0783,0.2271,0.1,0.11,None
2008-12-31,1157306315,1157306315,1,51675000000,None,47614000000,None,4061000000,0,0,528000000,0,1284000000,308000000,308000000,0.27,0.27,0.06,714000000,-2426000000,1831000000,119000000,5442000000,58000000,19.48,24.37,14.59,0.3112,0.0246,3.51,5.53,18.73,2.14,0.2093,0,0.0786,0.2353,0.1,0.57,None
2008-09-30,1155200311,1155200311,1,52760000000,None,48697000000,None,4063000000,0,0,528000000,0,1251000000,304000000,304000000,0.26,0.26,0.06,-488000000,-1460000000,2032000000,84000000,5323000000,47000000,22.39,26,18.78,0.3179,0.0258,3.52,6.62,10.87,2.08,0.1998,0,0.077,0.2326,0.11,-0.46,None
2008-06-30,1151716028,1151716028,1,48360000000,None,44469000000,None,3891000000,0,0,528000000,0,1308000000,295000000,295000000,0.26,0.26,0.05,98000000,-3999000000,4349000000,448000000,5239000000,33000000,20.55,22.78,18.31,0.67,0.056,3.38,6.61,10.12,2.02,0.568,0,0.0805,0.4651,0.12,0.06,None
2008-03-31,1146454335,1146454335,1,44551000000,None,40989000000,None,3562000000,0,0,528000000,0,1307000000,305000000,305000000,0.27,0.26,0.05,-322000000,-3016000000,1365000000,-1973000000,4791000000,48000000,21.41,24.78,18.04,0.619,0.0557,3.11,6.65,10.76,1.97,0.5708,0,0.08,0.4738,0.12,-0.32,None
2007-12-31,1159164170,1159164170,1,42286000000,None,38554000000,None,3732000000,0,0,525000000,0,1345000000,308000000,308000000,0.25,0.26,0.05,578000000,-327000000,1644000000,1895000000,6764000000,52000000,23.58,25.55,21.6,0.5619,0.0541,3.22,8.05,11.28,1.92,0.5806,0,0.0883,0.482,0.11,0.45,None
2007-09-30,1156442426,1156442426,1,39309000000,None,35915000000,None,3394000000,0,0,525000000,0,1291000000,1534000000,1534000000,1.29,1.28,1.05,527000000,3142000000,-2271000000,1398000000,4869000000,33000000,20.19,22.48,17.9,0.5575,0.0556,2.93,4.99,19.79,1.87,0.5467,0,0.0863,0.6292,0.09,0.43,None
2007-06-30,1254087543,1254087543,1,49004000000,None,43930000000,None,5074000000,0,0,524000000,0,1205000000,292000000,292000000,0.24,0.23,0.05,811000000,-1900000000,1303000000,214000000,3471000000,44000000,20.62,22.69,18.55,0.2642,0.027,4.05,5.22,21.04,0.82,0.1745,0,0.1035,0.3184,0.08,0.61,None
2007-03-31,1249172368,1249172368,1,47278000000,None,42343000000,None,4935000000,0,0,523000000,0,1153000000,273000000,273000000,0.22,0.22,0.05,-170000000,-548000000,-532000000,-1250000000,3257000000,39000000,19.05,20.35,17.76,0.2622,0.0264,3.95,4.82,20.05,0.77,0.1607,0,0.1044,0.3005,0.09,-0.17,None
2006-12-31,1267988965,1267988965,1,48992000000,None,43984000000,None,5008000000,0,0,419000000,0,429000000,467000000,467000000,0.37,0.36,0.05,291000000,-254000000,1022000000,1059000000,4507000000,24000000,18,19.36,16.64,0.26,0.0257,3.95,4.9,24.66,0.72,0.14,0,0.1022,0.2848,0.09,0.21,None
2006-09-30,1262783547,1262783547,1,47140000000,None,42506000000,None,4634000000,0,0,945000000,0,1290000000,266000000,266000000,0.21,0.21,0.03,23000000,-339000000,1160000000,844000000,3873000000,38000000,16.09,17.91,14.26,0.2068,0.02,3.67,4.47,23.66,0.67,0.1417,0,0.0983,0.1872,0.11,-0.01,None
2006-06-30,1276697493,1276697493,1,46866000000,None,42264000000,None,4602000000,0,0,947000000,0,1311000000,251000000,251000000,0.2,0.19,0.03,1025000000,-1269000000,1050000000,806000000,3029000000,-26000000,16.5,18.45,14.55,0.197,0.019,3.6,4.6,26.19,0.64,0.1404,0,0.0982,0.1809,0.1,0.82,None
2006-03-31,1289718847,1289718847,1,47622000000,None,42990000000,None,4632000000,0,0,950000000,0,1279000000,243000000,243000000,0.19,0.19,0.025,421000000,-1378000000,850000000,-107000000,2223000000,23000000,16.28,18.13,14.43,0.1855,0.0176,3.59,4.72,29.6,0.61,0.1397,0,0.0973,0.1757,0.1,0.31,None
2005-12-31,1289815923,1289815923,1,47351000000,None,42901000000,None,4450000000,0,0,952000000,0,1180000000,187000000,187000000,0.15,0.14,0.02,634000000,-1101000000,908000000,441000000,2330000000,23000000,14.52,16,13.04,0.1667,0.0156,3.45,4.31,32.27,0.58,0.1503,0,0.094,0.1624,0.1,0.47,None
2005-09-30,1289462236,1289462236,1,45373000000,None,41024000000,None,4349000000,0,0,954000000,0,1138000000,207000000,207000000,0.16,0.16,0.022,-77000000,-1056000000,406000000,-727000000,1889000000,25000000,12.91,14.5,11.33,0.1364,0.0128,3.37,3.89,49.65,0.56,0.1853,0,0.0958,0.1413,0.09,-0.08,None
2005-06-30,1299070854,1299070854,1,46475000000,None,42157000000,None,4318000000,0,0,959000000,0,1087000000,186000000,186000000,0.14,0.14,0.022,277000000,-541000000,740000000,476000000,2616000000,29000000,10.85,11.83,9.87,0.0782,0.0074,3.32,3.33,54.25,0.54,0.3152,0,0.0929,0.0848,0.09,0.19,None
2005-03-31,1309729180,1309729180,1,46405000000,None,42130000000,None,4275000000,0,0,961000000,0,1059000000,145000000,145000000,0.11,0.11,0.02,-159000000,-670000000,191000000,-638000000,2140000000,23000000,10.84,11.66,10.01,0.0602,0.0058,3.26,3.27,51.62,0.52,0.3958,0,0.0921,0.0663,0.09,-0.14,None
2004-12-31,1319520384,1319520384,1,47133000000,None,42747000000,None,4386000000,0,0,964000000,0,900000000,53000000,53000000,0.04,0.04,0.02,757000000,-559000000,481000000,682000000,2778000000,43000000,10.25,12.03,8.47,0.0624,0.0061,3.32,3.03,35.34,0.5,0.3488,0,0.0931,0.0681,0.09,0.54,None
2004-09-30,1346975598,1346975598,1,45935000000,None,41380000000,None,4555000000,0,0,958000000,0,1000000000,-41000000,-41000000,-0.03,-0.03,0.02,None,None,None,-404000000,2096000000,63000000,9.16,10.03,8.3,0.0828,0.0082,3.38,2.65,22.34,0.48,0.2284,0,0.0992,0.0862,0.1,None,None
2004-06-30,1366488547,1366488547,1,47321000000,None,42589000000,None,4732000000,0,0,1201000000,0,1112000000,113000000,113000000,0.08,0.08,0.02,1098000000,-1520000000,555000000,133000000,2547000000,53000000,10.49,11.93,9.05,0.1209,0.012,3.46,3.07,24.98,0.46,0.144,0,0.1,0.1228,0.1,0.76,None
2004-03-31,1364824930,1364824930,1,46284000000,None,41622000000,None,4662000000,0,0,1205000000,0,1190000000,161000000,161000000,0.12,0.12,0.014,-451000000,-690000000,723000000,-418000000,2414000000,35000000,12.25,13.76,10.74,0.1276,0.0126,3.42,3.75,35,0.44,0.1185,0,0.1007,0.1284,0.1,-0.36,None
2003-12-31,1362562545,1362562545,1,45866000000,None,41405000000,None,4461000000,0,0,979000000,0,1118000000,148000000,148000000,0.11,0.12,0.01,681000000,-1749000000,1385000000,317000000,2832000000,52000000,12.44,13.98,10.9,0.111,0.011,3.27,3.91,73.18,0.42,0.1321,0,0.0973,0.1155,0.1,0.46,None
2003-09-30,1356592538,1356592538,1,43760000000,None,39448000000,None,4312000000,0,0,605000000,0,1051000000,127000000,127000000,0.09,0.09,0.014,189000000,-1105000000,1332000000,416000000,2515000000,36000000,11.37,12.73,10.01,0.0592,0.0059,3.18,3.68,142.13,0.41,0.2542,0,0.0985,0.0618,0.1,0.11,None
2003-06-30,1354355086,1354355086,1,41836000000,None,37657000000,None,4179000000,0,0,604000000,0,1018000000,126000000,126000000,0.1,0.09,0.011,-357000000,-439000000,507000000,-289000000,2099000000,33000000,9.42,11.64,7.2,0.0278,0.0029,3.09,3.14,157,0.4,0.5093,0,0.0999,0.0289,0.1,-0.29,None
2003-03-31,1350412258,1350412258,1,40440000000,None,36384000000,None,4056000000,0,0,604000000,0,900000000,71000000,71000000,0.05,0.05,0.011,-506000000,-395000000,175000000,-726000000,2388000000,32000000,9.36,12.46,6.25,0.0208,0.0022,3,3.15,117,0.39,0.6764,0,0.1003,0.0216,0.1,-0.4,None
2002-12-31,1352529053,1352529053,1,39705000000,None,35694000000,None,4011000000,0,0,603000000,0,996000000,-79000000,-79000000,-0.06,-0.06,0.01,547000000,-132000000,195000000,612000000,3114000000,46000000,9.61,12,7.22,0.026,0.0028,2.97,3.12,73.92,0.38,0.5358,0,0.101,0.0264,0.11,0.37,None
2002-09-30,1343647397,1343647397,1,37568000000,None,33425000000,None,4143000000,0,0,627000000,0,1031000000,-4000000,-4000000,0,0,0.011,340000000,166000000,-502000000,4000000,2502000000,42000000,9.7,11.89,7.51,0.0414,0.0045,3.08,3.05,69.29,0.37,0.3348,0,0.1103,0.0417,0.11,0.22,None
2002-06-30,1364882212,1364882212,1,37643000000,None,33298000000,None,4345000000,0,0,626000000,0,1049000000,98000000,98000000,0.07,0.07,0.011,722000000,-354000000,278000000,648000000,2498000000,40000000,11.39,13.19,9.6,0.0453,0.005,3.18,3.66,81.36,0.36,0.3065,0,0.1154,0.0458,0.11,0.5,None
2002-03-31,1371319688,1371319688,1,38821000000,None,34553000000,None,4268000000,0,0,624000000,0,1059000000,94000000,94000000,0.07,0.07,0.011,-1440000000,-419000000,-697000000,-2557000000,1850000000,32000000,15.63,19,12.25,0.0463,0.0051,3.11,5.14,111.64,0.34,0.3011,0,0.1099,0.0465,0.11,-1.07,None
2001-12-31,1370705388,1370705388,1,40464000000,None,36301000000,None,4163000000,0,0,628000000,0,1059000000,-13000000,-13000000,-0.01,-0.01,0.01,169000000,-87000000,567000000,646000000,4407000000,35000000,13.34,16.3,10.38,0.0469,0.0053,3.04,4.36,55.58,0.33,0.2974,0,0.1029,0.0457,0.12,0.1,None
2001-09-30,1366653869,1366653869,1,37130000000,None,32952000000,None,4178000000,0,0,505000000,0,1023000000,13000000,13000000,0.01,0.01,0.011,781000000,-316000000,721000000,1186000000,3761000000,58000000,12.16,16.18,8.13,0.086,0.0099,3.06,3.88,36.85,0.32,0.162,0,0.1125,0.0766,0.13,0.53,None
2001-06-30,1381464486,1381464486,1,35909000000,None,31586000000,None,4323000000,0,0,515000000,0,1071000000,102000000,102000000,0.07,0.07,0.011,141000000,-113000000,-158000000,-130000000,2574000000,79000000,18.16,23.18,13.14,0.1173,0.0135,3.13,5.84,51.89,0.31,0.1201,0,0.1204,0.0975,0.14,0.04,None
2001-03-31,1386073315,1386073315,1,37229000000,None,32924000000,None,4305000000,0,0,500000000,0,1200000000,97000000,97000000,0.07,0.07,0.011,-1675000000,-291000000,-206000000,-2172000000,2704000000,129000000,23.75,33,14.5,0.1297,0.0146,3.11,7.79,38.93,0.3,0.108,0,0.1156,0.098,0.15,-1.3,None
2000-12-31,1386965389,1386965389,1,38153969000,None,33924257000,None,4229712000,0,0,508511000,0,1488675000,154416000,154416000,0.05,0.09,0.01,572349000,-466787000,408733000,510079000,3302255000,237821000,30.79,35.88,25.69,0.1888,0.0202,3.05,10.54,42.76,0.29,0.075,0,0.1109,0.1241,0.16,0.24,None
2000-09-30,1383657459,1383657459,1,35507641000,None,31465620000,None,4042021000,0,0,501940000,0,1322572000,142294000,142294000,0.1,0.1,0.011,511912000,-208401000,-179356000,132230000,2792176000,192988000,35.25,40.5,30,0.2215,0.022,2.92,12.82,45.78,0.28,0.0659,0,0.1138,0.1353,0.16,0.23,None
2000-06-30,1380621962,1380621962,1,34926378000,None,31127670000,None,3798708000,0,0,515933000,0,1404528000,137180000,137180000,0.1,0.09,0.0094,505248000,-641321000,42495000,-100554000,2659946000,157386000,32.29,40.58,24,0.2543,0.0233,2.75,8.66,37.55,0.27,0.0623,0,0.1088,0.1436,0.16,0.25,None
2000-03-31,841697688,841697688,1,33740454000,None,30597805000,None,3142649000,0,0,520565000,0,1571876000,284247000,284247000,0.35,0.33,0.014,49877000,-106352000,205096000,148049000,2227177000,116363000,33.61,44.75,22.46,0.3112,0.0262,3.73,12.36,48.01,0.26,0.059,0,0.0931,0.16,0.16,-0.08,None
1999-12-31,837201644,837201644,1,29299061000,None,27025126000,None,2273935000,0,0,45149000,0,1127448000,170440000,170440000,0.21,0.2,0.01,582047000,-192552000,53785000,446572000,2079128000,110126000,24.57,31.17,17.96,0.2958,0.0232,2.72,9.79,39,0.25,0.0726,0,0.0776,0.1493,0.16,0.56,None
1999-09-30,819968787,819968787,1,25088022000,None,23032228000,None,2055794000,0,0,46097000,0,883687000,124579000,124579000,0.16,0.15,0.014,230354000,-115326000,49838000,164594000,1632556000,115326000,29.5,37.67,21.33,0.2949,0.0223,2.51,12.61,49.44,0.24,0.0887,0,0.0819,0.1455,0.15,0.14,None
1999-06-30,817800796,817800796,1,23552061000,None,21637319000,None,1914742000,0,0,46332000,0,982102000,150991000,150991000,0.18,0.18,0.014,439725000,-4237000,-7800000,427999000,1467962000,69561000,39.17,51.67,26.67,0.3128,0.0226,2.34,18.56,76.8,0.22,0.0919,0,0.0813,0.1453,0.16,0.45,None
1999-03-31,408210629,816421258,2,23439279000,None,21720347000,None,1718932000,0,0,48852000,0,951585000,142867000,142867000,0.36,0.34,0.028,-71082000,-61619000,17685000,-115965000,1039963000,55962000,24.82,32.67,16.96,0.2988,0.0204,2.11,14.1,58.63,0.21,0.1063,0,0.0733,0.1373,0.15,-0.16,None
1998-12-31,406353252,812706504,2,22264390000,None,20835768000,None,1428622000,0,0,46274000,0,788584000,106370000,106370000,0.25,0.26,0.03,182773000,-42052000,-4943000,134956000,1155928000,40652000,22.39,34.25,10.54,0.2719,0.018,1.76,13.74,60.51,0.19,0.1269,0,0.0642,0.1274,0.14,0.17,None
1998-09-30,267284289,801852867,3,18846013000,None,17540105000,None,1305908000,0,0,49270000,0,705271000,97772000,97772000,0.37,0.35,0.04,234121000,-59441000,-69752000,105444000,1020972000,59441000,12.29,15.34,9.25,0.252,0.017,1.63,8.09,35.45,0.18,0.1401,0,0.0693,0.1188,0.14,0.22,None
1998-06-30,266930923,800792769,3,18265142000,None,17050460000,None,1214682000,0,0,50791000,0,637960000,76356000,76356000,0.29,0.28,0.04,98872000,-47625000,-40802000,10326000,915528000,47625000,11.61,13.34,9.88,0.2461,0.0166,1.52,7.9,35.06,0.17,0.1438,0,0.0665,0.1147,0.14,0.06,None
1998-03-31,266928489,800785467,3,18193537000,None,17016237000,None,1177300000,0,0,53717000,0,604406000,67964000,67964000,0.26,0.25,0.04,202300000,-37776000,-57034000,107755000,905202000,37776000,12.68,13.98,11.38,0.2472,0.0167,1.47,8.87,38.42,0.15,0.1435,0,0.0647,0.1147,0.15,0.21,None
1997-12-31,267742421,803227263,3,16481707000,None,15336590000,None,1145117000,0,0,55854000,0,620473000,63055000,63055000,0.27,0.23,0.04,-55135000,-37401000,31533000,-60104000,797447000,36201000,12.25,14.75,9.75,0.2603,0.0176,1.43,9.07,37.5,0.14,0.1372,0,0.0695,0.1176,0.15,-0.11,None
1997-09-30,265586070,796758210,3,15631483000,None,14553514000,None,1077969000,0,0,57961000,0,611839000,76525000,76525000,0.28,0.28,0.033,134321000,-33594000,24706000,124097000,857551000,33594000,10.54,12.19,8.89,0.2764,0.0182,1.35,8.43,34.62,0.13,0.1318,0,0.069,0.1235,0.15,0.13,None
1997-06-30,176422461,793901074,4.5,14678298000,None,13685534000,None,992764000,0,0,61943000,0,530784000,63962000,63962000,0.35,0.35,0.05,72485000,-36894000,-16442000,20058000,733454000,36894000,8.14,9.53,6.75,0.275,0.0179,1.25,6.84,25.98,0.11,0.1422,0,0.0676,0.1251,0.14,0.04,None
1997-03-31,175812642,791156889,4.5,14643061000,None,13705186000,None,937875000,0,0,63960000,0,535654000,66735000,66735000,0.37,0.37,0.05,116406000,-32727000,-3241000,80079000,713396000,32727000,8.04,9.34,6.75,0.3016,0.0196,1.19,7.44,27.83,0.1,0.1316,0,0.064,0.1307,0.15,0.11,None
1996-12-31,176254174,793143783,4.5,13778768000,None,12924213000,None,854555000,0,0,68922000,0,482319000,59697000,59697000,0.33,0.33,0.05,61623000,-50170000,-43247000,-31268000,633317000,49170000,6.15,7.31,5,0.3008,0.0194,1.08,5.97,22.87,0.09,0.1351,0,0.062,0.1263,0.15,0.02,None
1996-09-30,175172568,788276556,4.5,12147205000,None,11333041000,None,814164000,0,0,72346000,0,430039000,57068000,57068000,0.32,0.32,0.05,69235000,-31666000,-13926000,23651000,664585000,31666000,5.2,5.97,4.42,0.3001,0.0193,1.03,5.42,20.35,0.08,0.1373,0,0.067,0.1229,0.16,0.05,None
1996-06-30,175165934,788246703,4.5,11214000000,None,10456736000,None,757264000,0,0,74602000,0,491783000,70095000,70095000,0.39,0.39,0.04,68448000,-10276000,13734000,71917000,615236000,10276000,5.38,5.89,4.86,0.307,0.0195,0.96,6.18,23.97,0.07,0.1353,0,0.0675,0.1203,0.16,0.07,None
1996-03-31,174989299,787451845,4.5,11096973000,None,10413409000,None,683564000,0,0,76904000,0,446781000,46943000,46943000,0.26,0.26,0.04,158372000,-72409000,28153000,114021000,543319000,68700000,5.11,6.08,4.14,0.2885,0.018,0.87,6.39,23.71,0.06,0.1446,0,0.0616,0.1154,0.16,0.11,None
1995-12-31,174823199,786704395,4.5,10552008000,None,9919114000,None,632894000,0,0,80863000,0,394771000,42588000,42588000,0.24,None,0.04,20346000,-111302000,45696000,-45312000,429298000,71543000,4.81,5.93,3.7,0.2953,0.0184,0.8,6.09,23.53,0.05,0.1411,0,0.06,0.1216,0.15,-0.07,None
1995-09-30,174677878,786050451,4.5,9583839000,None,8962460000,None,621379000,0,0,69640000,0,385561000,47221000,47221000,0.26,None,0.04,97327000,-71029000,13773000,39909000,474610000,51208000,5.53,6.44,4.61,0.3016,0.0188,0.79,7.58,29.63,0.04,0.1322,0,0.0648,0.1264,0.15,0.06,None
1995-06-30,174121792,783548064,4.5,9066343000,None,8492174000,None,574169000,0,0,71104000,0,342718000,44419000,44419000,0.25,None,0.03,71969000,-73165000,19061000,17865000,434701000,24873000,4.18,5.08,3.28,0.2966,0.018,0.73,6.33,24.32,0.03,0.1264,0,0.0633,0.1276,0.14,0.06,None
1995-03-31,85895520,773059680,9,8271378000,None,7761598000,None,509780000,0,0,0,0,296853000,38376000,38376000,0.44,None,0.06,57703000,-18006000,-2985000,36712000,417328000,18006000,3.06,3.67,2.45,0.2947,None,0.66,5.02,17.88,0.03,0.1286,0,0.0616,0.1262,0.14,0.05,None
1994-12-31,85693972,771245748,9,7917862000,None,7450848000,None,467014000,0,0,0,0,270409000,33799000,33799000,0.38,None,0.05,29501000,-45379000,-6772000,-22650000,380616000,4987000,2.4,2.74,2.05,0.3145,None,0.61,4.21,None,0.02,0.1202,0,0.059,0.1271,0.14,0.03,None
1994-09-30,57324826,773885151,13.5,7564785000,None,7122723000,None,442062000,0,0,0,0,248089000,31195000,31195000,0.54,None,0.07,69158000,-7830000,8244000,69572000,403266000,5932000,2.08,2.29,1.88,None,None,0.57,3.78,None,0.02,None,0,0.0584,None,None,0.08,None
1994-06-30,56828614,767186289,13.5,7265833000,None,6845354000,None,420479000,0,0,0,0,258194000,32159000,32159000,0.55,None,0.07,18411000,-5812000,-10657000,1942000,333694000,5812000,2.17,2.51,1.83,None,None,0.55,4.25,None,0.01,None,0,0.0579,None,None,0.02,None
1994-03-31,57114179,771041416,13.5,7550264000,None,7158404000,None,391860000,0,0,0,0,287905000,38190000,38190000,0.65,None,0.07,88873000,-14803000,-22146000,51924000,331752000,14803000,2.19,2.44,1.93,None,None,0.51,4.47,None,0.01,None,0,0.0519,None,None,0.1,None
1993-12-31,57215482,772409007,13.5,6896517000,None,6517344000,None,379173000,0,0,0,0,None,None,None,None,None,0,None,None,None,None,279828000,0,2.48,2.84,2.13,None,None,0.49,None,None,0,None,0,0.055,None,None,None,None
