"Quarter end","Shares","Shares split adjusted","Split factor","Assets","Current Assets","Liabilities","Current Liabilities","Shareholders equity","Non-controlling interest","Preferred equity","Goodwill & intangibles","Long-term debt","Revenue","Earnings","Earnings available for common stockholders","EPS basic","EPS diluted","Dividend per share","Cash from operating activities","Cash from investing activities","Cash from financing activities","Cash change during period","Cash at end of period","Capital expenditures","Price","Price high","Price low","ROE","ROA","Book value of equity per share","P/B ratio","P/E ratio","Cumulative dividends per share","Dividend payout ratio","Long-term debt to equity ratio","Equity to assets ratio","Net margin","Asset turnover","Free cash flow per share","Current ratio"
2019-03-31,109940525,109940525,1,24133438000,None,18090012000,None,6043426000,0,0,441591000,1355601000,1119216000,185345000,185345000,1.68,1.65,0.1725,423285000,-305762000,-169481000,-53684000,67342000,7015000,79.09,84.65,73.52,0.1264,0.0305,54.97,1.61,12.99,10.42,0.1016,0.2243,0.2504,0.1639,0.19,3.79,None
2018-12-31,110236297,110236297,1,23095722000,None,17680545000,None,5415177000,0,0,441591000,1357185000,1064737000,164717000,164717000,1.48,1.46,0.16,340358000,193624000,-500111000,43587000,121026000,15806000,79.65,89.62,69.68,0.1256,0.0303,49.12,1.6,5.97,10.24,0.1022,0.2506,0.2345,0.163,0.19,2.94,None
2018-09-30,111540403,111540403,1,23469488000,None,17930583000,None,5538905000,0,0,441591000,1358947000,1083802000,178724000,178724000,1.59,1.55,0.16,320769000,-680606000,359558000,-4791000,77439000,8581000,85.25,89.59,80.9,0.2701,0.0673,49.66,1.72,6.52,10.08,0.0455,0.2453,0.236,0.3641,0.18,2.8,None
2018-06-30,112693381,112693381,1,22878701000,None,17307092000,None,5571609000,0,0,441591000,817474000,1084776000,184425000,184425000,1.63,1.59,0.16,234131000,-95364000,-147624000,-6385000,82230000,6752000,84.45,88.25,80.66,0.2701,0.0665,49.44,1.65,6.67,9.92,0.0459,0.1467,0.2435,0.3614,0.18,2.02,None
2018-03-31,113557007,113557007,1,23182343000,None,17362042000,None,5820301000,0,0,441591000,1131215000,1070436000,173600000,173600000,1.52,1.49,0.16,382389000,-313877000,-103343000,-29948000,88615000,11966000,87.01,93.59,80.43,0.2684,0.0648,51.25,1.59,7.08,9.76,0.0469,0.1944,0.2511,0.3556,0.18,3.26,None
2017-12-31,114081876,114081876,1,23474985000,None,17243564000,None,6231421000,0,0,441591000,1132201000,1056899000,1027346000,1027346000,8.94,8.71,0.15,343216000,-193878000,-117382000,30101000,118563000,6834000,85.53,91.28,79.79,0.2745,0.0638,54.62,1.91,18.28,9.6,0.0477,0.1817,0.2654,0.35,0.18,2.95,None
2017-09-30,115446832,115446832,1,22993607000,None,17825922000,None,5167685000,0,0,441591000,1130806000,1046015000,153334000,153334000,1.32,1.29,0.15,346786000,-226366000,-122347000,-9190000,88462000,5371000,77.39,80.3,74.48,0.1152,0.0253,44.76,1.78,16.68,9.45,0.1223,0.2188,0.2247,0.1381,0.18,2.96,None
2017-06-30,116320319,116320319,1,22577940000,None,17524524000,None,5053416000,0,0,441591000,1131796000,1029078000,140273000,140273000,1.2,1.18,0.15,278300000,-95842000,-147000000,35898000,97652000,4102000,76,78,73.99,0.1154,0.0255,43.44,1.87,16.56,9.3,0.1214,0.224,0.2238,0.1397,0.18,2.36,None
2017-03-31,116982255,116982255,1,22086976000,None,17342149000,None,4744827000,0,0,441591000,1132791000,1023581000,133541000,133541000,1.13,1.11,0.15,460756000,-410738000,-67252000,-14409000,61754000,3960000,76.06,79.53,72.59,0.1161,0.0257,40.56,1.96,16.94,9.15,0.1205,0.2387,0.2148,0.1405,0.18,3.9,None
2016-12-31,117761153,117761153,1,21436087000,None,16869226000,None,4566861000,0,0,441591000,1133165000,975345000,135448000,135448000,1.14,1.1,0.14,426782000,-343416000,-113670000,-28737000,76163000,15701000,69,74.83,63.17,0.1162,0.0257,38.78,1.61,15.51,9,0.1214,0.2481,0.213,0.1397,0.18,3.49,None
2016-09-30,118655742,118655742,1,22077031000,None,16990648000,None,5086383000,0,0,441591000,1133544000,989773000,151869000,151869000,1.27,1.25,0.14,366991000,-171540000,-142133000,55222000,104900000,2631000,62.8,65.21,60.38,0.1189,0.026,42.87,1.54,14.44,8.86,0.1184,0.2229,0.2304,0.1491,0.17,3.07,None
2016-06-30,119768489,119768489,1,21574040000,None,16696282000,None,4877758000,0,0,441591000,1133928000,991884000,138429000,138429000,1.15,1.13,0.14,267187000,-215496000,-15396000,36920000,49678000,2861000,57.61,62.39,52.83,0.1229,0.0263,40.73,1.58,13.65,8.72,0.1211,0.2325,0.2261,0.147,0.18,2.21,None
2016-03-31,120650716,120650716,1,20621021000,None,16229278000,None,4391743000,0,0,441591000,743953000,977627000,124033000,124033000,1.02,1.01,0.14,337748000,-331984000,-48592000,-48625000,12758000,3879000,52.8,57.01,48.58,0.1243,0.0263,36.4,1.58,12.69,8.58,0.1251,0.1694,0.213,0.1423,0.18,2.77,None
2015-12-31,121264589,121264589,1,19853213000,None,15797661000,None,4055552000,0,0,441591000,0,711080000,132956000,132956000,1.07,1.06,0.12,390158000,-153422000,-254647000,1898000,61383000,6294000,58.27,61.19,55.36,0.1203,0.0261,33.44,1.68,13.78,8.44,0.1271,0,0.2043,0.14,0.19,3.17,None
2015-09-30,123330265,123330265,1,20119240000,None,15835938000,None,4283302000,0,0,441591000,0,998759000,145386000,145386000,1.17,1.15,0.14,275771000,-123294000,-164836000,-3364000,59485000,16714000,59.37,63.12,55.62,0.1191,0.0267,34.73,1.72,14.55,8.32,0.1251,0,0.2129,0.1335,0.2,2.1,None
2015-06-30,125115360,125115360,1,20020910000,None,15714854000,None,4306056000,0,0,441591000,0,1033694000,127110000,127110000,1.01,1,0.14,174392000,-112307000,-1133000,59763000,62849000,7869000,57.06,59.15,54.98,0.1147,0.0261,34.42,1.47,14.05,8.18,0.1272,0,0.2151,0.1313,0.2,1.33,None
2015-03-31,126108193,126108193,1,20696507000,None,15812879000,None,4883628000,0,0,441591000,0,1022532000,121648000,121648000,0.96,0.95,0.14,279729000,-244327000,-105089000,-62933000,3086000,6080000,52.86,55.66,50.07,0.1142,0.0264,38.73,1.43,12.9,8.04,0.1253,0,0.236,0.1339,0.2,2.17,None
2014-12-31,127107471,127107471,1,20214730000,None,15517264000,None,4697466000,0,0,441591000,0,996192000,146748000,146748000,1.13,1.13,0.12,220310000,-53333000,-173210000,-979000,66019000,-3813000,52.87,55.42,50.32,0.1212,0.0276,36.96,1.5,13.24,7.9,0.1209,0,0.2324,0.137,0.2,1.76,None
2014-09-30,128643163,128643163,1,19870507000,None,15340715000,None,4529792000,0,0,441591000,0,967001000,132412000,132412000,1.02,1,0.13,225015000,-94942000,-115340000,21195000,66998000,4441000,54.02,55.68,52.37,0.1268,0.0281,35.21,1.56,13.69,7.78,0.1214,0,0.228,0.1383,0.2,1.71,None
2014-06-30,130589470,130589470,1,19651801000,None,15142853000,None,4508948000,0,0,441591000,0,983983000,130923000,130923000,1,0.98,0.13,144533000,-26350000,-107543000,5787000,45803000,4912000,53.02,55.07,50.97,0.1326,0.0287,34.53,1.67,13.5,7.65,0.119,0,0.2294,0.1394,0.21,1.07,None
2014-03-31,87811120,131716680,1.5,19063977000,None,14875256000,None,4188721000,0,0,441591000,0,1017120000,132856000,132856000,1.5,1.48,0.19,274850000,-175538000,-103867000,3073000,40016000,5075000,50.94,53.51,48.37,0.1392,0.0295,31.8,1.79,13.45,7.52,0.1157,0,0.2197,0.1414,0.21,2.05,None
2013-12-31,88555738,132833607,1.5,18191744000,None,14415402000,None,3776342000,0,0,441591000,0,930594000,142817000,142817000,1.59,1.54,0.17,348277000,-226075000,-127599000,-1849000,36943000,6791000,49.73,52.35,47.11,0.1348,0.0288,28.43,1.79,13.06,7.4,0.1168,0,0.2076,0.1401,0.21,2.57,None
2013-09-30,90419611,135629416,1.5,18137714000,None,14360838000,None,3776876000,0,0,441591000,0,932789000,132122000,132122000,1.45,1.43,0.17,278522000,-71708000,-211537000,-6145000,38792000,1807000,46.27,48.65,43.89,0.132,0.029,27.85,1.66,12.31,7.28,0.1184,0,0.2082,0.1423,0.2,2.04,None
2013-06-30,91583266,137374899,1.5,18141273000,None,14318987000,None,3822286000,0,0,441591000,0,950339000,133901000,133901000,1.45,1.44,0.17,202107000,-48749000,-133816000,19681000,44937000,1345000,41.28,43.81,38.76,0.1274,0.029,27.82,1.33,11.22,7.17,0.1166,0,0.2107,0.1441,0.2,1.46,None
2013-03-31,92486839,138730258,1.5,18878702000,None,14574104000,None,4304598000,0,0,441591000,0,958216000,119632000,119632000,1.28,1.27,0.17,290374000,-267846000,-62967000,-36454000,25256000,655000,37.45,39.87,35.03,0.125,0.0291,31.03,1.21,10.36,7.06,0.1153,0,0.228,0.1453,0.2,2.09,None
2012-12-31,93656137,140484205,1.5,18776910000,None,14415124000,None,4361786000,0,0,441591000,0,928698000,150987000,150987000,1.6,1.57,0.18,245171000,-289383000,-194665000,-237121000,61710000,811000,34.17,35.31,33.03,0.1283,0.03,31.05,1.13,9.97,6.94,0.1081,0,0.2323,0.1475,0.2,1.74,None
2012-09-30,94930260,142395390,1.5,17939864000,None,13630971000,None,4308893000,0,0,396891000,0,877100000,130672000,130672000,1.37,1.36,0.15,250537000,-152772000,128574000,228165000,298831000,1176000,33.95,35.17,32.73,0.1233,0.0293,30.26,1.22,10.02,6.82,0.1038,0,0.2402,0.1444,0.2,1.75,None
2012-06-30,95398698,143098047,1.5,17185003000,None,13187342000,None,3997661000,0,0,396891000,0,885795000,128988000,128988000,1.33,1.32,0.15,163084000,-60469000,-111154000,-7636000,70666000,2164000,31.95,33.7,30.19,0.1259,0.03,27.94,1.23,9.43,6.72,0.0986,0,0.2326,0.1479,0.2,1.12,None
2012-03-31,98455101,147682651,1.5,16734412000,None,12900258000,None,3834154000,0,0,396891000,0,897923000,118677000,118677000,1.19,1.17,0.12,284047000,-195415000,-91867000,-5811000,78302000,460000,31.3,33.7,28.91,0.1325,0.0317,25.96,1.11,9.79,6.62,0.0897,0,0.2291,0.1541,0.21,1.92,None
2011-12-31,100186568,150279852,1.5,17156391000,None,12927483000,None,4228908000,0,0,396891000,0,833554000,126357000,126357000,1.26,1.29,0.12,174982000,-191533000,-71830000,-91847000,84113000,2182000,25.82,29.16,22.48,0.1283,0.0311,28.14,0.94,8.11,6.54,0.0927,0,0.2465,0.1533,0.2,1.15,None
2011-09-30,101940207,152910310,1.5,16971380000,None,12788327000,None,4183053000,0,0,396891000,0,837241000,137055000,137055000,1.31,1.3,0.12,231749000,-34249000,-112179000,85730000,175960000,1471000,25.62,29.12,22.12,0.1371,0.0333,27.36,1.07,8.71,6.46,0.0901,0,0.2465,0.1639,0.2,1.51,None
2011-06-30,105084520,157626780,1.5,16218212000,None,12438113000,None,3780099000,0,0,396891000,0,877334000,148940000,148940000,1.34,1.32,0.11,152686000,89246000,-437475000,-193443000,90230000,-2117000,28.74,30.15,27.33,0.1308,0.0315,23.98,1.24,10.48,6.38,0.0935,0,0.2331,0.1571,0.2,0.98,None
2011-03-31,76056097,171126218,2.25,16325247000,None,12366082000,None,3959165000,0,0,396891000,0,829272000,105533000,105533000,1.36,1.33,0.16,300047000,-175597000,-203001000,-82006000,283673000,761000,28.26,29.55,26.97,0.1238,0.0298,23.14,1.23,10.09,6.31,0.0989,0,0.2425,0.1508,0.2,1.75,None
2010-12-31,77923280,175327380,2.25,16159762000,None,12143521000,None,4016241000,0,0,396891000,0,788962000,154808000,154808000,1.93,1.9,0.17,283639000,138344000,-85453000,333213000,365679000,6267000,25.52,27.55,23.5,0.13,0.0307,22.91,1.08,9.93,6.24,0.0962,0,0.2485,0.1535,0.2,1.58,None
2010-09-30,80054077,180121673,2.25,17716467000,None,13448773000,None,4267694000,0,0,396891000,0,838888000,114531000,114531000,1.42,1.41,0.15,270099000,-181974000,-79457000,5174000,32466000,619000,23,24.52,21.48,0.1244,0.0283,23.69,1.06,9.26,6.16,0.1029,0,0.2409,0.1404,0.2,1.5,None
2010-06-30,80825323,181856976,2.25,16950209000,None,13004993000,None,3945216000,0,0,423519000,0,864977000,126049000,126049000,1.54,1.53,0.15,171573000,-88778000,-96317000,-12647000,27292000,1894000,23.32,24.99,21.66,0.1289,0.0282,21.69,1.18,9.65,6.1,0.105,0,0.2328,0.1386,0.2,0.93,None
2010-03-31,82517446,185664253,2.25,16601371000,None,12924349000,None,3677022000,0,0,423519000,0,874805000,121676000,121676000,1.47,1.46,0.15,303282000,-425233000,-68394000,-191979000,39939000,324000,21.73,23.88,19.57,0.1383,0.0285,19.8,1.19,10,6.03,0.1066,0,0.2215,0.1369,0.21,1.63,None
2009-12-31,82841526,186393433,2.25,16023759000,None,12624868000,None,3398891000,0,0,423519000,0,808171000,113329000,113329000,1.38,1.38,0.15,387362000,-211336000,-111640000,60398000,231918000,1598000,19.38,20.79,17.96,0.1432,0.0271,18.24,1.09,8.48,5.96,0.1165,0,0.2121,0.1257,0.22,2.07,None
2009-09-30,82784636,186265431,2.25,15849970000,None,12534711000,None,3315259000,0,0,423519000,0,784854000,100800000,100800000,1.22,1.22,0.14,228392000,-363172000,-35362000,-168088000,171520000,1655000,17.76,20.62,14.9,0.1692,0.0299,17.8,1.26,8.61,5.9,0.1086,0,0.2092,0.1318,0.23,1.22,None
2009-06-30,82734765,186153221,2.25,14707725000,None,12084743000,None,2622982000,0,0,423519000,0,819734000,114118000,114118000,1.38,1.38,0.14,141977000,-178404000,329350000,292923000,339608000,1162000,14.85,18.05,11.65,0.1689,0.0282,14.09,1.4,7.06,5.84,0.1199,0,0.1783,0.1214,0.23,0.76,None
2009-03-31,82734765,186153221,2.25,13245750000,None,11270149000,None,1975601000,0,0,423519000,0,809638000,76706000,76706000,0.91,0.91,0.14,218382000,-184187000,-33910000,285000,46685000,2084000,14.09,20.59,7.58,0.1709,0.0296,10.61,1.21,6.2,5.77,0.1157,0,0.1491,0.1259,0.24,1.16,None
2008-12-31,84509765,190146971,2.25,13529050000,None,11306143000,None,2222907000,0,0,423519000,0,840641000,137209000,137209000,1.62,1.63,0.14,116730000,-64377000,-19684000,29905000,46400000,1195000,19.13,25.97,12.3,0.1688,0.0316,11.69,1.5,8.8,5.71,0.1053,0,0.1643,0.1359,0.23,0.61,None
2008-09-30,85033197,191324693,2.25,13950366000,None,11509399000,None,2440967000,0,0,423519000,0,753352000,63151000,63151000,0.73,0.72,0.14,190523000,-185141000,324000,-1729000,16495000,1974000,26.3,27.73,24.88,0.1514,0.0304,12.76,1.74,10.6,5.65,0.1064,0,0.175,0.1345,0.23,0.99,None
2008-06-30,87231397,196270643,2.25,14743745000,None,11770161000,None,2973584000,0,0,423519000,0,860492000,133726000,133726000,1.49,1.47,0.14,190425000,1932000,-181475000,10280000,18224000,2246000,27.54,29.01,26.07,0.1636,0.0344,15.15,1.81,11.41,5.59,0.0922,0,0.2017,0.1505,0.23,0.96,None
2008-03-31,89803030,202056817,2.25,14972349000,None,11892529000,None,3079820000,0,0,423519000,0,872433000,118173000,118173000,1.3,1.29,0.13,232933000,-184662000,-60423000,-12154000,7944000,4385000,26.89,28.08,25.71,0.1581,0.0338,15.24,1.66,10.98,5.52,0.0931,0,0.2057,0.1478,0.23,1.13,None
2007-12-31,90969385,204681116,2.25,15241428000,None,11916801000,None,3324627000,0,0,423519000,0,840539000,132345000,132345000,1.44,1.41,0.13,195076000,-192593000,12480000,11028000,20098000,7252000,27.54,28.96,26.12,0.1595,0.0348,16.24,1.75,11.16,5.47,0.0915,0,0.2181,0.1513,0.23,0.92,None
2007-09-30,92178661,207401987,2.25,15154135000,None,11890251000,None,3263884000,0,0,423519000,0,863614000,132882000,132882000,1.43,1.41,0.13,221614000,-39206000,-189900000,-5025000,9070000,8287000,28.34,30.28,26.4,0.1609,0.0357,15.74,1.82,11.76,5.41,0.0915,0,0.2154,0.1535,0.23,1.03,None
2007-06-30,92750588,208688823,2.25,15097868000,None,11850084000,None,3247784000,0,0,423519000,0,876569000,127117000,127117000,1.34,1.32,0.13,186399000,-157986000,-18849000,9564000,14095000,5654000,29.95,31.25,28.66,0.1584,0.0355,15.56,1.9,12.57,5.35,0.0937,0,0.2151,0.1534,0.23,0.87,None
2007-03-31,95502079,214879677,2.25,15056791000,None,11661298000,None,3395493000,0,0,423507000,0,905975000,135191000,135191000,1.39,1.37,0.13,246908000,-112811000,-150485000,-16388000,328000,2969000,28.82,29.72,27.92,0.1599,0.0357,15.8,1.84,12.59,5.29,0.0914,0,0.2255,0.1538,0.23,1.14,None
2006-12-31,97986486,220469593,2.25,14980355000,None,11521162000,None,3459193000,0,0,378436000,0,857096000,142438000,142438000,1.47,1.45,0.13,188719000,-2780000,-194388000,-8449000,16716000,1192000,27.98,28.55,27.41,0.1575,0.0349,15.69,1.83,12.82,5.24,0.0914,0,0.2309,0.1516,0.23,0.85,None
2006-09-30,98074871,220668459,2.25,14935352000,None,11570801000,None,3364551000,0,0,378436000,0,837939000,128544000,128544000,1.3,1.28,0.13,244683000,-119963000,-112250000,12470000,25165000,1171000,27.38,28.19,26.56,0.1528,0.0339,15.25,1.95,12.92,5.18,0.0917,0,0.2253,0.1507,0.23,1.1,None
2006-06-30,98937784,222610014,2.25,14782479000,None,11655069000,None,3127410000,0,0,378436000,0,869135000,127375000,127375000,1.28,1.26,0.11,222061000,-275151000,59443000,6353000,12695000,3932000,26.1,27.12,25.08,0.15,0.0334,14.05,1.83,12.34,5.12,0.0908,0,0.2116,0.151,0.22,0.98,None
2006-03-31,100357258,225803830,2.25,14755086000,None,11530672000,None,3224414000,0,0,378436000,0,857008000,120274000,120274000,1.17,1.16,0.11,210124000,-122707000,-100372000,-12955000,6342000,1370000,24.89,25.68,24.11,0.1478,0.0338,14.28,1.69,11.94,5.07,0.091,0,0.2185,0.1556,0.22,0.92,None
2005-12-31,103567942,233027869,2.25,14768903000,None,11336135000,None,3432768000,0,0,378436000,0,769191000,126179000,126179000,1.23,1.21,0.11,177215000,-115095000,-48424000,13696000,19297000,708000,23.93,24.84,23.02,0.1465,0.034,14.73,1.66,11.91,5.02,0.0923,0,0.2324,0.1585,0.21,0.76,None
2005-09-30,103777833,233500124,2.25,14660719000,None,11301013000,None,3359706000,0,0,378436000,0,769022000,119046000,119046000,1.14,1.14,0.11,220884000,-174992000,-51958000,-6066000,5601000,610000,23.13,23.64,22.62,0.1435,0.0336,14.39,1.57,11.56,4.97,0.095,0,0.2292,0.1555,0.22,0.94,None
2005-06-30,104325104,234731484,2.25,14651045000,None,11196037000,None,3455008000,0,0,378436000,0,804797000,132365000,132365000,1.26,1.25,0.11,198258000,-78571000,-116871000,2816000,11667000,902000,23.38,24.34,22.41,0.1451,0.0344,14.72,1.67,12.26,4.92,0.095,0,0.2358,0.1569,0.22,0.84,None
2005-03-31,104131866,234296698,2.25,14166100000,None,10884000000,None,3282100000,0,0,378400000,0,782900000,117800000,117800000,1.11,1.09,0.11,261100000,-130300000,-132600000,-1800000,8900000,800000,23.91,25.24,22.59,0.1437,0.034,14.01,1.67,12.84,4.88,0.0994,0,0.2317,0.1538,0.22,1.11,None
2004-12-31,106384323,239364726,2.25,14252200000,None,10832400000,None,3419800000,0,0,378400000,0,760800000,115556000,115556000,1.07,1.04,0.11,167490000,-161057000,143000,6576000,10700000,1231000,23.82,25.56,22.08,0.1407,0.0338,14.29,1.73,12.95,4.83,0.1022,0,0.2399,0.1526,0.22,0.69,None
2004-09-30,108107369,243241580,2.25,13891472000,None,10547422000,None,3344050000,0,0,378436000,0,774199000,124132000,124132000,1.14,1.12,0.11,204160000,-98921000,-106251000,-1012000,4130000,779000,23.16,23.94,22.38,0.1416,0.0341,13.75,1.81,13.16,4.78,0.1044,0,0.2407,0.1514,0.22,0.84,None
2004-06-30,109666275,246749118,2.25,13433115000,None,10279608000,None,3153507000,0,0,378436000,0,763959000,116561000,116561000,1.05,1.04,0.11,181947000,-39619000,-157152000,-14824000,5142000,839000,23.22,24.42,22.02,0.1385,0.0333,12.78,1.71,13.5,4.73,0.1044,0,0.2348,0.1483,0.22,0.73,None
2004-03-31,111309168,250445628,2.25,13839861000,None,10439548000,None,3400313000,0,0,378436000,0,772542000,112351000,112351000,1,0.99,0.11,213503000,-199603000,-6640000,7260000,19966000,1151000,21.98,23.91,20.05,0.136,0.033,13.58,1.71,13.26,4.68,0.102,0,0.2457,0.1477,0.22,0.85,None
2003-12-31,112291953,252656894,2.25,13460886000,None,10220787000,None,3240099000,0,0,378436000,0,760421000,112034000,112034000,0.99,0.99,0.11,181079000,-172749000,-6118000,2212000,12708000,956000,19.35,20.24,18.47,0.1372,0.0328,12.82,1.55,12.03,4.63,0.1006,0,0.2407,0.1468,0.22,0.71,None
2003-09-30,113175529,254644940,2.25,13217339000,None,10044309000,None,3173030000,0,0,378436000,0,730389000,107882000,107882000,0.95,0.94,0.09,172175000,-169387000,39000,2827000,10496000,1016000,17.65,18.69,16.61,0.1394,0.033,12.46,1.42,10.85,4.58,0.0979,0,0.2401,0.1475,0.22,0.67,None
2003-06-30,114202497,256955618,2.25,13096891000,None,9769679000,None,3182774000,144438000,0,378436000,0,727840000,109592000,109592000,0.95,0.95,0.09,164410000,-73356000,-95580000,-4526000,7669000,1071000,16.84,17.5,16.17,0.1475,0.0345,12.39,1.49,11.73,4.54,0.0968,0,0.243,0.1516,0.23,0.64,None
2003-03-31,116085283,261191886,2.25,12616386000,None,9529605000,None,2942348000,144433000,0,378436000,0,711988000,100633000,100633000,0.86,0.85,0.09,222810000,-184191000,-33605000,5014000,12195000,571000,15.96,17.11,14.81,0.1388,0.0314,11.27,1.47,11.29,4.5,0.1098,0,0.2332,0.1398,0.22,0.85,None
2002-12-31,116931462,263095789,2.25,12360722000,None,9364842000,None,2851453000,144427000,0,378436000,0,698987000,105192000,105192000,0.89,0.88,0.09,136960000,-154237000,19836000,2559000,7181000,710000,15.62,16.87,14.37,0.1439,0.0314,10.84,1.51,11.83,4.46,0.1117,0,0.2307,0.14,0.22,0.52,None
2002-09-30,118434813,266478329,2.25,12168596000,None,9264308000,None,2759866000,144422000,0,378436000,0,715825000,117375000,117375000,0.98,0.98,0.09,222938000,-180116000,-41268000,1554000,4622000,647000,15.3,16.82,13.78,0.1403,0.0295,10.36,1.6,12.25,4.42,0.1199,0,0.2268,0.1341,0.22,0.83,None
2002-06-30,119178913,268152554,2.25,12091404000,None,9382531000,None,2564456000,144417000,0,378436000,0,633480000,62712000,62712000,0.52,0.52,0.09,140649000,1684000,-143790000,-1457000,3068000,463000,17.6,18.56,16.64,0.1381,0.0284,9.56,1.94,13.8,4.38,0.126,0,0.2121,0.1304,0.22,0.52,None
2002-03-31,121419578,273194050,2.25,12284369000,None,9661001000,None,2478956000,144412000,0,378436000,0,689674000,98154000,98154000,0.8,0.8,0.09,150265000,-135883000,-13571000,811000,4525000,622000,17.5,18.6,16.39,0.145,0.029,9.07,1.93,13.91,4.34,0.1238,0,0.2018,0.1316,0.22,0.55,None
2001-12-31,122202895,274956513,2.25,12428153000,None,9786469000,None,2497127000,144557000,0,378436000,0,656556000,83126000,83126000,0.68,0.67,0.09,162502000,-156709000,-11622000,-5829000,3714000,907000,17.11,17.76,16.46,0.146,0.0286,9.08,1.89,13.37,4.3,0.1254,0,0.2009,0.1317,0.22,0.59,None
2001-09-30,124175334,279394501,2.25,12187430000,None,9545850000,None,2535176000,106404000,0,381454000,0,686690000,103815000,103815000,0.83,0.82,0.09,256075000,-186534000,-65068000,4473000,9543000,809000,17.48,19.13,15.82,0.1543,0.029,9.07,2.07,13.9,4.26,0.1233,0,0.208,0.1358,0.21,0.91,None
2001-06-30,124935207,281104215,2.25,12503436000,None,9986833000,None,2371528000,145075000,0,384473000,0,689030000,73174000,73174000,0.58,0.58,0.09,38068000,75863000,-114713000,-782000,5070000,768000,17.06,17.87,16.25,0.1589,0.0281,8.44,2.04,13.24,4.22,0.1259,0,0.1897,0.1359,0.21,0.13,None
2001-03-31,125451684,282266289,2.25,12801747000,None,10244597000,None,2363735000,193415000,0,387492000,0,674766000,96398000,96398000,0.76,0.76,0.09,205768000,-175371000,-59634000,-29237000,5852000,1208000,16.02,17.26,14.78,0.1702,0.0288,8.37,2.06,12.78,4.18,0.123,0,0.1846,0.1437,0.2,0.72,None
2000-12-31,126000676,283501521,2.25,12962558000,None,10566803000,None,2202360000,193395000,0,390509000,0,641190000,92123000,92123000,0.73,0.72,0.09,148920000,-105487000,-20512000,22921000,35089000,139000,15.17,18.31,12.03,0.1733,0.0282,7.77,2.04,13.03,4.14,0.1263,0,0.1699,0.1439,0.2,0.52,None
2000-09-30,126250235,284063028,2.25,12862439000,None,10560634000,None,2108428000,193377000,0,393528000,0,640554000,97736000,97736000,0.77,0.77,0.09,133790000,-80456000,-58114000,-4780000,12168000,1345000,11.91,13.14,10.69,0.1664,0.0269,7.42,1.7,11.17,4.1,0.1359,0,0.1639,0.1377,0.2,0.47,None
2000-06-30,127544101,286974227,2.25,12611488000,None,10405024000,None,2013105000,193359000,0,396547000,0,615133000,83294000,83294000,0.65,0.65,0.09,106535000,10886000,-110947000,6474000,16948000,4275000,11.2,12.78,9.61,0.1563,0.0257,7.01,1.59,12.54,4.06,0.148,0,0.1596,0.1318,0.19,0.36,None
2000-03-31,128152201,288342452,2.25,12841942000,None,10617712000,None,2030889000,193341000,0,399565000,0,619017000,88882000,88882000,0.68,0.68,0.09,143529000,-68651000,-78845000,-3967000,10474000,749000,10.59,12.86,8.33,0.1316,0.0224,7.04,1.55,11.68,4.02,0.1765,0,0.1581,0.1169,0.19,0.5,None
1999-12-31,129808697,292069568,2.25,12131664000,None,9945003000,None,1993337000,193324000,0,402584000,0,586378000,68964000,68964000,0.54,0.52,0.09,216752000,-220964000,9580000,5368000,14441000,2273000,13.66,15.97,11.36,0.1334,0.0237,6.82,2.01,15.07,3.98,0.1734,0,0.1643,0.123,0.19,0.73,None
1999-09-30,131536597,295957343,2.25,11382555000,None,9178893000,None,2010355000,193307000,0,405602000,0,565779000,73312000,73312000,0.55,0.55,0.09,102441000,-65346000,-41769000,-4674000,9073000,988000,13.5,16.06,10.95,0.1316,0.0246,6.79,1.96,19.1,3.94,2.9587,0,0.1766,0.1351,0.18,0.34,None
1999-06-30,133047661,299357237,2.25,11300258000,None,9046732000,None,2060235000,193291000,0,408621000,0,507228000,35246000,35246000,0.26,0.26,0.09,70466000,-51845000,-13289000,5332000,13747000,4092000,15.21,16.53,13.89,0.0978,0.0195,6.88,2.12,19.23,3.9,3.7906,0,0.1823,0.1095,0.18,0.22,None
1999-03-31,133362708,300066093,2.25,11330004000,None,8988785000,None,2147944000,193275000,0,411639000,0,567510000,96434000,96434000,0.71,0.71,0.09,121954000,-49021000,-69438000,3495000,8415000,1141000,14.96,16.28,13.64,0.1052,0.022,7.16,2.01,19.46,3.86,3.4007,0,0.1896,0.1167,0.19,0.4,None
1998-12-31,134667708,303002343,2.25,11249028000,None,8796241000,None,2259528000,193259000,0,414658000,0,423120000,73835000,73835000,0.54,0.52,5.86,118568000,161729000,-277963000,2334000,4920000,2278000,15.05,17.89,12.21,0.1006,0.0214,7.46,1.88,18.01,3.82,3.4866,0,0.2009,0.1133,0.19,0.38,None
1998-09-30,140264983,315596211,2.25,11277140000,None,8454059000,None,2528902000,294179000,0,417677000,0,511271000,14546000,14546000,0.1,0.1,0.15,61697000,47113000,-105582000,3228000,2586000,645000,15.84,18.1,13.57,0.1122,0.0232,8.01,2.01,14.55,1.22,0.3194,0,0.2243,0.1135,0.2,0.19,None
1998-06-30,140262157,315589853,2.25,11323146000,None,8544698000,None,2487286000,291162000,0,518075000,0,621981000,63142000,63142000,0.45,0.45,0.15,71046000,-208829000,107641000,-30142000,14039000,1903000,17.24,19.11,15.37,0.1573,0.0305,7.88,2.23,15.27,1.15,0.244,0,0.2197,0.1428,0.21,0.22,None
1998-03-31,140253268,315569853,2.25,11833415000,None,9200540000,None,2439661000,193214000,0,521818000,0,601504000,92918000,92918000,0.66,0.66,0.15,146342000,-555351000,427424000,18415000,44181000,1344000,16.52,18.35,14.68,0.1786,0.0322,7.73,2.69,15.26,1.08,0.2333,0,0.2062,0.1518,0.21,0.46,None
1997-12-31,140219468,315493803,2.25,10967291000,None,8841356000,None,1932736000,193199000,0,525564000,0,587119000,92851000,92851000,0.67,None,0.15,119913000,-159570000,50482000,10825000,25766000,3082000,14.96,16.42,13.5,0.19,0.0321,6.13,2.57,14.29,1.02,0.2413,0,0.1762,0.148,0.22,0.37,None
1997-09-30,140028540,315064215,2.25,10684671000,None,8659720000,None,1831765000,193186000,0,529308000,0,584064000,92974000,92974000,0.67,None,0.145,127952000,-57667000,-61681000,8604000,14941000,2517000,14.66,15.97,13.36,0.1923,0.032,5.81,2.67,14.99,0.95,0.2466,0,0.1714,0.1456,0.22,0.4,None
1997-06-30,69204405,311419822,4.5,10381734000,None,8478868000,None,1709693000,193173000,0,533052000,0,554197000,74590000,74590000,1.08,None,0.29,111276000,-56828000,-52334000,2114000,6337000,2794000,12.08,14.09,10.07,0.188,0.031,5.49,2.3,12.3,0.89,0.2624,0,0.1647,0.1391,0.22,0.35,None
1997-03-31,69275222,311738499,4.5,9993175000,None,8162035000,None,1637981000,193159000,0,536796000,0,557070000,77328000,77328000,1.11,None,0.29,129692000,-194215000,50474000,-14049000,4223000,1029000,10.73,11.87,9.59,0.1951,0.0322,5.25,2.07,11.05,0.82,0.2611,0,0.1639,0.1412,0.23,0.41,None
1996-12-31,69832952,314248284,4.5,9800800000,None,7978312000,None,1629343000,193145000,0,540540000,0,552625000,82366000,82366000,1.18,None,0.29,97738000,-44613000,-59765000,-6640000,18272000,2323000,10.84,11.58,10.11,0.1972,0.0326,5.18,2.18,20.32,0.76,0.2642,0,0.1662,0.1412,0.23,0.3,None
1996-09-30,70366407,316648831,4.5,9598084000,None,7828094000,None,1576857000,193133000,0,544284000,0,550379000,73693000,73693000,1.03,None,0.29,140839000,-58487000,-64186000,18166000,24912000,10533000,9.61,10.28,8.94,0.11,0.0183,4.98,1.99,19.48,0.69,0.4798,0,0.1643,0.0802,0.23,0.41,None
1996-06-30,71773560,322981020,4.5,9413366000,None,7657338000,None,1562907000,193121000,0,548029000,0,551983000,79039000,79039000,1.1,None,0.29,57953000,-28447000,-29342000,164000,6746000,1306000,9.59,10.06,9.11,0.1016,0.0171,4.84,2,20.55,0.63,0.5158,0,0.166,0.0757,0.23,0.18,None
1996-03-31,71749365,322872142,4.5,9359801000,None,7620246000,None,1546446000,193109000,0,551773000,0,550823000,76274000,76274000,1.06,None,0.29,125866000,-51360000,-81082000,-6576000,6582000,1250000,10.26,11.08,9.44,0.0963,0.0163,4.79,2.09,23.09,0.56,0.5415,0,0.1652,0.0723,0.23,0.39,None
1995-12-31,71722245,322750102,4.5,9364104000,None,7582056000,None,1588952000,193096000,0,555517000,0,498914000,-56383000,-56383000,-0.79,None,0.29,87150000,-131505000,43699000,-656000,13158000,-8643000,9.57,10.06,9.08,0.0939,0.0157,4.92,1.94,11.7,0.5,0.5651,0,0.1697,0.0693,0.23,0.3,None
1995-09-30,71656086,322452387,4.5,9279239000,None,7492087000,None,1594067000,193085000,0,559256000,0,511375000,60974000,60974000,0.85,None,0.28,60455000,-66858000,7949000,1546000,5274000,4934000,8.78,9.39,8.17,0.183,0.0297,4.94,1.84,10.59,0.44,0.3044,0,0.1718,0.1276,0.23,0.17,None
1995-06-30,71579444,322107498,4.5,9065363000,None,7337582000,None,1534707000,193074000,0,563000000,0,526965000,70023000,70023000,0.98,None,0.28,37462000,-69425000,28625000,-3338000,3728000,2930000,8.82,9.33,8.31,0.1971,0.0316,4.76,2.05,10.87,0.37,0.3,0,0.1693,0.1325,0.24,0.11,None
1995-03-31,71568887,322059991,4.5,8707383000,None,7128165000,None,1386155000,193063000,0,566729000,0,530228000,68621000,68621000,0.96,None,0.28,134506000,-69208000,-60990000,4308000,7066000,7289000,8.57,9.53,7.61,0.2039,None,4.3,2.22,10.37,0.31,0.3059,0,0.1592,0.1341,0.24,0.4,None
1994-12-31,71541175,321935287,4.5,8403634000,None,6967979000,None,1242603000,193052000,0,570455000,0,496158000,63773000,63773000,0.89,None,0.28,69505000,-303917000,231284000,-3128000,2758000,9761000,8.54,9.89,7.2,0.2128,None,3.86,2.18,None,0.25,0.2988,0,0.1479,0.1399,0.25,0.19,None
1994-09-30,71529535,321882907,4.5,7649576000,None,6391022000,None,1258554000,0,0,170568000,0,463289000,64698000,64698000,0.9,None,0.28,80998000,-152631000,73127000,1494000,5886000,10179000,9.13,9.81,8.44,None,None,3.91,2.35,None,0.19,None,0,0.1645,None,None,0.22,None
1994-06-30,71555630,322000335,4.5,7453615000,None,6202237000,None,1251378000,0,0,176136000,0,464429000,64903000,64903000,0.9,None,0.28,63855000,30968000,-108841000,-14018000,4392000,14405000,8.84,9.5,8.17,None,None,3.89,2.21,None,0.12,None,0,0.1679,None,None,0.15,None
1994-03-31,72414730,325866285,4.5,7586686000,None,6283205000,None,1303481000,0,0,177045000,0,498681000,75572000,75572000,1.03,None,0.28,67073000,-81158000,-20913000,-34998000,18410000,14643000,9.89,11,8.78,None,None,4,2.29,None,0.06,None,0,0.1718,None,None,0.16,None
1993-12-31,72899902,328049559,4.5,7646242000,None,6228987000,None,1417255000,0,0,178645000,0,None,None,None,None,None,0,None,None,None,None,53408000,0,10.86,12.58,9.14,None,None,4.32,None,None,0,None,0,0.1854,None,None,None,None
