"Quarter end","Shares","Shares split adjusted","Split factor","Assets","Current Assets","Liabilities","Current Liabilities","Shareholders equity","Non-controlling interest","Preferred equity","Goodwill & intangibles","Long-term debt","Revenue","Earnings","Earnings available for common stockholders","EPS basic","EPS diluted","Dividend per share","Cash from operating activities","Cash from investing activities","Cash from financing activities","Cash change during period","Cash at end of period","Capital expenditures","Price","Price high","Price low","ROE","ROA","Book value of equity per share","P/B ratio","P/E ratio","Cumulative dividends per share","Dividend payout ratio","Long-term debt to equity ratio","Equity to assets ratio","Net margin","Asset turnover","Free cash flow per share","Current ratio"
2019-06-30,1212022398,1212022398,1,46509000000,2028000000,29428000000,3389000000,13848000000,3233000000,35000000,8123000000,20711000000,2041000000,310000000,310000000,0.26,0.26,0.38,1069000000,-166000000,-140000000,763000000,806000000,-411000000,27.73,29.55,25.9,0.0042,0.0014,11.4,2.34,None,25.84,28.1348,1.4994,0.297,0.0072,0.19,1.22,0.5984
2019-03-31,1211770224,1211770224,1,45970000000,1287000000,30245000000,4169000000,14406000000,1319000000,35000000,8096000000,20703000000,2054000000,195000000,194000000,0.16,0.16,0.38,775000000,-1258000000,358000000,-125000000,43000000,426000000,25.36,29.18,21.53,-0.0084,-0.0024,11.86,2.1,None,25.46,None,1.4406,0.3126,None,0.19,0.29,0.3087
2018-12-31,1210981263,1210981263,1,45302000000,1464000000,29305000000,1811000000,14660000000,1337000000,35000000,7767000000,22367000000,2204000000,-571000000,-571000000,-0.47,-0.47,0.34,962000000,258000000,-1094000000,126000000,168000000,602000000,24.27,28.19,20.36,-0.0126,-0.0033,12.08,1.89,9.71,25.08,None,1.5294,0.3228,None,0.19,0.3,0.8084
2018-09-30,1210542031,1210542031,1,47153000000,1984000000,30194000000,2761000000,15610000000,1349000000,35000000,8324000000,21409000000,2303000000,129000000,129000000,0.13,0.13,0.34,746000000,-1314000000,335000000,-233000000,42000000,774000000,29.37,32.22,26.51,0.191,0.045,12.87,2.6,12.19,24.74,0.5814,1.3746,0.3303,0.2414,0.19,-0.02,0.7186
2018-06-30,827973071,827973071,1,46374000000,1541000000,30927000000,1958000000,9345000000,6102000000,0,8406000000,21313000000,2091000000,135000000,135000000,0.16,0.16,0.34,891000000,-871000000,-1037000000,-1017000000,275000000,929000000,26.12,28.23,24,0.2194,0.0432,11.29,2.28,11.11,24.4,0.5277,2.2807,0.2015,0.2419,0.18,-0.05,0.787
2018-03-31,827610837,827610837,1,47052000000,2399000000,31149000000,2164000000,9473000000,6430000000,0,8644000000,21379000000,2088000000,152000000,152000000,0.18,0.18,0.34,694000000,-798000000,497000000,393000000,1292000000,958000000,29.13,33.67,24.59,0.2198,0.0415,11.45,2.5,11.12,24.06,0.5251,2.2568,0.2013,0.2402,0.17,-0.32,1.1086
2017-12-31,827327336,827327336,1,46352000000,2179000000,30177000000,2646000000,9656000000,6519000000,0,8791000000,20434000000,2228000000,1687000000,1687000000,2.04,2.03,0.3,719000000,-423000000,-569000000,-273000000,899000000,713000000,28.77,30.72,26.82,0.2519,0.0461,11.67,2.93,50.47,23.72,0.4563,2.1162,0.2083,0.2707,0.17,0.01,0.8235
2017-09-30,826746549,826746549,1,46120000000,2293000000,31238000000,2354000000,8109000000,6773000000,0,8873000000,20567000000,1891000000,33000000,33000000,0.04,0.04,0.3,569000000,1566000000,-2881000000,-746000000,1172000000,657000000,30.47,32.18,28.76,0.064,0.01,9.81,3.03,49.95,23.42,1.926,2.5363,0.1758,0.059,0.17,-0.11,0.9741
2017-06-30,826650874,826650874,1,48770000000,3969000000,33589000000,3996000000,8306000000,6875000000,0,9481000000,21325000000,1924000000,81000000,81000000,0.1,0.1,0.3,662000000,-388000000,1005000000,1279000000,1918000000,557000000,29.45,31.25,27.65,0.0762,0.0105,10.05,2.88,None,23.12,1.6224,2.5674,0.1703,0.0624,0.17,0.13,0.9932
2017-03-31,826274756,826274756,1,47512000000,2845000000,32103000000,2045000000,8444000000,6965000000,0,9570000000,21825000000,1988000000,373000000,373000000,0.45,0.45,0.3,606000000,-122000000,-15000000,469000000,639000000,513000000,30.18,32.69,27.68,0.0025,0.0003,10.22,5.37,None,22.82,74.5454,2.5847,0.1777,0.0018,0.16,0.11,1.3912
2016-12-31,825823918,825823918,1,46835000000,1462000000,32789000000,2949000000,4643000000,9403000000,0,9663000000,22624000000,2198000000,-15000000,-15000000,-0.02,-0.02,0.2,1582000000,-16000000,-1473000000,93000000,170000000,473000000,29.78,32.21,27.35,-0.0847,-0.0089,5.62,4.6,None,22.52,None,4.8727,0.0991,None,0.16,1.34,0.4958
2016-09-30,750837361,750837361,1,47288000000,1627000000,33064000000,2465000000,4860000000,9364000000,0,9752000000,23932000000,1905000000,61000000,61000000,0.08,0.08,0.2,618000000,346000000,-1036000000,-72000000,77000000,510000000,25.55,31.43,19.68,-0.2088,-0.0233,6.47,3.97,None,22.32,None,4.9243,0.1028,None,0.15,0.14,0.66
2016-06-30,750657574,750657574,1,48124000000,2357000000,33702000000,2752000000,4830000000,9592000000,0,9839000000,24394000000,1736000000,-405000000,-405000000,-0.54,-0.54,0.64,685000000,-400000000,-300000000,-15000000,135000000,549000000,19.25,23.89,14.6,-0.2037,-0.0249,6.43,2.54,None,22.12,None,5.0505,0.1004,None,0.15,0.18,0.8565
2016-03-31,750527387,750527387,1,48807000000,1261000000,33183000000,2789000000,5691000000,9933000000,0,9928000000,23701000000,1660000000,-65000000,-65000000,-0.09,-0.09,0.64,779000000,-346000000,-369000000,64000000,164000000,489000000,18.45,26.68,10.22,-0.104,-0.0141,7.58,2.25,None,21.48,None,4.1646,0.1166,None,0.15,0.39,0.4521
2015-12-31,750065665,750065665,1,49020000000,1527000000,32795000000,2497000000,6148000000,10077000000,0,10017000000,23812000000,2006000000,-715000000,-715000000,-0.95,-0.95,0.64,592000000,-592000000,-25000000,-25000000,100000000,742000000,32.73,44.51,20.95,-0.077,-0.0113,8.2,3.32,71.15,20.84,None,3.8731,0.1254,None,0.15,-0.2,0.6115
2015-09-30,749764737,749764737,1,50819000000,1264000000,32559000000,3858000000,7387000000,10873000000,0,11198000000,21805000000,1799000000,-40000000,-40000000,-0.05,-0.05,0.64,603000000,-705000000,23000000,-79000000,125000000,774000000,46.7,58.77,34.64,0.0417,0.0066,9.85,4.42,17.11,20.2,5.2904,2.9518,0.1454,0.045,0.15,-0.23,0.3276
2015-06-30,749711274,749711274,1,51163000000,1426000000,31992000000,3768000000,7928000000,11243000000,0,11303000000,21285000000,1839000000,114000000,114000000,0.15,0.15,0.59,814000000,-1246000000,295000000,-137000000,204000000,816000000,53.83,61.38,46.28,0.2414,0.0407,10.57,4.91,19.72,19.56,0.8378,2.6848,0.155,0.2646,0.15,-0,0.3785
2015-03-31,748961482,748961482,1,50457000000,1622000000,30876000000,2330000000,8212000000,11369000000,0,11336000000,21690000000,1716000000,70000000,70000000,0.09,0.09,0.58,669000000,-756000000,188000000,101000000,341000000,832000000,45.61,51.15,40.07,0.2406,0.044,10.96,3.89,16.06,18.97,0.7794,2.6413,0.1628,0.2688,0.16,-0.22,0.6961
2014-12-31,747896477,747896477,1,50563000000,1890000000,30391000000,2567000000,8777000000,11395000000,0,11573000000,20888000000,2141000000,193000000,193000000,0.27,0.27,0.57,1011000000,-1147000000,74000000,-62000000,240000000,1088000000,49.11,57,41.21,0.2783,0.0517,11.74,4.02,19.26,18.39,0.6787,2.3799,0.1736,0.2768,0.19,-0.1,0.7363
2014-09-30,747462634,747462634,1,49807000000,1898000000,29126000000,2931000000,9129000000,11552000000,0,12794000000,19922000000,2069000000,1678000000,1678000000,2.24,2.22,0.56,345000000,-1074000000,171000000,-558000000,302000000,1104000000,57.03,59.77,54.28,0.2882,0.0544,12.21,5.42,105.61,17.82,0.6652,2.1823,0.1833,0.2665,0.2,-1.02,0.6476
2014-06-30,747311764,747311764,1,34949000000,2119000000,23027000000,2396000000,7863000000,4059000000,0,2262000000,15539000000,1678000000,103000000,103000000,0.15,0.15,0.42,313000000,-6944000000,6427000000,-204000000,860000000,1046000000,49.5,59.68,39.31,0.0664,0.0127,10.52,7.36,82.5,17.26,2.9804,1.9762,0.225,0.0551,0.23,-0.98,0.8844
2014-03-31,685518456,685518456,1,28306000000,2178000000,19589000000,2549000000,4616000000,4101000000,0,2278000000,12099000000,1749000000,140000000,140000000,0.2,0.2,0.4025,446000000,-992000000,929000000,383000000,1064000000,793000000,40.36,42.94,37.77,0.0856,0.0152,6.73,5.68,64.06,16.84,2.5134,2.6211,0.1631,0.0602,0.25,-0.51,0.8545
2013-12-31,684417475,684417475,1,27142000000,1683000000,18221000000,1983000000,4864000000,4057000000,0,2290000000,11353000000,1660000000,-14000000,-14000000,-0.02,-0.02,0.38,515000000,-1149000000,583000000,-51000000,681000000,1030000000,36.33,38.68,33.98,0.0891,0.0165,7.11,5.02,41.28,16.43,2.2868,2.3341,0.1792,0.0627,0.26,-0.75,0.8487
2013-09-30,683428418,683428418,1,26455000000,1782000000,17509000000,2086000000,4948000000,3998000000,0,2305000000,10359000000,1623000000,141000000,141000000,0.21,0.21,0.37,539000000,-1177000000,546000000,-92000000,732000000,1012000000,34.65,36.94,32.36,0.1236,0.0234,7.24,5.04,37.66,16.05,1.5989,2.0936,0.187,0.0839,0.28,-0.69,0.8543
2013-06-30,683194928,683194928,1,25657000000,1946000000,17686000000,2371000000,4694000000,3277000000,0,2320000000,10359000000,1767000000,142000000,142000000,0.2,0.21,0.35,668000000,-918000000,372000000,122000000,824000000,817000000,34.91,38.57,31.25,0.1401,0.0253,6.87,4.97,37.95,15.68,1.4684,2.2069,0.183,0.0843,0.3,-0.22,0.8208
2013-03-31,682693321,682693321,1,24816000000,1864000000,16946000000,1560000000,4795000000,3075000000,0,2335000000,10610000000,1810000000,161000000,161000000,0.24,0.23,0.33875,495000000,-808000000,176000000,-137000000,702000000,713000000,35.55,38,33.09,0.1531,0.0263,7.02,5.1,25.58,15.33,1.4073,2.2127,0.1932,0.082,0.32,-0.32,1.1949
2012-12-31,681532705,681532705,1,24327000000,1924000000,16900000000,1549000000,4752000000,2675000000,0,2353000000,10735000000,1869000000,149000000,149000000,0.24,0.23,0.33,546000000,-3241000000,2538000000,-157000000,839000000,877000000,34.05,37.56,30.55,0.2696,0.0411,6.97,6.91,85.13,15,0.8973,2.259,0.1953,0.1147,0.36,-0.49,1.2421
2012-09-30,627327174,627327174,1,21263000000,1961000000,15272000000,1379000000,3092000000,2899000000,0,650000000,9512000000,1752000000,155000000,155000000,0.25,0.25,0.3125,431000000,-790000000,676000000,317000000,996000000,730000000,31.93,35.39,28.47,0.1145,0.014,4.93,6.75,52.34,14.67,15.9662,3.0763,0.1454,0.0345,0.41,-0.48,1.422
2012-06-30,626467362,626467362,1,20267000000,1682000000,14640000000,1298000000,2961000000,2666000000,0,724000000,9033000000,1846000000,132000000,132000000,0.21,0.21,0.3,424000000,-2399000000,1554000000,-421000000,679000000,593000000,30.94,34.63,27.25,0.1086,0.019,4.73,9.98,39.67,14.35,10.8847,3.0507,0.1461,0.0442,0.43,-0.27,1.2958
2012-03-31,625652405,625652405,1,17790000000,2119000000,14066000000,1534000000,1940000000,1784000000,0,0,8366000000,2019000000,423000000,423000000,0.71,0.7,0.25875,434000000,-491000000,268000000,211000000,1100000000,329000000,29.15,32.09,26.21,0.1014,0.0222,3.1,13.31,47.02,14.05,8.5747,4.3124,0.1091,0.0503,0.44,0.17,1.3814
2011-12-31,592181611,592181611,1,16502000000,1894000000,13916000000,1675000000,1296000000,1290000000,0,0,8369000000,2103000000,-444000000,-444000000,-0.76,-0.76,6.25,1087000000,-1015000000,-179000000,-107000000,889000000,963000000,27.5,33.11,21.9,0.0615,0.0161,2.19,2.05,16.37,13.79,10.6657,6.4576,0.0785,0.0374,0.43,0.21,1.1307
2011-09-30,589411024,589411024,1,26146000000,2889000000,16893000000,2439000000,7909000000,1344000000,0,0,9024000000,2703000000,272000000,272000000,0.46,0.46,0.2,668000000,-789000000,-49000000,-170000000,996000000,739000000,28.31,33.16,23.46,0.1306,0.039,13.42,2.16,None,7.54,0.3877,1.141,0.3025,0.0958,0.41,-0.12,1.1845
2011-06-30,588895011,588895011,1,25705000000,2830000000,16660000000,2390000000,7716000000,1329000000,0,0,8927000000,2669000000,227000000,227000000,0.39,0.38,0.2,873000000,-620000000,-10000000,243000000,1166000000,568000000,30.7,33.47,27.92,-0.0732,-0.0217,13.1,2.4,None,7.34,None,1.1569,0.3002,None,0.4,0.52,1.1841
2011-03-31,588146154,588146154,1,25083000000,2505000000,16204000000,2458000000,7537000000,1342000000,0,0,8577000000,2575000000,321000000,321000000,0.55,0.54,0.125,811000000,-579000000,-104000000,128000000,923000000,526000000,28.02,31.77,24.26,-0.0791,-0.0236,12.81,2.25,None,7.14,None,1.138,0.3005,None,0.39,0.48,1.0191
2010-12-31,586207919,586207919,1,24972000000,2530000000,16353000000,2574000000,7288000000,1331000000,0,8000000,8600000000,2424000000,174000000,174000000,0.29,0.3,0.13,710000000,-1824000000,894000000,-220000000,795000000,0,21.88,24.89,18.88,-0.1487,-0.0444,12.43,1.82,None,7.02,None,1.18,0.2918,None,0.39,1.21,0.9829
2010-09-30,584774635,584774635,1,23848000000,2803000000,15672000000,2549000000,7025000000,1151000000,0,8000000,8002000000,2304000000,-1263000000,-1263000000,-2.16,-2.16,0.125,644000000,-1539000000,309000000,-586000000,1015000000,1171000000,19.27,21,17.53,-0.1433,-0.0443,12.01,1.48,37.06,6.89,None,1.1391,0.2946,None,0.38,-0.9,1.0996
2010-06-30,584669618,584669618,1,24947000000,3359000000,15921000000,2119000000,7633000000,1393000000,0,1011000000,8358000000,2292000000,185000000,185000000,0.32,0.31,0.125,680000000,-498000000,-225000000,-43000000,1601000000,512000000,21.41,24.66,18.16,0.0384,0.0122,13.06,1.65,47.58,6.76,0.8655,1.095,0.306,0.0337,0.36,0.29,1.5852
2010-03-31,584272911,584272911,1,25129000000,3589000000,16167000000,2097000000,7573000000,1389000000,0,1011000000,8615000000,2596000000,-193000000,-193000000,-0.33,-0.33,0.11,617000000,-435000000,-405000000,-223000000,1644000000,428000000,21.64,23.76,19.51,0.0323,0.0105,12.96,1.5,45.08,6.64,0.9725,1.1376,0.3014,0.0303,0.35,0.32,1.7115
2009-12-31,583598142,583598142,1,25280000000,3793000000,16261000000,2477000000,8447000000,572000000,0,1011000000,8259000000,2120000000,172000000,172000000,0.31,0.3,0.11,814000000,-492000000,-95000000,227000000,1867000000,486000000,19.13,21.37,16.89,0.0341,0.0113,14.47,1.34,50.34,6.53,0.8992,0.9777,0.3341,0.0345,0.33,0.56,1.5313
2009-09-30,583130240,583130240,1,24952000000,3490000000,16097000000,2217000000,8307000000,548000000,0,1011000000,8258000000,2098000000,143000000,143000000,0.24,0.24,0.11,624000000,-755000000,-82000000,-213000000,1640000000,752000000,16.41,18.98,13.83,0.0273,0.009,14.25,1.15,21.59,6.42,1.1219,0.9941,0.3329,0.0276,0.33,-0.22,1.5742
2009-06-30,582966333,582966333,1,25026000000,3899000000,16173000000,2315000000,8324000000,529000000,0,1011000000,8265000000,1909000000,142000000,142000000,0.24,0.24,0.11,622000000,-442000000,-113000000,67000000,1853000000,593000000,14.68,17.82,11.53,0.0536,0.0175,14.28,1.02,11.74,6.31,0.5661,0.9929,0.3326,0.0478,0.37,0.05,1.6842
2009-03-31,580096386,580096386,1,25368000000,4059000000,16512000000,2617000000,8326000000,530000000,0,1011000000,8278000000,2128000000,-172000000,-172000000,-0.3,-0.3,0.11,512000000,-621000000,456000000,347000000,1786000000,484000000,13.07,16.31,9.83,0.0904,0.0273,14.35,0.9,5.47,6.2,0.3412,0.9942,0.3282,0.0663,0.41,0.05,1.551
2008-12-31,579213365,579213365,1,26006000000,4411000000,16952000000,3519000000,8440000000,614000000,0,1011000000,7683000000,2132000000,115000000,115000000,0.21,0.2,0.11,749000000,-718000000,-116000000,-85000000,1439000000,800000000,17.32,22.5,12.13,0.1747,0.051,14.57,1.17,6.77,6.09,0.1757,0.9103,0.3245,0.1148,0.44,-0.09,1.2535
2008-09-30,578674347,578674347,1,26893000000,5481000000,17680000000,4281000000,8574000000,639000000,0,1011000000,7827000000,3267000000,366000000,366000000,0.63,0.62,0.11,840000000,-1072000000,-181000000,-413000000,1524000000,1004000000,30.88,39.9,21.85,0.201,0.0554,14.82,2.33,13.6,5.98,0.1597,0.9129,0.3188,0.1248,0.44,-0.28,1.2803
2008-06-30,576266231,576266231,1,31216000000,9936000000,22957000000,9084000000,7652000000,607000000,0,1011000000,7869000000,3729000000,437000000,437000000,0.75,0.73,0.11,973000000,-979000000,-297000000,-303000000,1937000000,976000000,36.98,40.31,33.65,0.1923,0.0498,13.28,2.77,16.44,5.87,0.1763,1.0284,0.2451,0.1149,0.43,-0.01,1.0938
2008-03-31,584409221,584409221,1,27172000000,7152000000,18788000000,5664000000,7801000000,583000000,0,1011000000,7799000000,3224000000,500000000,500000000,0.85,0.84,0.1,793000000,-414000000,162000000,541000000,2240000000,576000000,33.98,36.99,30.96,0.2005,0.0521,13.35,3.12,20.85,5.76,0.1743,0.9997,0.2871,0.1241,0.42,0.37,1.2627
2007-12-31,585021071,585021071,1,25061000000,5538000000,17256000000,4431000000,6375000000,1430000000,0,1011000000,7757000000,2022400000,224900000,224900000,0.39,0.37,0.1,559200000,-313200000,-2800000,243200000,1699000000,705100000,35.42,37.16,33.68,0.1556,0.0385,10.9,3.26,23.77,5.66,0.2341,1.2168,0.2544,0.0938,0.41,-0.25,1.2498
2007-09-30,593526517,593526517,1,25836700000,6286200000,18287700000,5302700000,6455600000,1093400000,0,1011400000,7424600000,2860100000,198000000,198000000,0.33,0.33,0.1,693600000,-676000000,-301200000,-283600000,1455400000,862600000,32.4,34.72,30.08,0.145,0.0353,10.88,3.03,24.18,5.56,0.2491,1.1501,0.2499,0.0806,0.44,-0.28,1.1855
2007-06-30,600232917,600232917,1,26046100000,7208000000,18537100000,5663400000,6423300000,1085700000,0,1011400000,7443200000,2823400000,433100000,433100000,0.72,0.71,0.1,684400000,-665700000,-90900000,-72200000,1739000000,727400000,30.31,32.43,28.2,0.1324,0.0321,10.7,2.93,60.62,5.46,0.2701,1.1588,0.2466,0.0698,0.46,-0.07,1.2727
2007-03-31,598858516,598858516,1,25936000000,6420700000,18666900000,5032500000,6191700000,1077400000,0,1011400000,7507500000,2852100000,134000000,134000000,0.22,0.22,0.09,299800000,-641100000,-116100000,-457400000,1811200000,508900000,27.13,28.94,25.32,0.0513,0.0122,10.34,2.67,54.26,5.36,0.6922,1.2125,0.2387,0.0267,0.46,-0.35,1.2758
2006-12-31,597861925,597861925,1,25402400000,6322000000,18248400000,4693600000,6073200000,1080800000,0,1011400000,7622000000,2770300000,146400000,146400000,0.25,0.23,0.09,575300000,-557800000,1176500000,1194000000,2268600000,716800000,25.45,27.95,22.95,0.0515,0.0121,10.16,2.5,66.97,5.27,0.6669,1.255,0.2391,0.0261,0.46,-0.24,1.3469
2006-09-30,596338450,596338450,1,24821500000,5690000000,18311900000,4751500000,6071200000,438400000,0,1011400000,7275200000,3300000000,106200000,106200000,0.18,0.18,0.09,641000000,-482000000,-64800000,94200000,1074600000,770600000,23.87,25.23,22.51,0.0393,0.0086,10.18,2.42,113.67,5.18,0.8716,1.1983,0.2446,0.018,0.48,-0.22,1.1975
2006-06-30,595800152,595800152,1,25617200000,6423700000,19297000000,5239600000,5882300000,437900000,0,1014500000,7292600000,2715100000,-76000000,-76000000,-0.13,-0.13,0.09,508600000,-790500000,147300000,-134600000,980400000,543100000,21.84,23.36,20.33,0.0227,0.0044,9.87,2.19,53.27,5.09,1.4855,1.2398,0.2296,0.0102,0.44,-0.06,1.226
2006-03-31,595155837,595155837,1,26029000000,6764800000,19890000000,5555500000,5925500000,213500000,0,1014500000,7252800000,3027500000,131900000,131900000,0.22,0.22,0.075,164700000,-491100000,-155800000,-482200000,1115000000,455800000,22.3,25.12,19.49,0.0447,0.0085,9.96,2.44,42.08,5,0.6702,1.224,0.2276,0.0193,0.44,-0.49,1.2177
2005-12-31,594655307,594655307,1,29442600000,9697300000,23801000000,8450200000,5427500000,214100000,0,1014500000,7590500000,3676100000,66800000,66800000,0.11,0.11,0.08,367600000,-50100000,-80800000,236700000,1597200000,404800000,22.68,25.4,19.97,0.0592,0.0108,9.13,2.52,41.24,4.92,0.471,1.3985,0.1843,0.0249,0.43,-0.06,1.1476
2005-09-30,573014682,573014682,1,33655800000,12628800000,28295300000,11834300000,5154400000,206100000,0,1014500000,7598700000,3082300000,4400000,4400000,0.01,0.01,0.075,289000000,-309800000,84100000,63300000,1360500000,339900000,22.11,25.05,19.16,0.0618,0.0116,9,2.36,30.29,4.84,0.4017,1.4742,0.1532,0.0271,0.43,-0.09,1.0671
2005-06-30,572181101,572181101,1,26399700000,6772600000,20950700000,5722500000,5353600000,95400000,0,1014500000,7645700000,2871200000,41300000,41300000,0.07,0.07,0.05,488900000,-376100000,-25600000,87200000,1297200000,290800000,17.75,19.21,16.29,0.0847,0.0162,9.36,1.93,28.17,4.77,0.2201,1.4281,0.2028,0.0342,0.47,0.35,1.1835
2005-03-31,570829536,570829536,1,26434100000,7431000000,21080700000,6255200000,5261100000,92300000,0,1014500000,7650400000,2954000000,201100000,201100000,0.36,0.34,0.05,304400000,-83200000,58800000,280000000,1210000000,216200000,17.29,19.29,15.29,0.0779,0.0139,9.22,1.99,55.77,4.72,0.1911,1.4541,0.199,0.0289,0.48,0.15,1.188
2004-12-31,570051442,570051442,1,23993000000,6043600000,18937400000,5145900000,4955900000,99700000,0,1014500000,7711900000,2925600000,73400000,73400000,0.13,0.13,0.05,399700000,-216000000,-230400000,-46700000,930000000,244600000,14.73,17.1,12.35,0.0385,0.0063,8.69,2.05,210.43,4.67,0.2718,1.5561,0.2066,0.0131,0.48,0.27,1.1744
2004-09-30,556451634,556451634,1,25559100000,7120400000,21456200000,6306800000,4008700000,94200000,0,1014500000,8667100000,3372800000,98600000,98600000,0.19,0.19,0.01,473100000,409700000,-936400000,-53600000,976700000,204800000,11.98,12.51,11.45,0.0091,0.0014,7.2,1.56,149.75,4.62,0.5787,2.1621,0.1568,0.0029,0.47,0.48,1.129
2004-06-30,522373283,522373283,1,26168400000,7762000000,22079800000,6184800000,3998900000,89700000,0,1014500000,9483000000,3048700000,-18200000,-18200000,-0.03,-0.03,0.01,512300000,123200000,-1603900000,-968400000,1030300000,199100000,11.06,12.23,9.89,0.0109,0.0016,7.66,1.43,19.4,4.61,0.4695,2.3714,0.1528,0.0032,0.5,0.6,1.255
2004-03-31,519823776,519823776,1,27790200000,9124000000,23668400000,6381800000,4034100000,87700000,0,1014500000,10824800000,3114200000,9900000,9900000,0.02,0.02,0.01,102800000,312500000,-734800000,-319500000,1998700000,126900000,10.03,11.3,8.75,0.0758,0.0112,7.76,1.27,None,4.6,0.0671,2.6833,0.1452,0.0212,0.49,-0.05,1.4297
2003-12-31,519304009,519304009,1,27021800000,8795000000,22835600000,6270100000,4102100000,84100000,0,1014500000,11039800000,2914800000,-53700000,-53700000,-0.11,-0.11,0.01,75300000,-101400000,-1086600000,-1112700000,2318200000,141400000,9.78,10.62,8.94,-0.1268,-0.0155,7.9,1.21,None,4.59,None,2.6913,0.1518,None,0.53,-0.13,1.4027
2003-09-30,518183708,518183708,1,30301700000,11330000000,26007700000,8084700000,4195400000,98600000,0,1059500000,10990100000,4795300000,106300000,106300000,0.21,0.2,0.01,225900000,106800000,-131500000,201200000,3430900000,227300000,7.81,9.42,6.2,-0.1596,-0.0195,8.1,1.01,None,4.58,None,2.6196,0.1385,None,0.46,-0,1.4014
2003-06-30,517954889,517954889,1,33853000000,14283300000,29759100000,11398900000,4001500000,92400000,0,1059500000,11209700000,3763800000,269700000,247000000,0.48,0.46,0.01,565600000,1062100000,100400000,1728100000,3229700000,-216600000,6.82,8.77,4.87,-0.2372,-0.0302,7.73,0.85,None,4.57,None,2.8014,0.1182,None,0.37,1.51,1.253
2003-03-31,517719805,517719805,1,35442300000,14612400000,30859100000,14508600000,4152900000,430300000,0,1082500000,10491100000,5360200000,-814500000,-821300000,-1.59,-1.59,0.01,-96700000,428600000,-566300000,-234400000,1501600000,200800000,3.67,4.74,2.6,-0.3376,-0.0466,8.02,0.38,None,4.56,None,2.5262,0.1172,None,0.31,-0.57,1.0072
2002-12-31,517538177,517538177,1,34988500000,12886100000,29515800000,11308500000,5049000000,423700000,0,1082500000,11896400000,1702700000,-219200000,-226000000,-0.43,-0.43,0.01,793000000,276200000,-625900000,443300000,1736000000,329800000,2.21,3.06,1.35,-0.1531,-0.0203,9.76,0.21,None,4.55,None,2.3562,0.1443,None,0.22,0.9,1.1395
2002-09-30,516666268,516666268,1,35867700000,12759900000,30079200000,11674400000,5369000000,419500000,0,1087300000,12293600000,2103900000,-294100000,-300900000,-0.58,-0.58,0.01,-462800000,1544800000,-562600000,519400000,1292700000,100700000,3.6,6.32,0.88,-0.3218,-0.0465,10.39,0.33,None,4.54,None,2.2897,0.1497,None,0.23,-1.09,1.093
2002-06-30,516512571,516512571,1,37565600000,12373800000,31504100000,12492800000,5618300000,443200000,0,1106800000,11972000000,2155600000,-349100000,-355900000,-0.68,-0.68,0.2,137800000,-587200000,-480300000,-929700000,773300000,481800000,14.82,24.17,5.47,-0.2121,-0.0325,10.88,1.27,None,4.53,None,2.1309,0.1496,None,0.24,-0.67,0.9905
2002-03-31,516321539,516321539,1,40117500000,13991800000,33873700000,13443700000,6042500000,201300000,0,1164300000,12233500000,2184800000,107700000,38000000,0.07,0.07,0.2,-1010200000,-129600000,1541700000,401900000,1703000000,344900000,20.25,25.97,14.53,-0.1004,-0.0151,11.7,1.73,None,4.33,None,2.0246,0.1506,None,0.27,-2.62,1.0408
2001-12-31,516012427,516012427,1,38906200000,12938000000,32661200000,13494500000,6044000000,201000000,0,1180600000,9500700000,2315700000,-1237700000,-1237700000,-2.41,-2.41,0.2,940700000,-3491700000,3438200000,887200000,1301100000,608100000,26.27,30.43,22.1,-0.0722,-0.013,11.71,1.82,17.99,4.13,None,1.5719,0.1553,None,0.3,0.64,0.9588
2001-09-30,515362257,515362257,1,38213100000,12576700000,30758100000,13498300000,7455000000,0,0,1142400000,8821400000,2810400000,221300000,221300000,0.44,0.44,0.18,-181400000,1698100000,-2117400000,-600700000,413900000,547700000,29.48,33.97,24.99,0.1082,0.0192,14.47,2.42,22.85,3.93,0.4366,1.1833,0.1951,0.0649,0.3,-1.41,0.9317
2001-06-30,485008984,485008984,1,33625700000,11243000000,27724100000,13006900000,5901600000,0,0,0,6983200000,2820600000,339500000,339500000,0.7,0.69,0.15,None,None,None,659400000,1014600000,434200000,37.97,43.55,32.4,0.0976,0.0172,12.17,2.6,27.51,3.75,0.4643,1.1833,0.1755,0.0555,0.31,None,0.8644
2001-03-31,484609543,484609543,1,36492600000,13718800000,29427500000,14460400000,7065100000,0,0,0,6851700000,3088000000,199200000,199200000,0.42,0.41,0.15,-215200000,-386500000,-176200000,-759000000,237800000,294900000,40.23,45.9,34.56,0.0992,0.0182,14.58,3.3,33.81,3.6,0.445,0.9698,0.1936,0.0564,0.32,-1.05,0.9487
2000-12-31,483299923,483299923,1,40197000000,15476700000,34305000000,16803500000,5892000000,0,0,0,10342400000,2252400000,-48300000,-48300000,-0.08,-0.08,0.15,None,None,None,193600000,1210700000,1138100000,37.94,44.06,31.81,0.0882,0.0166,12.19,2.69,23.86,3.45,0.5172,1.7553,0.1466,0.0504,0.33,None,0.921
2000-09-30,440014536,440014536,1,32228300000,8868200000,25518200000,9994500000,6195400000,514700000,0,393900000,10013700000,2858800000,121100000,121100000,0.27,0.27,0.15,390700000,-2441800000,2651200000,600100000,1027500000,1570200000,43.8,47.63,39.98,0.1213,0.0255,14.08,3.24,32.44,3.3,0.3722,1.6163,0.1922,0.0674,0.38,-2.68,0.8873
2000-06-30,442783816,442783816,1,28397100000,6870100000,21886300000,7741000000,5992400000,518400000,0,410000000,9339100000,2859100000,351800000,351800000,0.79,0.78,0.15,118100000,-405900000,89100000,-198700000,427400000,1212300000,40,44.5,35.5,0.1125,0.024,13.53,3.1,65.57,3.15,0.4364,1.5585,0.211,0.0611,0.39,-2.47,0.8875
2000-03-31,441768700,441768700,1,25799900000,5993700000,19575100000,6322400000,5706900000,517900000,0,424200000,8945300000,2427700000,99700000,99700000,0.22,0.22,0.15,3700000,-511700000,42100000,-465900000,626100000,909900000,39.5,48.69,30.31,0.0543,0.0117,12.92,3.12,79,3,0.9749,1.5675,0.2212,0.0298,0.39,-2.05,0.948
1999-12-31,441540962,441540962,1,25288500000,6516600000,19141800000,5772200000,5585200000,561500000,0,435600000,9235300000,2410100000,138400000,139200000,0.32,0.32,0.15,785900000,-2640900000,2659100000,804100000,1092000000,1420700000,33.88,39.69,28.06,0.0473,0.0103,12.65,3.48,423.5,2.85,1.1959,1.6535,0.2209,0.0254,0.4,-1.44,1.129
1999-09-30,434733977,434733977,1,21367600000,4256900000,16604800000,5302000000,4230400000,532400000,0,548900000,7772800000,2212700000,15700000,14600000,0.03,0.03,0.15,33100000,-871100000,925800000,87800000,287900000,891300000,40.53,45.25,35.81,0.0104,0.0025,9.73,4.06,337.75,2.7,5.8285,1.8374,0.198,0.0054,0.41,-1.97,0.8029
1999-06-30,434193549,434193549,1,20012500000,3563600000,15165700000,5387500000,4332500000,514300000,0,558400000,6189700000,1986300000,17000000,16100000,0.04,0.04,0.15,632100000,-777900000,15800000,-130000000,200100000,740700000,46.06,53.13,39,0.014,0.0035,9.98,4.6,209.36,2.55,4.3008,1.4287,0.2165,0.0076,0.42,-0.25,0.6615
1999-03-31,432385894,432385894,1,19172200000,3305800000,14337200000,4932700000,4330500000,504500000,0,635000000,6192400000,1984000000,50300000,48700000,0.11,0.11,0.15,36600000,-986100000,776300000,-173200000,330100000,376500000,35,40.5,29.5,0.0239,0.006,10.02,3.55,129.63,2.4,2.4952,1.43,0.2259,0.0134,0.42,-0.79,0.6702
1998-12-31,431707086,431707086,1,18647300000,3532100000,13881600000,4439200000,4257400000,508300000,0,583600000,6366400000,2016900000,-33400000,-34800000,-0.1,-0.1,0.15,168100000,-422300000,665900000,411700000,503300000,391800000,28.38,31.88,24.88,0.0278,0.0072,9.86,2.81,54.58,2.25,2.1283,1.4954,0.2283,0.0157,0.44,-0.52,0.7957
1998-09-30,427771866,427771866,1,17733900000,2973800000,13127700000,3704800000,4321600000,284600000,0,588800000,6323400000,1901000000,32100000,30200000,0.07,0.07,0.15,91800000,-505400000,369700000,-43900000,91600000,464600000,28.47,36.94,20,0.0528,0.0138,10.1,2.77,66.99,2.1,1.0953,1.4632,0.2437,0.0317,0.42,-0.87,0.8027
1998-06-30,424858918,424858918,1,17572000000,3203100000,13020900000,4104500000,4368000000,183100000,0,598800000,5843000000,1780600000,60700000,59100000,0.14,0.14,0.15,141600000,-723400000,544100000,-37700000,135500000,445800000,32.28,35.75,28.81,0.045,0.0122,10.28,3.15,53.36,1.95,1.2204,1.3377,0.2486,0.0291,0.4,-0.72,0.7804
1998-03-31,423960753,423960753,1,16413300000,2689100000,11893300000,3473200000,4346600000,173400000,0,605500000,5416200000,1959800000,68100000,65900000,0.16,0.16,0.15,211200000,-389000000,228900000,51100000,173200000,362900000,30.57,34.88,26.25,0.0597,0.0166,10.25,2.77,40.22,1.8,0.8696,1.2461,0.2648,0.0418,0.38,-0.36,0.7742
1997-12-31,323219054,323219054,1,13879000000,2255900000,10190200000,3027400000,3571700000,117100000,0,435200000,4565300000,1266600000,66100000,63900000,0.18,0.15,0.15,305100000,-354500000,36700000,-12700000,81300000,338000000,25.8,28.5,23.09,0.0737,0.0209,11.05,2.34,29.66,1.65,0.6597,1.2782,0.2573,0.0593,0.34,-0.1,0.7452
1997-09-30,159808502,319617004,2,13253700000,1889900000,9619300000,3057900000,3528500000,105900000,0,437000000,4043600000,1121000000,-8400000,-10800000,-0.06,-0.05,0.26,101100000,-397700000,247000000,-49600000,94000000,380900000,23.07,24.59,21.56,0.0857,0.0246,11.04,2.05,20.88,1.5,0.5492,1.146,0.2662,0.0734,0.32,-0.88,0.618
1997-06-30,158954065,317908130,2,12748400000,1704100000,9075500000,1920300000,3587300000,85600000,0,440500000,4656100000,1020600000,107800000,105200000,0.65,0.64,0.26,112700000,-285100000,236400000,64000000,143600000,197900000,21.75,23.5,20,0.1097,0.0318,11.28,1.96,21.22,1.37,0.4191,1.2979,0.2814,0.0995,0.31,-0.27,0.8874
1997-03-31,158520538,317041076,2,12107800000,1451200000,8593900000,1907000000,3513900000,0,0,0,4236400000,1001400000,105900000,103300000,0.64,0.63,0.26,400700000,-233200000,-203200000,-35700000,79600000,145000000,20.79,23.38,18.19,0.1037,0.0303,11.08,1.93,20.38,1.24,0.4356,1.2056,0.2902,0.097,0.3,0.81,0.761
1996-12-31,158712481,317424962,2,12418800000,1890100000,8997800000,2199300000,3421000000,0,0,0,4376900000,957800000,106000000,103400000,0.59,0.52,0.26,198600000,-305000000,181200000,74800000,115300000,254800000,17.71,19.17,16.25,0.1052,0.0306,10.78,1.66,23.3,1.11,0.421,1.2794,0.2755,0.0997,0.3,-0.18,0.8594
1996-09-30,104654812,313964436,3,11793900000,1444700000,8449800000,1863000000,3344100000,0,0,0,4137300000,842200000,71000000,68400000,0.63,0.63,0.34,175600000,-349900000,149300000,-25000000,40500000,230100000,16.27,17.29,15.25,0.0983,0.0294,10.65,1.53,21.89,0.98,0.418,1.2372,0.2835,0.115,0.25,-0.17,0.7755
1996-06-30,104924670,314774010,3,11580400000,1461300000,8243800000,1924700000,3336600000,0,0,0,3884200000,837500000,80400000,77800000,0.72,0.72,0.34,151700000,-200900000,27100000,-22100000,65500000,158200000,16.64,17.71,15.58,0.0982,0.0303,10.6,1.59,21.8,0.87,0.4043,1.1641,0.2881,0.118,0.25,-0.02,0.7592
1996-03-31,104754425,314263275,3,11513400000,1555300000,8230900000,2142800000,3282500000,0,0,0,3694900000,893700000,104900000,102300000,0.95,0.93,0.34,184500000,-563900000,376600000,-2800000,87600000,115600000,15.63,17,14.25,0.1006,0.0318,10.45,1.54,3.63,0.75,0.3762,1.1256,0.2851,0.1141,0.27,0.22,0.7258
1995-12-31,104651013,313953039,3,10494800000,1343800000,7307700000,2049900000,3187100000,0,0,0,2874000000,237900000,77500000,74800000,0.31,0,0.27,276900000,-331100000,81000000,26800000,90400000,229100000,13.68,14.83,12.54,0.4361,0.1298,10.15,1.4,3,0.64,0.0835,0.9018,0.3037,0.4562,0.28,0.15,0.6555
1995-09-30,104985788,314957364,3,10099000000,1262300000,7017500000,1944600000,3081500000,0,0,0,2907900000,712400000,68500000,61400000,0.58,0.58,0.27,178400000,-510200000,12500000,-319300000,63600000,252100000,12.29,13.04,11.54,0.5069,0.1489,9.78,1.21,2.71,0.55,0.0765,0.9437,0.3051,0.4845,0.3,-0.23,0.6491
1995-06-30,102033593,306100779,3,9880600000,1536500000,6767100000,1899500000,3113500000,0,0,0,2841700000,947400000,83300000,79900000,0.79,0.78,0.27,190000000,-401100000,-21000000,-232100000,382900000,193100000,10.93,11.79,10.08,0.579,0.1728,10.17,1.16,2.45,0.46,0.0707,0.9127,0.3151,0.5299,0.32,-0.01,0.8089
1995-03-31,91071732,273215196,3,10158700000,2178200000,7260400000,2233400000,2567600000,330700000,0,0,2848200000,958000000,1088900000,1086800000,11.57,11.55,0.27,183400000,1827300000,-1431800000,578900000,615000000,125000000,9.29,10.29,8.29,0.6673,None,9.4,1.68,11.96,0.37,0.0673,1.1093,0.2527,0.599,0.34,0.21,0.9753
1994-12-31,90986242,272958726,3,5226100000,1456800000,3720600000,1473900000,1505500000,0,0,0,1307800000,67900000,75400000,73200000,0.76,0.76,0.21,35400000,-170200000,142900000,8100000,36100000,174600000,9.06,10.08,8.04,0.1393,None,5.52,1.49,None,0.28,0.3486,0.8687,0.2881,0.1359,0.35,-0.51,0.9884
1994-09-30,95969347,287908041,3,4907300000,1270700000,3159500000,739300000,1747800000,0,0,0,1544000000,467300000,55600000,53400000,0.51,0.51,0.21,48600000,-138000000,88000000,-1400000,28000000,132100000,10.21,10.96,9.46,None,None,6.07,1.76,None,0.21,None,0.8834,0.3562,None,None,-0.29,1.7188
1994-06-30,104254278,312762834,3,5012900000,590700000,3196200000,814800000,1816700000,0,0,0,1432700000,633900000,62900000,60700000,0.58,0.58,0.21,160500000,-9000000,-166700000,-15200000,29400000,94200000,8.71,10.04,7.38,None,None,5.81,1.54,None,0.14,None,0.7886,0.3624,None,None,0.21,0.725
1994-03-31,103700109,311100327,3,5054800000,625000000,3291900000,726900000,1762900000,0,0,0,1592800000,582000000,52800000,50600000,0.48,0.48,0.21,123100000,-109800000,-33000000,-19700000,44600000,65800000,8.33,9.08,7.58,None,None,5.67,1.5,None,0.07,None,0.9035,0.3488,None,None,0.18,0.8598
1993-12-31,103449236,310347708,3,5020400000,626500000,3296400000,732700000,1724000000,0,0,0,1604800000,None,None,None,None,None,0,None,None,None,None,64300000,0,9.32,10.52,8.13,None,None,5.56,None,None,0,None,0.9309,0.3434,None,None,None,0.8551
