"Quarter end","Shares","Shares split adjusted","Split factor","Assets","Current Assets","Liabilities","Current Liabilities","Shareholders equity","Non-controlling interest","Preferred equity","Goodwill & intangibles","Long-term debt","Revenue","Earnings","Earnings available for common stockholders","EPS basic","EPS diluted","Dividend per share","Cash from operating activities","Cash from investing activities","Cash from financing activities","Cash change during period","Cash at end of period","Capital expenditures","Price","Price high","Price low","ROE","ROA","Book value of equity per share","P/B ratio","P/E ratio","Cumulative dividends per share","Dividend payout ratio","Long-term debt to equity ratio","Equity to assets ratio","Net margin","Asset turnover","Free cash flow per share","Current ratio"
2019-06-30,224183464,224183464,1,8575300000,1828300000,3392400000,880800000,5181100000,1800000,0,5708600000,1441300000,1009400000,36400000,36400000,0.16,0.16,0.0875,145100000,-11800000,-110300000,24700000,250100000,29200000,53.95,59.4,48.49,0.0205,0.0122,23.11,2.47,None,4.25,0.571,0.2782,0.6042,0.0267,0.46,0.52,2.0757
2019-03-31,233977496,233977496,1,8604500000,1795600000,3495000000,870600000,5107700000,1800000,0,5723900000,1545100000,946200000,39200000,39200000,0.18,0.19,0.0875,29300000,-12700000,-99200000,-84200000,225400000,33600000,43.44,50.24,36.63,-0.2055,-0.1207,21.83,1.89,None,4.16,None,0.3025,0.5936,None,0.46,-0.02,2.0625
2018-12-31,223218138,223218138,1,8687000000,1888000000,3554000000,1013300000,5121100000,11900000,0,5851600000,0,1059700000,1800000,1800000,-0.01,-0,0.09,202200000,-48300000,-78600000,76500000,309600000,49000000,36.41,38.9,33.93,-0.1831,-0.1103,22.94,1.58,None,4.08,None,0,0.5895,None,0.44,0.69,1.8632
2018-09-30,222547625,222547625,1,8769200000,1902800000,3614900000,1080100000,5142000000,12300000,0,5931600000,1574800000,928400000,28000000,28000000,0.13,0.13,0,125600000,-45500000,-82400000,-6200000,233100000,47200000,43.06,48.95,37.18,-0.2822,-0.1735,23.11,1.87,None,3.99,None,0.3063,0.5864,None,0.42,0.35,1.7617
2018-06-30,222344874,222344874,1,8822000000,1892400000,3681900000,1117700000,5127200000,12900000,0,6004600000,1586600000,1042100000,-1122000000,-1122000000,-4.98,-4.98,0.175,116900000,-114300000,-69400000,-77800000,239300000,46500000,46.39,51.13,41.64,-0.2471,-0.157,23.06,1.58,None,3.99,None,0.3094,0.5812,None,0.4,0.32,1.6931
2018-03-31,227438501,227438501,1,10372800000,2000500000,3667600000,895400000,6693100000,12100000,0,7384600000,1645500000,956100000,81200000,81200000,0.36,0.35,0.0875,55100000,-45200000,-19400000,-3500000,317100000,36100000,59.03,68.47,49.6,-0.218,-0.1429,29.43,2.03,None,3.81,None,0.2459,0.6453,None,0.38,0.08,2.2342
2017-12-31,227375099,227375099,1,10374500000,2002500000,3746600000,954500000,6616300000,11600000,0,7339900000,1611600000,1091000000,-650400000,-650400000,-2.84,-2.84,0.09,228900000,-50600000,-232200000,-49400000,320600000,40400000,61.95,68.98,54.91,-0.2101,-0.1409,29.1,1.9,None,3.72,None,0.2436,0.6377,None,0.36,0.83,2.098
2017-09-30,229682907,229682907,1,11199000000,1972400000,3709200000,848400000,7477800000,12000000,0,8184100000,1600700000,1009200000,90600000,90600000,0.39,0.39,0.0875,164300000,-43900000,-22100000,101600000,370000000,34400000,58.89,65.44,52.34,-0.1022,-0.07,32.56,1.86,None,3.63,None,0.2141,0.6677,None,0.34,0.57,2.3248
2017-06-30,229501846,229501846,1,10850000000,1765700000,3575800000,753700000,7262500000,11700000,0,8083000000,1587300000,992700000,-1050000000,-1050000000,-4.58,-4.58,0.0875,126200000,-150800000,-78900000,-94900000,268400000,34500000,63.35,65.68,61.02,-0.0992,-0.0687,31.64,1.78,40.87,3.55,None,0.2186,0.6694,None,0.33,0.4,2.3427
2017-03-31,229229908,229229908,1,11594000000,1720600000,3430400000,747500000,8152200000,11400000,0,8913300000,1528100000,900500000,59800000,59800000,0.26,0.26,0.0875,82500000,-41100000,-67600000,-20600000,363300000,34300000,59.9,64.8,55,0.0443,0.0313,35.56,1.7,30.1,3.46,0.2071,0.1874,0.7031,0.0942,0.33,0.21,2.3018
2016-12-31,229680818,229680818,1,11656100000,1882600000,3530200000,771000000,8114300000,11600000,0,8909600000,1511100000,996500000,107000000,107000000,0.46,0.46,0.08,222400000,-46600000,-112700000,53200000,383900000,45900000,58.97,62.92,55.01,0.0519,0.0368,35.33,1.63,30.4,3.37,0.1713,0.1862,0.6961,0.1148,0.32,0.77,2.4418
2016-09-30,230880470,230880470,1,11952400000,1841600000,3595300000,770200000,8344100000,13000000,0,9192300000,1569800000,954200000,92500000,92500000,0.4,0.39,0.08,152900000,-379700000,237100000,19100000,330700000,31800000,61.86,65.16,58.57,0.0557,0.0386,36.14,1.73,28.91,3.29,0.1706,0.1881,0.6981,0.1116,0.35,0.52,2.3911
2016-06-30,233012331,233012331,1,11451400000,1738400000,3135800000,722500000,8311500000,4100000,0,8823200000,1171800000,1022000000,105400000,105400000,0.45,0.44,0.08,187400000,-18100000,-177800000,-11500000,311600000,23000000,62.34,65.83,58.84,0.0701,0.0468,35.67,1.74,31.01,3.21,0.151,0.141,0.7258,0.1199,0.39,0.71,2.4061
2016-03-31,234230941,234230941,1,11682400000,1805500000,3297000000,854200000,8381800000,3600000,0,8974100000,1169100000,772600000,125000000,125000000,0.72,0.7,0.0775,700000,504400000,-472800000,38500000,323100000,20400000,58.55,63.68,53.43,0.0816,0.05,35.78,3.51,33.27,3.13,0.1536,0.1395,0.7175,0.1119,0.45,-0.08,2.1137
2015-12-31,140122034,140122034,1,4402900000,1196700000,2063500000,476000000,2338000000,1400000,0,2588300000,1141000000,671074000,58640000,58640000,0.41,0.41,0.07,126400000,-68100000,-8900000,48200000,284600000,20200000,56.47,63.45,49.48,0.1103,0.0568,16.69,3.46,28.96,3.05,0.159,0.488,0.531,0.0939,0.6,0.76,2.5141
2015-09-30,139866493,139866493,1,4402200000,1208100000,2120700000,933400000,2280100000,1400000,0,2584700000,701900000,648900000,84500000,84500000,0.6,0.59,0.07,159755000,36179000,-55490000,139967000,236400000,18269000,53.85,57.61,50.09,0.122,0.0618,16.3,3.25,28.64,2.98,0.1441,0.3078,0.5179,0.1019,0.61,1.01,1.2943
2015-06-30,139808237,139808237,1,4496756000,1270330000,2180467000,612973000,2314870000,1419000,0,2615277000,1077779000,698006000,44099000,44099000,0.32,0.31,0.073,145614000,-14432000,-138053000,-4147000,96472000,16801000,51.77,53.72,49.81,0.1152,0.0582,16.56,3.33,23.64,2.91,0.1495,0.4656,0.5148,0.0964,0.6,0.92,2.0724
2015-03-31,139815027,139815027,1,4384830000,1200082000,2210578000,661833000,2172793000,1459000,0,2566728000,1078823000,656320000,63961000,63961000,0.46,0.45,0.0725,65631000,-8547000,-100457000,-51020000,100619000,16330000,51.64,53.85,49.42,0.1312,0.0661,15.54,3.12,23.05,2.84,0.1268,0.4965,0.4955,0.1102,0.6,0.35,1.8133
2014-12-31,140351339,140351339,1,4650265000,1206970000,2328067000,653592000,2321279000,919000,0,2760179000,1152882000,719041000,84710000,84710000,0.61,0.6,0.07,192621000,-62288000,-71812000,53987000,151639000,31614000,50.04,56.25,43.83,0.1301,0.0656,16.54,2.84,23.17,2.77,0.121,0.4967,0.4992,0.1105,0.59,1.15,1.8467
2014-09-30,141529741,141529741,1,4884061000,1257701000,2387817000,734569000,2495108000,1136000,0,2870808000,1165566000,708240000,75273000,75273000,0.53,0.52,0.07,147535000,-21059000,-90926000,30723000,97652000,23868000,46.83,48.54,45.12,0.1233,0.0621,17.63,2.57,21.38,2.7,0.1207,0.4671,0.5109,0.1057,0.59,0.87,1.7122
2014-06-30,141777636,141777636,1,5072373000,1231274000,2487599000,896309000,2583463000,1311000,0,3043903000,1065881000,765225000,89993000,89993000,0.63,0.62,0.07,155680000,-26504000,-117968000,11106000,66929000,23411000,46.12,48.38,43.85,0.1259,0.0626,18.22,2.59,21.25,2.63,0.1147,0.4126,0.5093,0.1074,0.58,0.93,1.3737
2014-03-31,141792228,141792228,1,5089433000,1202323000,2564835000,967446000,2523033000,1565000,0,3072712000,1065463000,730114000,72878000,72878000,0.51,0.5,0.06625,64565000,-28842000,-55477000,-19131000,55823000,26459000,46.06,49.13,42.99,0.129,0.0627,17.79,2.58,21.32,2.56,0.1113,0.4223,0.4957,0.1066,0.59,0.27,1.2428
2013-12-31,141813505,141813505,1,5078047000,1143802000,2500073000,796405000,2535053000,42921000,0,3076919000,1166178000,753658000,74428000,74428000,0.53,0.52,0.06,159580000,-98340000,-37035000,24296000,74954000,26931000,46.99,50.99,42.99,0.1325,0.0631,17.88,2.75,18.65,2.49,0.1103,0.46,0.4992,0.1061,0.59,0.94,1.4362
2013-09-30,142652236,142652236,1,5009979000,1153145000,2530961000,777561000,2438441000,40577000,0,3018606000,1164794000,704018000,79851000,79851000,0.56,0.55,0.06,126398000,-25703000,-109214000,-6369000,50658000,26552000,43.09,45.37,40.81,0.1601,0.074,17.09,2.73,18.41,2.43,0.0908,0.4777,0.4867,0.1239,0.6,0.7,1.483
2013-06-30,142288292,142288292,1,4874683000,1170033000,2586587000,890615000,2250185000,37911000,0,2945196000,1123792000,761010000,87228000,87228000,0.61,0.6,0.06,95782000,-63465000,-29039000,824000,57027000,21886000,42.05,44.21,39.9,0.1539,0.0688,15.81,2.7,18.28,2.37,0.0978,0.4994,0.4616,0.1152,0.6,0.52,1.3137
2013-03-31,143282565,143282565,1,4902128000,1160519000,2632734000,826165000,2233502000,35892000,0,2972887000,1207722000,732084000,71685000,71685000,0.5,0.49,0.0625,36086000,-72723000,13603000,-23929000,56203000,23019000,41.5,43.63,39.36,0.1562,0.0675,15.59,2.68,19.04,2.31,0.0996,0.5407,0.4556,0.113,0.6,0.09,1.4047
2012-12-31,142849900,142849900,1,4972297000,1111096000,2722854000,927780000,2208698000,40745000,0,3041595000,1222035000,753288000,126801000,126801000,0.89,0.88,0.05,167620000,-34721000,-110024000,24057000,80132000,29860000,38.33,40.82,35.83,0.1516,0.0634,15.46,2.56,24.26,2.25,0.1017,0.5533,0.4442,0.1073,0.59,0.96,1.1976
2012-09-30,141928671,141928671,1,4977422000,1128978000,2816555000,940720000,2122071000,38796000,0,3049164000,1237244000,695734000,53364000,53364000,0.38,0.37,0.06,98670000,-21793000,-78171000,2865000,56075000,21793000,37.16,39.27,35.04,0.115,0.0465,14.95,2.7,22.8,2.2,0.14,0.583,0.4263,0.0783,0.59,0.54,1.2001
2012-06-30,141784960,141784960,1,4870756000,1105182000,2881757000,748203000,1951569000,37430000,0,2983831000,1482783000,762994000,80764000,80764000,0.57,0.56,0.06,83442000,-38308000,-55034000,-14136000,53210000,24087000,38.63,41.38,35.88,0.1228,0.0483,13.76,2.73,24.3,2.14,0.1296,0.7598,0.4007,0.0829,0.58,0.42,1.4771
2012-03-31,141749263,141749263,1,5015061000,1119185000,2968086000,794483000,2008617000,38358000,0,3107989000,1481217000,716413000,53284000,53284000,0.38,0.37,0.055,19953000,-20199000,-12380000,-9782000,67346000,18622000,37.55,40.32,34.77,0.118,0.0501,14.17,2.89,22.09,2.08,0.127,0.7374,0.4005,0.0852,0.59,0.01,1.4087
2011-12-31,142040786,142040786,1,4755398000,1012903000,2871247000,724073000,1848077000,36074000,0,2981163000,1490010000,738013000,40603000,40603000,0.28,0.28,0.05,141324000,-41259000,-82256000,-4738000,77128000,28555000,34.36,40.37,28.35,0.1272,0.0586,13.01,2.62,18.08,2.02,0.1157,0.8062,0.3886,0.0964,0.61,0.79,1.3989
2011-09-30,141556103,141556103,1,4833711000,1089605000,2943297000,512689000,1853692000,36722000,0,3016944000,1793979000,619759000,60597000,60597000,0.43,0.42,0.05,87181000,-1800001000,1120776000,-589844000,81866000,19707000,35.17,39.94,30.41,0.1415,0.0716,13.1,2.43,18.32,1.97,0.1041,0.9678,0.3835,0.1148,0.62,0.48,2.1253
2011-06-30,141330451,141330451,1,3656643000,1552413000,1575410000,430426000,2042230000,39003000,0,1478059000,654873000,609443000,74236000,74236000,0.53,0.52,0.05,120958000,-12479000,-34423000,96446000,671710000,13519000,37.46,40.16,34.76,0.1441,0.0811,14.45,2.71,19.82,1.92,0.103,0.3207,0.5585,0.12,0.68,0.76,3.6067
2011-03-31,140775468,140775468,1,3437049000,1412068000,1454550000,362011000,1945338000,37161000,0,1430248000,652290000,570503000,69084000,69084000,0.49,0.48,0.05,44006000,-33103000,-1716000,35226000,575264000,11976000,36.25,38.49,34,0.1503,0.0861,13.82,2.8,19.92,1.87,0.104,0.3353,0.566,0.1215,0.71,0.23,3.9006
2010-12-31,142145313,142145313,1,3257951000,1315045000,1348039000,360091000,1839386000,70526000,0,1381798000,604015000,568169000,67826000,67826000,0.48,0.48,0.05,113434000,-78145000,-14478000,5795000,540038000,12932000,32.7,34.89,30.52,0.1491,0.0869,12.94,2.58,17.77,1.82,0.1079,0.3284,0.5646,0.1196,0.73,0.71,3.652
2010-09-30,142099209,142099209,1,3195156000,1331557000,1318600000,351912000,1803481000,73075000,0,1384639000,592376000,541815000,63653000,63653000,0.45,0.44,0.05,98422000,-24163000,70282000,193896000,534243000,10475000,30.1,32.44,27.76,0.1529,0.0903,12.69,2.57,16.27,1.77,0.1062,0.3285,0.5644,0.1226,0.74,0.62,3.7838
2010-06-30,142821937,142821937,1,2797267000,1089242000,1055857000,322374000,1675714000,65696000,0,1285763000,462976000,565086000,72386000,72386000,0.5,0.49,0.05,113924000,-11471000,-128169000,-64670000,340347000,10849000,34.03,38.15,29.91,0.1532,0.0927,11.73,2.75,18.6,1.72,0.1057,0.2763,0.5991,0.1251,0.74,0.72,3.3788
2010-03-31,146352495,146352495,1,2986747000,1178454000,1104129000,327435000,1811188000,71430000,0,1362618000,457565000,545944000,61843000,61843000,0.42,0.41,0.05,36544000,-15711000,-29036000,-45331000,405017000,8024000,34.46,36.82,32.1,0.1508,0.0911,12.38,2.77,18.83,1.67,0.1076,0.2526,0.6064,0.1248,0.73,0.19,3.599
2009-12-31,147173059,147173059,1,3087932000,1217796000,1180974000,444556000,1832105000,74853000,0,1401682000,387151000,568719000,74463000,74463000,0.51,0.5,0.05,117125000,-9365000,18476000,116980000,450348000,9496000,34.55,36.8,32.3,0.1535,0.0929,12.45,2.7,19.3,1.62,0.1081,0.2113,0.5933,0.127,0.73,0.73,2.7394
2009-09-30,148503212,148503212,1,3067109000,1127103000,1164658000,603652000,1902451000,0,0,1428168000,154842000,531032000,67853000,67853000,0.45,0.45,0.05,130005000,-16045000,-54254000,81497000,333368000,15922000,31.93,36.08,27.79,0.1569,0.0937,12.81,2.74,17.94,1.57,0.1097,0.0814,0.6203,0.129,0.73,0.77,1.8671
2009-06-30,148592159,148592159,1,2898479000,1032505000,1094357000,590493000,1732618000,71504000,0,1390594000,145949000,553216000,70199000,70199000,0.47,0.47,0.05,104720000,-13307000,-81908000,25572000,251871000,11051000,28.09,30.99,25.2,0.1634,0.0965,11.66,2.48,15.35,1.52,0.1078,0.0842,0.5978,0.1282,0.75,0.63,1.7485
2009-03-31,148528582,148528582,1,2760789000,984889000,1081192000,343707000,1679597000,0,0,1330966000,460842000,506949000,61743000,61743000,0.42,0.41,0.05,10639000,-14682000,46266000,22308000,226299000,14166000,25.5,29.19,21.8,0.1717,0.0987,11.31,2.39,13.64,1.47,0.1018,0.2744,0.6084,0.1296,0.76,-0.02,2.8655
2008-12-31,148528582,148528582,1,2830400000,949862000,1170987000,359962000,1587722000,71691000,0,1380744000,423679000,508141000,70994000,70994000,0.48,0.46,0.05,99138000,105395000,-37969000,149786000,203991000,21261000,31.04,39.22,22.85,0.1801,0.0996,10.69,2.91,16.6,1.42,0.0969,0.2668,0.561,0.1294,0.77,0.52,2.6388
2008-09-30,148952461,148952461,1,2661311000,972096000,1074537000,338047000,1586419000,355000,0,1213678000,401685000,529953000,66047000,66047000,0.44,0.44,0.045,97818000,34604000,-171169000,-59249000,54205000,18808000,39.13,42.05,36.21,0.1816,0.1006,10.65,3.62,21.15,1.37,0.0977,0.2532,0.5961,0.127,0.79,0.53,2.8756
2008-06-30,148659688,148659688,1,2993208000,1182087000,1383681000,325561000,1609190000,337000,0,1254974000,576649000,594847000,78648000,78648000,0.53,0.52,0.045,108854000,-76551000,-12167000,22794000,113454000,17579000,38.89,42.58,35.21,0.1853,0.1009,10.82,3.81,22.22,1.33,0.0955,0.3583,0.5376,0.1293,0.78,0.61,3.6309
2008-03-31,148838319,148838319,1,2915005000,1093331000,1394760000,297040000,1519941000,304000,0,1257892000,586811000,560782000,68180000,68180000,0.45,0.45,0.045,30171000,-111252000,-7781000,-78724000,90660000,18196000,41.56,47.06,36.07,0.183,0.1017,10.21,4.14,24.74,1.28,0.098,0.3861,0.5214,0.1284,0.79,0.08,3.6808
2007-12-31,150944071,150944071,1,2675569000,982022000,1159167000,312411000,1516106000,296000,0,1203587000,482063000,541504000,70030000,70030000,0.47,0.46,0.05,130801000,-50314000,-57701000,27563000,169384000,19996000,43.95,47.84,40.06,0.182,0.1041,10.04,4.58,26.8,1.24,0.0992,0.318,0.5666,0.1292,0.81,0.73,3.1434
2007-09-30,151451981,151451981,1,2614917000,973936000,1161002000,322418000,1453635000,280000,0,1193328000,495668000,488103000,65719000,65719000,0.43,0.42,0.04,101822000,-89762000,54148000,72388000,141821000,16681000,38.61,41.9,35.32,0.1864,0.1074,9.6,4.2,25.24,1.19,0.0955,0.341,0.5559,0.1312,0.82,0.56,3.0207
2007-06-30,152035594,152035594,1,2388570000,869745000,989835000,291075000,1398486000,249000,0,1091445000,397124000,507362000,65433000,65433000,0.43,0.42,0.04,113249000,-108839000,-39889000,-34645000,69433000,10451000,35.61,38.73,32.5,0.18,0.1011,9.2,4.04,24.06,1.15,0.0989,0.284,0.5855,0.1263,0.8,0.68,2.988
2007-03-31,151905598,151905598,1,2294758000,816401000,956494000,264980000,1338029000,235000,0,1065909000,413355000,472864000,58472000,58472000,0.38,0.38,0.04,41825000,-50476000,46685000,39014000,104078000,10708000,31.4,33.35,29.44,0.1804,0.0966,8.81,3.75,22.27,1.11,0.0985,0.3089,0.5831,0.1253,0.77,0.2,3.081
2006-12-31,152129408,152129408,1,2181350000,718191000,907293000,311434000,1273835000,222000,0,1063030000,367161000,471331000,64949000,64949000,0.43,0.42,0.04,112400000,113842000,-519495000,-266761000,65064000,7626000,31.16,32.68,29.63,0.1748,0.0917,8.37,3.68,31.63,1.07,0.0997,0.2882,0.584,0.1236,0.74,0.69,2.3061
2006-09-30,151850385,151850385,1,2566935000,1137007000,1281078000,763362000,1285645000,212000,0,1037604000,329202000,435725000,49449000,49449000,0.32,0.31,0.035,66787000,22992000,-39281000,49128000,331825000,13029000,29.77,30.42,29.12,0.1243,0.0633,8.47,3.66,102.66,1.03,0.1377,0.2561,0.5008,0.0885,0.72,0.35,1.4895
2006-06-30,153826504,153826504,1,2566713000,1159072000,1316103000,716176000,1250397000,213000,0,1043139000,413307000,472444000,59316000,59316000,0.38,0.37,0.035,81289000,-50578000,-27017000,22102000,282697000,12642000,29.61,31.5,27.72,0.0378,0.0193,8.13,3.57,107.67,0.99,0.4428,0.3305,0.4872,0.027,0.72,0.45,1.6184
2006-03-31,78948764,157897528,2,2442154000,1064126000,1132495000,778267000,1309476000,183000,0,1013168000,186861000,430996000,50004000,50004000,0.63,0.62,0.07,11379000,-162547000,-26776000,-173389000,260595000,9139000,27.65,29.23,26.07,0.0358,0.0188,8.29,3.52,104.34,0.96,0.4428,0.1427,0.5362,0.0267,0.7,0.01,1.3673
2005-12-31,79020253,158040506,2,2407329000,1030043000,1165561000,741234000,1241580000,188000,0,1001827000,270104000,447362000,-724000,-724000,-0.01,-0.01,0.07,100953000,97839000,-65316000,138231000,433984000,14427000,27.29,29.22,25.36,0.0343,0.0179,7.86,3.42,39.84,0.92,0.4366,0.2175,0.5158,0.0265,0.68,0.55,1.3896
2005-09-30,78629805,157259610,2,2465818000,986994000,1209409000,363888000,1255799000,610000,0,1053839000,684601000,415964000,-60805000,-60805000,-0.77,-0.77,0.06,66688000,-11164000,-20001000,32906000,398581000,9750000,26.7,27.97,25.43,0.0834,0.0436,7.99,3.1,19.7,0.89,0.1668,0.5452,0.5093,0.0663,0.66,0.36,2.7124
2005-06-30,79292118,158584236,2,2572322000,947128000,1204012000,373409000,1367707000,603000,0,1193854000,658077000,444834000,57893000,57893000,0.72,0.71,0.06,40160000,-24827000,-61789000,-71027000,365675000,12013000,27.65,28.96,26.34,0.1599,0.0832,8.62,3.1,21.27,0.86,0.084,0.4812,0.5317,0.1303,0.64,0.18,2.5364
2005-03-31,80375285,160750570,2,2696417000,1025692000,1262012000,393418000,1433818000,587000,0,1223698000,700900000,406975000,49049000,49049000,0.61,0.6,0.06,24968000,-11602000,-65265000,-69667000,436702000,8548000,27.52,29.2,25.83,0.1567,0.0802,8.92,3.08,17.81,0.83,0.085,0.4888,0.5317,0.1266,0.63,0.1,2.6071
2004-12-31,80734518,161469036,2,2798145000,1056409000,1353572000,404607000,1443973000,600000,0,1254346000,779940000,462934000,68607000,68607000,0.85,0.83,0.06,121759000,-22269000,-24935000,99019000,506369000,17567000,26.72,28.42,25.01,0.1937,0.0968,8.94,3.29,18.56,0.8,0.0693,0.5401,0.516,0.1494,0.65,0.65,2.611
2004-09-30,80687915,161375830,2,2618037000,954958000,1305223000,315544000,1312735000,79000,0,1195828000,781960000,390592000,46683000,46683000,0.58,0.57,0.0525,72998000,-11409000,-4013000,62949000,407350000,11434000,24.8,26.45,23.15,0.1916,0.0929,8.13,3.18,17.59,0.77,0.0711,0.5957,0.5014,0.148,0.63,0.38,3.0264
2004-06-30,80508574,161017148,2,2535200000,882595000,1278432000,304960000,1256587000,181000,0,1186739000,771345000,425325000,49043000,49043000,0.61,0.6,0.0525,64161000,-14094000,7334000,56691000,344401000,14306000,24.09,26.13,22.05,0.1985,0.0934,7.8,3.2,17.39,0.74,0.0724,0.6138,0.4957,0.1437,0.65,0.31,2.8941
2004-03-31,80538205,161076410,2,2515283000,833644000,1301355000,322702000,1213615000,313000,0,1198956000,787467000,415381000,88832000,88832000,1.11,1.09,0.0525,47341000,73382000,5543000,123955000,287710000,11162000,21.8,22.72,20.88,0.2068,0.0937,7.53,3.12,20.19,0.72,0.0713,0.6489,0.4825,0.1413,0.66,0.22,2.5833
2003-12-31,80239253,160478506,2,2445587000,727452000,1323100000,337684000,1122069000,418000,0,1209739000,790202000,356369000,50384000,50384000,0.64,0.62,0.05,91189000,-6401000,-18803000,72745000,163755000,18115000,22.31,23.7,20.93,0.1728,0.0752,6.99,3.42,21.66,0.69,0.0885,0.7042,0.4588,0.1109,0.68,0.46,2.1542
2003-09-30,79147426,158294852,2,2332405000,643814000,1297443000,407704000,1034355000,607000,0,1189262000,783392000,400420000,41314000,41314000,0.52,0.51,0.0525,71264000,-19262000,-43823000,9609000,91010000,15924000,21.86,23.52,20.2,0.1774,0.0745,6.53,3.53,21.86,0.67,0.0923,0.7574,0.4435,0.1015,0.73,0.35,1.5791
2003-06-30,78988720,157977440,2,2304209000,637295000,1324907000,379577000,977982000,1320000,0,1178571000,824971000,417949000,44218000,44218000,0.56,0.55,0.046,52499000,-23158000,4979000,35223000,81401000,21291000,18.37,20.55,16.18,0.1853,0.0749,6.19,3.22,19.24,0.64,0.0921,0.8435,0.4244,0.1004,0.75,0.2,1.679
2003-03-31,78650819,157301638,2,2188898000,577852000,1291050000,370871000,896513000,1335000,0,1156934000,797627000,396187000,38267000,38267000,0.49,0.48,0.046,43040000,-20556000,-3126000,20526000,46178000,18294000,17.52,18.98,16.05,0.1902,0.0743,5.7,3.29,18.94,0.62,0.0963,0.8897,0.4096,0.0982,0.76,0.16,1.5581
2002-12-31,78458951,156917902,2,2087033000,541001000,1249846000,365745000,835928000,1259000,0,1134506000,769823000,421090000,42270000,42270000,0.54,0.52,0.05,71908000,-18895000,-60155000,1757000,25652000,15912000,18.75,21.55,15.95,0.1997,0.0752,5.33,3.9,21.19,0.59,0.0994,0.9209,0.4005,0.0977,0.77,0.36,1.4792
2002-09-30,78345926,156691852,2,1996099000,512079000,1240549000,374126000,754318000,1232000,0,1104338000,772959000,363456000,35766000,35766000,0.46,0.45,0.046,46680000,-15824000,-26464000,6209000,23895000,17988000,18.69,21.75,15.63,0.2039,0.0736,4.81,3.99,22.7,0.57,0.1052,1.0247,0.3779,0.0951,0.77,0.18,1.3687
2002-06-30,78230301,156460602,2,1970753000,522163000,1235861000,360675000,734319000,573000,0,1075679000,786179000,377978000,36820000,36820000,0.47,0.46,0.046,41996000,-9511000,-27927000,-2151000,17686000,11962000,19.05,20.48,17.63,0.2013,0.0762,4.69,4.66,24.85,0.55,0.1129,1.0706,0.3726,0.0955,0.8,0.19,1.4477
2002-03-31,78159451,156318902,2,1816305000,490081000,1176593000,333552000,639249000,463000,0,996390000,726129000,351218000,33096000,33096000,0.42,0.42,0.04583,12399000,-40272000,15177000,-13873000,19837000,9815000,17.38,18.96,15.8,0.2,0.0802,4.09,4.45,22.38,0.52,0.1215,1.1359,0.352,0.0974,0.82,0.02,1.4693
2001-12-31,77924485,155848970,2,1798151000,484243000,1188195000,358517000,609519000,437000,0,1012160000,723524000,375289000,33847000,33847000,0.43,0.44,0.05,93109000,-474695000,401519000,21831000,33710000,13774000,15.82,17.34,14.31,0.2111,0.0925,3.91,4.15,21,0.5,0.12,1.187,0.339,0.1076,0.86,0.51,1.3507
2001-09-30,51899220,155697660,3,1219171000,363739000,623390000,209065000,593521000,2260000,0,606337000,343153000,253501000,25919000,25919000,0.5,0.49,0.06875,46413000,-30382000,-1345000,-5081000,11879000,10542000,14.41,15.81,13.01,0.2142,0.1096,3.81,3.98,19.47,0.47,0.1207,0.5782,0.4868,0.1194,0.92,0.23,1.7398
2001-06-30,51819452,155458356,3,1162823000,349955000,595793000,183778000,562675000,4355000,0,575526000,340116000,254635000,27404000,27404000,0.53,0.52,0.06875,24288000,-98469000,67231000,1622000,16960000,16092000,13.6,15.54,11.66,0.2206,0.1174,3.62,3.93,18.8,0.45,0.1204,0.6045,0.4839,0.1215,0.97,0.05,1.9042
2001-03-31,51753711,155261133,3,1075807000,338935000,534870000,185421000,536501000,4436000,0,502838000,272330000,245669000,34326000,34326000,0.66,0.66,0.06875,47258000,-211140000,157495000,-95000,15338000,8284000,12.09,13.34,10.84,0.224,0.1244,3.46,3.6,18.79,0.43,0.1204,0.5076,0.4987,0.1226,1.01,0.25,1.8279
2000-12-31,51668687,155006061,3,866615000,325454000,341684000,168138000,520370000,4561000,0,344753000,109500000,238721000,30861000,30861000,0.61,0.59,0.07,34884000,-10525000,-20561000,3131000,15433000,7918000,12.38,14.46,10.29,0.2074,0.1186,3.36,3.97,19.76,0.41,0.1318,0.2104,0.6005,0.1135,1.05,0.17,1.9356
2000-09-30,51500956,154502868,3,844586000,311506000,357271000,180954000,482682000,4633000,0,339040000,112906000,215255000,23335000,23335000,0.45,0.45,0.0625,47040000,-21002000,-26150000,1268000,8160000,6782000,11.15,12.46,9.84,0.2079,0.1161,3.12,3.6,18.38,0.38,0.13,0.2339,0.5715,0.113,1.03,0.26,1.7215
2000-06-30,51715953,155147859,3,851007000,318970000,367736000,180593000,480848000,2423000,0,338714000,121234000,223290000,24627000,24627000,0.47,0.47,0.0625,22986000,-5555000,-17729000,-406000,6892000,6492000,9.63,10.88,8.38,0.2053,0.1117,3.1,3.23,16.51,0.36,0.131,0.2521,0.565,0.1115,1,0.11,1.7662
2000-03-31,51898826,155696478,3,843558000,307569000,376581000,176702000,464551000,2426000,0,343700000,134162000,212530000,22193000,22193000,0.42,0.42,0.0625,40712000,-7546000,-34669000,22000,7298000,7018000,8.67,9.63,7.71,0.2031,0.1068,2.98,2.89,15.3,0.34,0.1331,0.2888,0.5507,0.1093,0.98,0.22,1.7406
1999-12-31,52156355,156469065,3,859588000,314668000,388217000,176220000,468872000,2499000,0,349421000,145312000,221598000,28460000,28460000,0.54,0.54,0.06,46635000,-15089000,-33868000,-2150000,7276000,10944000,7.62,8.25,6.98,0.2027,0.1027,3,2.65,20.41,0.32,0.134,0.3099,0.5455,0.1082,0.95,0.23,1.7857
1999-09-30,52799555,158398665,3,882172000,324996000,423930000,188299000,455713000,2529000,0,355525000,170404000,203552000,20686000,20686000,0.39,0.39,0.05625,33715000,-4877000,-30022000,-1410000,9426000,6628000,8.3,9.77,6.83,0.1374,0.0668,2.88,3.04,23.49,0.3,0.2045,0.3739,0.5166,0.0711,0.94,0.17,1.726
1999-06-30,52884555,158653665,3,881270000,326363000,445319000,196966000,433171000,2780000,0,359925000,186060000,209125000,21190000,21190000,0.4,0.4,0.05625,23668000,-12302000,-7898000,1728000,10836000,7321000,8.41,9.71,7.1,0.1329,0.0632,2.73,3.21,37.66,0.28,0.2106,0.4295,0.4915,0.068,0.93,0.1,1.657
1999-03-31,52773523,158320569,3,875824000,322886000,457239000,196758000,415543000,3042000,0,366246000,197571000,196589000,19527000,19527000,0.37,0.37,0.05625,17251000,-3222000,-11167000,418000,9108000,6668000,8.16,9.17,7.15,0.0852,0.0401,2.62,3.11,37.66,0.26,0.326,0.4755,0.4745,0.0436,0.92,0.07,1.641
1998-12-31,52566138,157698414,3,895322000,322452000,478783000,194376000,413801000,2738000,0,346073000,217491000,220295000,-2383000,-2383000,-0.04,-0.04,0.06,43113000,-67034000,22090000,-1572000,8690000,5391000,8,9.33,6.67,0.0827,0.0403,2.62,2.99,21.62,0.24,0.3255,0.5256,0.4622,0.0438,0.92,0.24,1.6589
1998-09-30,52495539,157486617,3,889501000,329293000,455951000,199333000,422094000,11456000,0,380766000,178569000,196995000,17627000,17627000,0.33,0.33,0.05125,29326000,-9667000,-12944000,3490000,10262000,9554000,8,8.92,7.08,0.1434,0.0728,2.68,3.11,22.22,0.22,0.1793,0.4231,0.4745,0.0787,0.93,0.13,1.652
1998-06-30,52909539,158728617,3,869264000,321453000,449788000,200086000,407907000,11569000,0,378201000,171700000,197126000,584000,584000,0.01,0.01,0.05125,18801000,-40765000,25485000,1352000,6772000,8327000,9.66,11.58,7.75,0.1415,0.0741,2.57,3.56,20.7,0.21,0.1848,0.4209,0.4693,0.0794,0.93,0.07,1.6066
1998-03-31,54220041,162660123,3,803187000,290024000,358728000,169363000,440578000,3881000,0,346564000,118981000,180706000,18997000,18997000,0.35,0.35,0.05125,2502000,-24932000,16758000,-4428000,5420000,7044000,10.25,11.75,8.75,0.1846,0.0996,2.71,3.93,22.53,0.19,0.1403,0.2701,0.5485,0.1051,0.95,-0.03,1.7124
1997-12-31,54135416,162406248,3,774376000,277027000,346455000,169349000,423933000,3988000,0,336905000,105505000,197420000,23531000,23531000,0.43,0.42,0.05,31903000,-11161000,-17167000,2013000,9848000,3386000,9.64,10.58,8.71,0.1868,0.0988,2.61,3.84,21.83,0.17,0.1404,0.2489,0.5475,0.1034,0.96,0.18,1.6358
1997-09-30,54025728,162077184,3,759535000,268645000,349318000,160604000,406268000,3949000,0,331217000,115452000,172674000,16256000,16256000,0.3,0.3,0.0513,27951000,-25103000,-2567000,44000,7835000,5921000,8.88,9.65,8.1,0.1863,0.0984,2.51,3.68,20.73,0.16,0.1422,0.2842,0.5349,0.1018,0.97,0.14,1.6727
1997-06-30,26999378,161996268,6,740050000,266833000,346340000,149186000,389746000,3964000,0,317629000,121899000,178307000,17843000,17843000,0.66,0.66,0.0925,24818000,-9583000,-16110000,422000,7791000,10968000,8.09,8.73,7.44,0.187,0.0983,2.41,3.47,18.89,0.14,0.1391,0.3128,0.5266,0.1009,0.97,0.09,1.7886
1997-03-31,26937376,161624256,6,743733000,264335000,363389000,158007000,376163000,4181000,0,326528000,131154000,172359000,16924000,16924000,0.63,0.63,0.0925,9616000,-65310000,59568000,1750000,7369000,6128000,8.48,9.17,7.79,0.1931,0.101,2.33,3.75,20.35,0.12,0.1352,0.3487,0.5058,0.1028,0.98,0.02,1.6729
1996-12-31,26932042,161592252,6,667662000,256746000,297775000,143199000,365590000,4297000,0,256199000,75109000,180291000,20592000,20592000,0.76,0.76,0.09,23953000,-7894000,-13210000,1390000,5619000,7428000,7.56,8.17,6.96,0.1943,0.1015,2.26,3.48,19.89,0.11,0.1351,0.2054,0.5476,0.1024,0.99,0.1,1.7929
1996-09-30,26876039,161256234,6,665867000,251975000,311690000,130513000,349700000,4477000,0,257101000,95976000,155327000,13873000,13873000,0.52,0.52,0.0825,21562000,-11783000,-11323000,-1219000,4229000,4065000,6.81,7.42,6.21,0.1814,0.0939,2.17,3.21,18.08,0.09,0.2035,0.2745,0.5252,0.0949,0.99,0.11,1.9307
1996-06-30,26870204,161221224,6,660936000,254273000,318638000,126775000,341283000,1015000,0,253761000,105734000,165029000,17770000,17770000,0.66,0.66,0.0825,19489000,-5121000,-10417000,2425000,5448000,4671000,7.06,7.46,6.67,0.1885,None,2.12,3.48,20.08,0.08,0.2003,0.3098,0.5164,0.0976,0.99,0.09,2.0057
1996-03-31,26956269,161737614,6,654807000,242100000,323791000,120005000,327527000,3489000,0,257419000,121089000,155910000,14987000,14987000,0.56,0.56,0.0825,18185000,-73950000,54242000,-951000,3023000,4289000,6.52,6.79,6.25,0.1813,None,2.03,3.34,19.56,0.07,0.183,0.3697,0.5002,0.0941,0.98,0.09,2.0174
1995-12-31,26953269,161719614,6,597725000,252226000,278371000,123650000,315922000,3432000,0,188409000,68675000,161715000,13898000,13898000,0.54,None,0.21,32711000,-5413000,-27603000,-267000,3974000,5649000,6.18,6.71,5.65,None,None,1.95,3.34,None,0.05,0.1548,0.2174,0.5285,None,None,0.17,2.0398
1995-09-30,26950669,161704014,6,579830000,244614000,276744000,100042000,299148000,3938000,0,185135000,90104000,137330000,13856000,13856000,0.5,None,0.075,22059000,-7272000,-16538000,-2680000,4241000,5049000,6.08,6.71,5.46,None,None,1.85,3.38,None,0.02,None,0.3012,0.5159,None,None,0.11,2.4451
1995-06-30,27062669,162376014,6,595580000,253508000,298875000,112573000,292771000,3934000,0,186069000,93942000,139878000,13237000,13237000,0.51,None,0.0125,5257000,-60355000,56737000,3491000,6921000,1776000,5.93,6.15,5.71,None,None,1.8,3.43,None,0,None,0.3209,0.4916,None,None,0.02,2.2519
1995-03-31,26847373,161084238,6,496304000,205947000,217534000,116637000,278770000,0,0,173621000,31141000,133105000,12972000,12972000,0.45,None,0.0125,7489000,-12869000,1403000,-3848000,3430000,2716000,5.33,5.96,4.71,None,None,1.73,None,None,0.002083,None,0.1117,0.5617,None,None,0.03,1.7657
