"Quarter end","Shares","Shares split adjusted","Split factor","Assets","Current Assets","Liabilities","Current Liabilities","Shareholders equity","Non-controlling interest","Preferred equity","Goodwill & intangibles","Long-term debt","Revenue","Earnings","Earnings available for common stockholders","EPS basic","EPS diluted","Dividend per share","Cash from operating activities","Cash from investing activities","Cash from financing activities","Cash change during period","Cash at end of period","Capital expenditures","Price","Price high","Price low","ROE","ROA","Book value of equity per share","P/B ratio","P/E ratio","Cumulative dividends per share","Dividend payout ratio","Long-term debt to equity ratio","Equity to assets ratio","Net margin","Asset turnover","Free cash flow per share","Current ratio"
2019-05-04,39007867,39007867,1,3045645000,1069092000,2397314000,855469000,648331000,0,0,0,940800000,1295796000,15540000,15540000,0.39,0.39,0.3,57435000,-76766000,36869000,17538000,63572000,76754000,34.79,39.53,30.05,0.2224,0.0625,16.62,2.02,9.06,4.61,0.3383,1.4511,0.2129,0.0268,2.33,-0.5,1.2497
2019-02-02,40142960,40142960,1,2023347000,1128003000,1330306000,638560000,693041000,0,0,0,374100000,1598551000,108047000,108047000,2.69,2.67,0.3,193640000,-95440000,-114104000,-15904000,46034000,82604000,35.67,45.13,26.21,0.2432,0.0814,17.26,2.41,9.8,4.31,0.307,0.5398,0.3425,0.03,2.72,2.77,1.7665
2018-11-03,40048581,40048581,1,2133016000,1277247000,1540284000,745574000,592732000,0,0,0,488000000,1149402000,-6556000,-6556000,-0.16,-0.16,0.3,-70140000,-109607000,183228000,3481000,61938000,76174000,44.84,50.35,39.33,0.2404,0.0837,14.8,2.96,11.5,4.01,0.3037,0.8233,0.2779,0.0291,2.88,-3.65,1.7131
2018-08-04,40033165,40033165,1,1828730000,1053042000,1223005000,622485000,605725000,0,0,0,422913000,1222169000,24164000,24164000,0.59,0.59,0.3,13675000,-105989000,85941000,-6373000,58457000,57902000,41.17,46.15,36.2,0.2602,0.0933,15.13,2.41,10.34,3.71,0.2744,0.6982,0.3312,0.0314,2.97,-1.1,1.6917
2018-05-05,40341282,40341282,1,1726986000,1052171000,1037874000,636312000,689112000,0,0,0,348000000,1267983000,31239000,31239000,0.74,0.74,0.3,96885000,-65437000,-17794000,13654000,64830000,30953000,50.08,59.11,41.04,0.2703,0.0995,17.08,3.16,11.41,3.41,0.2581,0.505,0.399,0.0323,3.08,1.63,1.6535
2018-02-03,42182744,42182744,1,1651726000,1021973000,982139000,589608000,669587000,0,0,0,199800000,1642068000,104828000,104828000,2.5,2.47,0.25,221296000,-63215000,-164917000,-6836000,51176000,47608000,57.55,64.42,50.67,0.3069,0.1135,15.87,4.28,14.68,3.11,0.225,0.2984,0.4054,0.036,3.15,4.12,1.7333
2017-10-28,42032765,42032765,1,1846109000,1214990000,1280445000,731776000,565664000,0,0,0,371900000,1110824000,4372000,4372000,0.1,0.1,0.25,-70890000,-41602000,114495000,2003000,58012000,41599000,50.56,54.18,46.95,0.2853,0.1054,13.46,3.67,13.13,2.86,0.2375,0.6575,0.3064,0.0336,3.14,-2.68,1.6603
2017-07-29,42452285,42452285,1,1591464000,974393000,1006526000,600194000,584938000,0,0,0,226600000,1221301000,29120000,29120000,0.68,0.67,0.25,14508000,-29681000,5451000,-9722000,56009000,29674000,48.44,51.77,45.1,0.2827,0.1036,13.78,3.28,13.16,2.61,0.2349,0.3874,0.3675,0.0331,3.13,-0.36,1.6235
2017-04-29,44212485,44212485,1,1599715000,990135000,945810000,652311000,653905000,0,0,0,231400000,1296787000,51512000,51512000,1.16,1.15,0.25,85454000,-22010000,-48877000,14567000,65731000,22010000,50.97,55.1,46.84,0.2769,0.0992,14.79,3.51,15.35,2.36,0.2364,0.3539,0.4088,0.032,3.1,1.43,1.5179
2017-01-28,44786322,44786322,1,1607707000,994379000,957077000,678595000,650630000,0,0,0,212800000,1579211000,90078000,90078000,2.03,2,0.21,268389000,-12859000,-264109000,-8579000,51164000,12616000,49.56,56.54,42.58,0.2591,0.0914,14.53,4.05,15.39,2.11,0.2449,0.3271,0.4047,0.0294,3.11,5.71,1.4653
2016-10-29,44559880,44559880,1,1847243000,1208331000,1302168000,766584000,545075000,0,0,0,362900000,1105498000,1376000,1376000,0.03,0.03,0.21,-67964000,-26812000,96150000,1374000,59743000,26858000,49.35,56.3,42.4,0.259,0.0936,12.23,4.04,15.62,1.9,0.2382,0.6658,0.2951,0.0302,3.1,-2.13,1.5763
2016-07-30,44517342,44517342,1,1624660000,977043000,1081162000,645755000,543498000,0,0,0,257900000,1203155000,22715000,22715000,0.51,0.5,0.21,32889000,-26278000,-12632000,-6021000,58369000,26422000,47.78,53.95,41.61,0.2449,0.0913,12.21,3.42,15.93,1.69,0.243,0.4745,0.3345,0.0296,3.09,0.15,1.513
2016-04-30,44373821,44373821,1,1606621000,956165000,986547000,654801000,620074000,0,0,0,153800000,1312575000,38659000,38659000,0.8,0.79,0.21,78611000,-18752000,-49613000,10246000,64390000,18825000,41.91,47.95,35.86,0.2281,0.0878,13.97,2.89,14.91,1.48,0.2518,0.248,0.3859,0.0286,3.07,1.35,1.4602
2016-01-30,49683394,49683394,1,1640370000,994432000,919900000,678448000,720470000,0,0,0,62300000,1583967000,94532000,94532000,1.92,1.9,0.19,290034000,-14895000,-282536000,-7397000,54144000,14968000,40.96,48.14,33.78,0.2047,0.0835,14.5,3.19,15.46,1.27,0.2669,0.0865,0.4392,0.0275,3.03,5.54,1.4657
2015-10-31,49552919,49552919,1,1889297000,1267278000,1252025000,728799000,637272000,0,0,0,334900000,1116474000,-1508000,-1508000,-0.03,-0.03,0.19,-64345000,-33996000,102519000,4178000,61541000,34372000,44.96,50.15,39.77,0.1996,0.0835,12.86,3.48,17.16,1.08,0.2652,0.5255,0.3373,0.0275,3.04,-1.99,1.7389
2015-08-01,49567150,49567150,1,1664363000,1028734000,1023831000,594854000,640532000,0,0,0,223200000,1209686000,17636000,17636000,0.35,0.34,0.19,29138000,-35550000,-3416000,-9828000,57363000,37329000,44.95,48.53,41.37,0.1918,0.0818,12.92,2.94,17.03,0.89,0.2665,0.3485,0.3849,0.0271,3.02,-0.17,1.7294
2015-05-02,51880776,51880776,1,1648812000,1021519000,854726000,612313000,794086000,0,0,0,40500000,1280455000,32213000,32213000,0.61,0.6,0.19,87525000,-28752000,-43843000,14930000,67191000,39320000,47.78,51.11,44.45,0.1835,0.0835,15.31,3.26,22.75,0.7,0.263,0.051,0.4816,0.0277,3.02,0.93,1.6683
2015-01-31,53932236,53932236,1,1635891000,1038429000,846341000,587829000,789550000,0,0,0,62100000,1593349000,94431000,94431000,1.78,1.74,0.17,256184000,-18841000,-247570000,-10227000,52261000,18901000,44.95,51.75,38.15,0.1445,0.0665,14.64,3.37,24.97,0.51,0.2431,0.0787,0.4826,0.0221,3.01,4.4,1.7665
2014-11-01,53452301,53452301,1,1933911000,1312722000,1220327000,756324000,713584000,0,0,0,283400000,1107095000,-3441000,-3441000,-0.06,-0.06,0.17,-94791000,-34300000,129546000,455000,62488000,36118000,44.88,48.52,41.23,0.1273,0.0598,13.35,3.06,26.56,0.34,0.1787,0.3972,0.369,0.0201,2.98,-2.45,1.7357
2014-08-02,56049375,56049375,1,1642392000,1036777000,819771000,590691000,822621000,0,0,0,56500000,1195363000,19938000,19938000,0.36,0.36,0.17,55003000,-22124000,-37888000,-5128000,62033000,22401000,41.58,46.39,36.76,0.1163,0.0547,14.68,2.76,25.35,0.17,0.0971,0.0687,0.5009,0.0187,2.92,0.58,1.7552
2014-05-03,55472827,55472827,1,1659062000,1049093000,822520000,590253000,836542000,0,0,0,53600000,1281271000,3348000,3348000,0.06,0.06,0,102166000,-15484000,-93408000,-1468000,67161000,16040000,32.87,40.24,25.5,0.1144,0.0525,15.08,2.12,15.36,0,0,0.0641,0.5042,0.0183,2.88,1.55,1.7774
2014-02-01,58152451,58152451,1,1739599000,1121061000,838172000,577447000,901427000,0,0,0,77000000,1612558000,84353000,84353000,1.47,1.44,0,269432000,-20887000,-246380000,903000,68629000,21080000,32.76,39.02,26.49,0.1506,0.0676,15.5,2.35,11.83,0,0,0.0854,0.5182,0.0236,2.86,4.27,1.9414
2013-11-02,58382022,58382022,1,2134746000,1465914000,1321451000,798144000,813295000,0,0,12944000,324000000,1152444000,-9517000,-9517000,-0.17,-0.17,0,-153116000,-26507000,183546000,3916000,67726000,32016000,34.77,37.98,31.56,0.2025,0.0868,13.93,2.48,12.24,0,0,0.3984,0.381,0.0296,2.93,-3.17,1.8367
2013-08-03,58288947,58288947,1,1801311000,1131362000,983691000,643476000,817620000,0,0,12991000,141700000,1225572000,18126000,18126000,0.32,0.31,0,21835000,-34278000,4802000,-7859000,63810000,34409000,35.2,39.22,31.17,0.2194,0.0896,14.03,2.58,12.18,0,0,0.1733,0.4539,0.0304,2.95,-0.22,1.7582
2013-05-04,58304832,58304832,1,1736763000,1074741000,940850000,607473000,795913000,0,0,13385000,137200000,1311338000,32333000,32333000,0.56,0.56,0,60183000,-15823000,-33164000,11088000,71669000,17281000,34.94,37.81,32.07,0.2346,0.0927,13.65,2.67,11.8,0,0,0.1724,0.4583,0.0311,2.98,0.74,1.7692
2013-02-02,57942982,57942982,1,1753626000,1090630000,995484000,629634000,758142000,0,0,13522000,171200000,1753396000,120287000,120287000,2.09,2.07,0,317038000,-30743000,-291992000,-5676000,60581000,30891000,29.67,32.66,26.69,0.2451,0.0981,13.08,2.71,11.24,0,0,0.2258,0.4323,0.0328,2.99,4.94,1.7322
2012-10-27,57894062,57894062,1,2064902000,1405511000,1432111000,791466000,632791000,0,0,13513000,463100000,1134205000,-5987000,-5987000,-0.1,-0.1,0,-124654000,-39341000,168913000,4578000,66257000,39661000,35.36,42.26,28.46,0.2322,0.0965,10.93,3.05,12.63,0,0,0.7318,0.3065,0.0323,2.99,-2.84,1.7758
2012-07-28,59564223,59564223,1,1725645000,1076776000,1035637000,622635000,690008000,0,0,13428000,242800000,1218037000,22075000,22075000,0.37,0.36,0,-36833000,-42284000,58453000,-20892000,61679000,42433000,37.46,41.42,33.5,0.2366,0.1037,11.58,2.95,12.74,0,0,0.3519,0.3999,0.0342,3.04,-1.33,1.7294
2012-04-28,63704306,63704306,1,1676805000,1044869000,867378000,696058000,809427000,0,0,15030000,0,1294481000,40746000,40746000,0.64,0.63,0,125582000,-17989000,-93648000,14024000,82571000,18288000,40.84,47.22,34.46,0.2442,0.1135,12.71,3.26,13.57,0,0,0,0.4827,0.0371,3.06,1.68,1.5011
2012-01-28,65754099,65754099,1,1641310000,1006656000,818077000,584820000,823233000,0,0,12282000,65900000,1669574000,114720000,114720000,1.79,1.75,0,298907000,-28797000,-261425000,8600000,68547000,28974000,38.73,41.81,35.65,0.2438,0.119,12.52,3.39,14.34,0,0,0.0801,0.5016,0.0398,2.99,4.11,1.7213
2011-10-29,65602976,65602976,1,1962921000,1311874000,1212716000,768703000,750205000,0,0,12423000,285100000,1138286000,4190000,4190000,0.06,0.06,0,-91061000,-54020000,147610000,2529000,59947000,54815000,33.9,38.91,28.89,0.23,0.1166,11.44,2.72,11.81,0,0,0.38,0.3822,0.0401,2.91,-2.22,1.7066
2011-07-30,65552291,65552291,1,1600418000,984011000,783871000,570799000,816547000,0,0,21507000,60400000,1167135000,35683000,35683000,0.51,0.5,0,-14920000,-18796000,-192350000,-226066000,57829000,28307000,36.13,41.42,30.83,0.2399,0.1278,12.46,2.7,12.68,0,0,0.074,0.5102,0.0434,2.94,-0.66,1.7239
2011-04-30,75171381,75171381,1,1757822000,1183102000,751006000,610854000,1006816000,0,0,0,0,1227274000,52471000,52471000,0.71,0.7,0,125545000,-19099000,-90000,106356000,283895000,19197000,38,44.44,31.57,0.2372,0.1299,13.39,3.02,13.43,0,0,0,0.5728,0.0443,2.93,1.41,1.9368
2011-01-29,75188531,75188531,1,1619599000,1051719000,672806000,541931000,946793000,0,0,0,0,1518943000,110055000,110055000,1.47,1.44,0,279041000,-23438000,-128844000,126759000,177539000,23693000,30.3,32.78,27.82,0.2448,0.1339,12.59,2.75,11.31,0,0,0,0.5846,0.0449,2.98,3.4,1.9407
2010-10-30,75468266,75468266,1,1781189000,1199843000,951281000,692035000,829908000,0,0,0,128500000,1055830000,17694000,17694000,0.23,0.23,0,-101456000,-40811000,22336000,-119931000,50780000,41252000,32.63,35.25,30.02,0.2361,0.1301,11,2.7,11.57,0,0,0.1548,0.4659,0.0445,2.92,-1.89,1.7338
2010-07-31,75553416,75553416,1,1589966000,1029364000,678294000,554315000,911672000,0,0,0,0,1142309000,38877000,38877000,0.49,0.48,0,29911000,-38876000,-81272000,-90237000,170711000,31134000,35.09,38.92,31.27,0.2463,0.1403,12.07,3.01,13.09,0,0,0,0.5734,0.0473,2.97,-0.02,1.857
2010-05-01,81163144,81163144,1,1658273000,1123649000,711349000,589567000,946924000,0,0,0,0,1235162000,55898000,55898000,0.69,0.68,0,107761000,-11427000,-119119000,-22785000,260948000,11484000,34.97,41.42,28.51,0.2393,0.1366,11.67,2.81,14.33,0,0,0,0.571,0.0456,2.99,1.19,1.9059
2010-01-30,80406304,80406304,1,1669493000,1122966000,668081000,542520000,1001412000,0,0,0,0,1463280000,105366000,105366000,1.3,1.29,0,252088000,-16797000,2535000,237826000,283733000,16833000,27.21,31.39,23.04,0.226,0.1288,12.45,2.55,12.83,0,0,0,0.5998,0.0424,3.04,2.93,2.0699
2009-10-31,82662327,82662327,1,1654502000,1091588000,771538000,635623000,882964000,0,0,0,0,1035269000,30329000,30329000,0.37,0.37,0,-31262000,-22483000,1377000,-52368000,45907000,23028000,25.32,28.18,22.47,0.2094,0.1161,10.68,2.47,13.33,0,0,0,0.5337,0.0375,3.09,-0.66,1.7174
2009-08-01,82625477,82625477,1,1462983000,898280000,615630000,467734000,847353000,0,0,0,0,1086567000,28443000,28443000,0.35,0.34,0,73327000,-25799000,-355000,47173000,98275000,25984000,23.99,28.5,19.49,0.1985,0.1035,10.26,2.43,12.76,0,0,0,0.5792,0.0337,3.07,0.57,1.9205
2009-05-02,82549151,82549151,1,1435899000,870554000,621523000,478270000,814376000,0,0,0,0,1141656000,36231000,36231000,0.45,0.44,0,97873000,-12858000,-68686000,16329000,51102000,12863000,20.49,28.36,12.62,0.2063,0.1025,9.87,2.18,11.02,0,0,0,0.5672,0.0331,3.1,1.03,1.8202
2009-01-31,82569473,82569473,1,1432458000,870871000,657613000,515095000,774845000,0,0,0,0,1366925000,78765000,78765000,0.98,0.97,0,216584000,-13091000,-207956000,-4463000,34773000,13161000,18.91,24.88,12.93,0.2167,0.1016,9.38,2.21,9.75,0,0,0,0.5409,0.0326,3.11,2.46,1.6907
2008-11-01,82116550,82116550,1,1683023000,1123316000,981616000,850172000,701407000,0,0,0,0,1021580000,12248000,12248000,0.15,0.15,0,-106120000,-22579000,124414000,-4285000,39236000,22726000,27.16,35.33,18.99,0.2477,0.1102,8.54,3.27,14.07,0,0,0,0.4168,0.0351,3.14,-1.57,1.3213
2008-08-02,82025708,82025708,1,1430508000,864909000,749029000,462877000,681479000,0,0,0,147700000,1105189000,26025000,26025000,0.32,0.32,0,41962000,-34426000,-7201000,335000,43521000,34570000,30.46,34.88,26.03,0.244,0.1108,8.31,3.89,16.64,0,0,0.2167,0.4764,0.0355,3.12,0.09,1.8686
2008-05-03,81629668,81629668,1,1422871000,873872000,782607000,476272000,640264000,0,0,0,165400000,1151589000,34509000,34509000,0.43,0.42,0,58637000,-18096000,-34486000,6055000,43186000,18278000,21.82,28.65,15,0.2218,0.1076,7.84,2.78,13.07,0,0,0.2583,0.45,0.0351,3.07,0.49,1.8348
2008-02-02,81370433,81370433,1,1443815000,891110000,805329000,500344000,638486000,0,0,0,163700000,1412374000,92015000,92015000,1.05,1.05,0,262892000,-20646000,-246891000,-4645000,37131000,20963000,17.68,22.95,12.4,0.1857,0.0995,7.85,2.06,11.41,0,0,0.2564,0.4422,0.034,2.92,2.97,1.781
2007-11-03,90407928,90407928,1,1727044000,1162513000,951772000,669869000,775272000,0,0,0,138900000,1030638000,14298000,14298000,0.14,0.14,0,-52640000,-18707000,4484000,-66863000,41776000,19622000,27.18,31.98,22.37,0.175,0.1027,8.58,3.05,19.01,0,0,0.1792,0.4489,0.0357,2.88,-0.8,1.7354
2007-08-04,101774473,101774473,1,1507987000,942380000,600933000,457849000,907054000,0,0,0,0,1084891000,23384000,23384000,0.22,0.22,0,98353000,-11519000,-188317000,-101483000,108639000,11780000,30.43,36.15,24.72,0.1525,0.0947,8.91,2.98,24.34,0,0,0,0.6015,0.0329,2.88,0.85,2.0583
2007-05-05,106875741,106875741,1,1693881000,1126041000,602162000,456450000,1091719000,0,0,0,0,1128399000,28764000,28764000,0.26,0.26,0,-673000,-7892000,-62970000,-71535000,210122000,7995000,28.99,34.55,23.43,0.1318,0.0824,10.21,2.89,26.12,0,0,0,0.6445,0.0291,2.83,-0.08,2.467
2007-02-03,112633441,112633441,1,1720526000,1149047000,590823000,474232000,1129703000,0,0,0,5500000,1545354000,104299000,104299000,0.94,0.93,0,308712000,-5096000,-29485000,274131000,281657000,9743000,23.2,26.36,20.03,0.1181,0.0741,10.03,2.49,70.3,0,0,0.0049,0.6566,0.0262,2.83,2.65,2.423
2006-10-28,109492878,109492878,1,1756144000,1157257000,735132000,584239000,1021012000,0,0,0,36100000,1049537000,1734000,1734000,0.02,0.02,0,-40310000,-10794000,57873000,6769000,7526000,11007000,18.44,21.18,15.7,0.0345,0.0217,9.32,2.05,131.71,0,0,0.0354,0.5814,0.0079,2.74,-0.47,1.9808
2006-07-29,108867364,108867364,1,1579612000,975165000,601487000,467070000,978125000,0,0,0,31300000,1056535000,4299000,4299000,0.04,0.04,0,3141000,-8615000,-68310000,-73784000,757000,9092000,15.22,17.2,13.25,0.0146,0.009,8.98,1.62,None,0,0,0.032,0.6192,0.0034,2.65,-0.05,2.0878
2006-04-29,114006911,114006911,1,1636632000,1019940000,564010000,458950000,1072622000,0,0,0,5500000,1091622000,13713000,13713000,0.12,0.12,0,109934000,-5916000,-31187000,72831000,74541000,6036000,13.68,14.95,12.4,-0.0025,-0.0016,9.41,1.43,None,0,None,0.0051,0.6554,None,2.58,0.91,2.2223
2006-01-28,112924651,112924651,1,1625497000,993754000,546773000,436523000,1078724000,0,0,0,5500000,1318608000,16101000,16101000,0.15,0.15,0,239630000,-9498000,-243514000,-13382000,1710000,10074000,12.52,13.88,11.16,-0.0094,-0.0057,9.55,1.35,50.08,0,None,0.0051,0.6636,None,2.5,2.03,2.2765
2005-10-29,113942005,113942005,1,1951575000,1279280000,892074000,541795000,1059501000,0,0,0,253200000,1041046000,-18788000,-18788000,-0.17,-0.17,0,-60180000,-13856000,78955000,4919000,15092000,14009000,11.79,13.19,10.38,0.0275,0.0165,9.3,1.24,84.21,0,0,0.239,0.5429,0.0066,2.5,-0.65,2.3612
2005-07-30,113840695,113840695,1,1766010000,1082923000,687785000,421222000,1078225000,0,0,0,173600000,1051053000,-13752000,-13752000,-0.12,-0.12,0,-41609000,-28074000,68911000,-772000,10173000,29110000,12.21,14.29,10.13,0.0159,0.0094,9.47,1.27,61.05,0,0,0.161,0.6105,0.0038,2.47,-0.62,2.5709
2005-04-30,113688479,113688479,1,1738191000,1045459000,648680000,451470000,1089511000,0,0,0,106900000,1019198000,6351000,6351000,0.05,0.05,0,75124000,-15274000,-51426000,8424000,10945000,15310000,11.72,13.38,10.06,0.0221,0.0132,9.58,1.24,55.81,0,0,0.0981,0.6268,0.0054,2.46,0.53,2.3157
2005-01-29,113561441,113561441,1,1733584000,1034782000,658094000,412513000,1075490000,0,0,0,159200000,1380897000,55804000,55804000,0.49,0.49,0,235248000,-30341000,-213625000,-8718000,2521000,37931000,11.94,13.26,10.62,0.0222,0.0132,9.47,1.32,27.14,0,0,0.148,0.6204,0.0054,2.44,1.74,2.5085
2004-10-30,112864541,112864541,1,1935700000,1297699000,914127000,537155000,1021573000,0,0,0,371100000,980027000,-31460000,-31460000,-0.28,-0.28,0,-131218000,-30247000,167906000,6441000,28464000,30223000,12.16,13.27,11.05,0.0493,0.0295,9.05,1.3,18.15,0,0,0.3633,0.5278,0.0123,2.39,-1.43,2.4159
2004-07-31,112386871,112386871,1,1711603000,1076700000,659970000,624409000,1051633000,0,0,0,30000000,994950000,-7288000,-7288000,-0.06,-0.06,0,-6366000,-44010000,-71901000,-122277000,22023000,44010000,13.92,15.62,12.22,0.0724,0.0441,9.36,1.42,21.09,0,0,0.0285,0.6144,0.0183,2.42,-0.45,1.7244
2004-05-01,115199093,115199093,1,1799364000,1182723000,668949000,462274000,1130415000,0,0,0,204000000,1019198000,6707000,6707000,0.06,0.06,0,-26403000,-23158000,2633000,-46928000,144300000,23127000,14.52,15.61,13.42,0.0721,0.044,9.81,1.53,21.04,0,0,0.1805,0.6282,0.0183,2.4,-0.43,2.5585
2004-01-31,117403510,117403510,1,1784688000,1167600000,668628000,463586000,1116060000,0,0,0,204000000,1328609000,85328000,85328000,0.73,0.72,0,274740000,-38947000,-76573000,159220000,191228000,38826000,14.07,15.25,12.89,0.0769,0.0469,9.51,1.6,26.55,0,0,0.1828,0.6254,0.0194,2.41,2.01,2.5186
2003-11-01,116917355,116917355,1,1807409000,1178572000,776925000,495037000,1030484000,0,0,0,280800000,948117000,-6377000,-6377000,-0.05,-0.05,0,-91601000,-37058000,77483000,-51176000,32008000,37024000,16.26,18.39,14.13,0.06,0.0366,8.81,1.84,30.11,0,0,0.2725,0.5701,0.0153,2.39,-1.1,2.3808
2003-08-02,116894171,116894171,1,1674391000,1053983000,638891000,433796000,1035500000,0,0,0,204000000,949275000,-7969000,-7969000,-0.07,-0.07,0,-48407000,-35482000,1255000,-82634000,83184000,40430000,13.88,16.24,11.52,0.0624,0.0378,8.86,1.55,21.69,0,0,0.197,0.6184,0.0159,2.37,-0.76,2.4297
2003-05-03,116735408,116735408,1,1662133000,1061304000,620085000,414874000,1042048000,0,0,0,204000000,948382000,10193000,10193000,0.09,0.09,0,50178000,-52447000,1079000,-1190000,165818000,47438000,11.5,13.07,9.92,0.0747,0.0448,8.93,1.31,17.42,0,0,0.1958,0.6269,0.0191,2.35,0.02,2.5581
2003-02-01,116634818,116634818,1,1642271000,1069167000,616090000,410907000,1026181000,0,0,0,204000000,1216991000,66208000,66208000,0.56,0.56,0,266617000,-32198000,-89160000,145259000,167008000,34311000,14.56,17.24,11.89,0.0783,0.0462,8.8,1.76,97.07,0,0,0.1988,0.6249,0.0198,2.34,1.99,2.602
2002-11-02,116146151,116146151,1,1729344000,1185169000,769646000,425018000,959698000,0,0,0,293400000,868163000,-5076000,-5076000,-0.04,-0.04,0,-82663000,-19959000,89905000,-12717000,21749000,20488000,15.5,19.18,11.83,0.0177,0.0104,8.26,1.87,310,0,0,0.3057,0.5549,0.0045,2.33,-0.89,2.7885
2002-08-03,116116847,116116847,1,1628990000,1082685000,664805000,384756000,964185000,0,0,0,204000000,879255000,3218000,3218000,0.03,0.03,0,-20231000,-28497000,2296000,-46432000,34466000,30241000,16.82,19.9,13.75,0.0059,0.0034,8.3,2.03,None,0,0,0.2116,0.5919,0.0015,2.25,-0.43,2.814
2002-05-04,115968447,115968447,1,1625224000,1085430000,666730000,385957000,958494000,0,0,0,204000000,904141000,12207000,12207000,0.11,0.11,0,54495000,-15465000,13046000,52076000,80898000,17017000,13.29,16.09,10.48,-0.0089,-0.005,8.27,1.66,None,0,None,0.2128,0.5898,None,2.15,0.32,2.8123
2002-02-02,115948447,115948447,1,1533209000,994074000,605676000,321874000,927533000,0,0,0,204000000,1138214000,6531000,6531000,0.05,0.05,0,228016000,-21539000,-193030000,13447000,28822000,21636000,9.51,11.27,7.75,-0.0217,-0.0122,8,1.18,16.12,0,None,0.2199,0.605,None,2.07,1.78,3.0884
2001-11-03,114366185,114366185,1,1771211000,1247115000,852362000,392345000,918849000,0,0,0,399000000,773106000,-16364000,-16364000,-0.14,-0.14,0,-21463000,-18335000,16841000,-22957000,15375000,24322000,10,12.84,7.15,0.0736,0.041,8.03,1.22,None,0,0,0.4342,0.5188,0.0219,1.87,-0.4,3.1786
2001-08-04,113832195,113832195,1,1705247000,1188038000,770903000,328566000,934344000,0,0,0,382700000,748380000,-10699000,-10699000,-0.09,-0.09,0,-29518000,-32068000,66123000,4537000,38332000,32026000,12.62,14,11.23,-0.3471,-0.1795,8.21,1.52,None,0,None,0.4096,0.5479,None,1.76,-0.54,3.6158
2001-05-05,113501336,113501336,1,1618320000,1119788000,677692000,323997000,940628000,0,0,0,289700000,773621000,298000,298000,0,0,0,-26102000,-29496000,58732000,3134000,33795000,29577000,12.75,15.75,9.75,-0.3741,-0.1956,8.29,1.56,None,0,None,0.308,0.5812,None,1.62,-0.49,3.4562
2001-02-03,113279379,113279379,1,1585396000,1100567000,657584000,324994000,927812000,0,0,0,268000000,830728000,95222000,95222000,0.83,0.82,0,262618000,248526000,-527985000,-16841000,30661000,34698000,10.88,13.5,8.25,-0.356,-0.186,8.19,1.46,None,0,None,0.2889,0.5852,None,1.6,2.01,3.3864
2000-10-28,111687894,111687894,1,2115881000,1388928000,1286322000,587427000,829559000,0,0,0,592302000,733495000,-400018000,-400018000,-3.59,-3.55,0,-163166000,-32610000,183393000,-12383000,47502000,26104000,13.66,15.88,11.44,-0.3068,-0.1624,7.43,1.24,59.39,0,None,0.714,0.3921,None,1.95,-1.69,2.3644
2000-07-29,111450511,111450511,1,2189888000,1061789000,961638000,371511000,1228250000,0,0,0,515000000,708518000,-62679000,-62679000,-0.56,-0.56,0,-178571000,-16535000,198202000,3096000,59885000,16541000,12.91,15,10.81,0.0227,0.0122,11.02,1.11,17.21,0,0,0.4193,0.5609,0.0062,1.95,-1.75,2.858
2000-04-29,111358070,111358070,1,2293350000,1518327000,1002492000,621031000,1290858000,0,0,0,270416000,1004347000,-13177000,-13177000,-0.12,-0.12,0,-228815000,-37150000,226417000,-39548000,56789000,37504000,13.22,15.38,11.06,0.0699,0.0366,11.59,1.13,15.74,0,0,0.2095,0.5629,0.0181,2.02,-2.39,2.4448
2000-01-29,111356389,111356389,1,2186783000,1419700000,886721000,710762000,1300062000,0,0,0,60546000,1847036000,119259000,119259000,1.07,1.05,0,522175000,-33294000,-485932000,2949000,96337000,35704000,17.79,21.88,13.69,0.0791,0.0413,11.67,1.67,24.37,0,0,0.0466,0.5945,0.0204,2.02,4.37,1.9974
1999-10-30,110825407,110825407,1,2675759000,1914912000,1481584000,846250000,1179583000,14592000,0,0,530905000,999632000,-15012000,-15012000,-0.14,-0.14,0,-114225000,-36867000,160680000,9588000,93388000,33938000,19.19,23,15.38,0.07,0.0362,10.64,1.79,26.65,0,0,0.4501,0.4408,0.0183,1.98,-1.34,2.2628
1999-07-31,110702523,110702523,1,2310929000,1552942000,1121668000,614358000,1189261000,0,0,0,380838000,929802000,-4416000,-4416000,-0.04,-0.04,0,-91627000,-41344000,144241000,11270000,83800000,42219000,26.63,38.13,15.13,0.0702,0.0365,10.74,2.46,32.48,0,0,0.3202,0.5146,0.0185,1.97,-1.21,2.5277
1999-05-01,110136210,110136210,1,2142798000,1419151000,951101000,517859000,1191697000,0,0,0,330525000,923747000,-3721000,-3721000,-0.03,-0.03,0,-64388000,-35375000,96387000,-3376000,72530000,35375000,26.13,35.25,17,0.0816,0.0425,10.82,2.43,30.38,0,0,0.2774,0.5561,0.0215,1.98,-0.91,2.7404
1999-01-30,109901936,109901936,1,2042524000,1335175000,860622000,459941000,1181902000,0,0,0,295619000,1690107000,106178000,106178000,0.97,0.94,0,453276000,-41159000,-406386000,5731000,75906000,41957000,20.13,23.63,16.63,0.088,0.0461,10.75,2.06,29.17,0,0,0.2501,0.5786,0.0231,2,3.74,2.9029
1998-10-31,109494855,109494855,1,2422662000,1731154000,1350263000,647047000,1072399000,0,0,0,630251000,856433000,-16732000,-16732000,-0.15,-0.15,0,-161351000,-37438000,229556000,30767000,70175000,38130000,27.25,39,15.5,0.0752,0.0394,9.79,2.77,30.97,0,0,0.5877,0.4427,0.0171,2.31,-1.82,2.6755
1998-08-01,109482649,109482649,1,2068865000,1392439000,991578000,535146000,1077287000,0,0,0,385168000,823870000,6506000,6506000,0.06,0.06,0,-100977000,-53004000,161467000,7486000,39408000,53031000,36.91,42.5,31.31,0.1032,0.053,9.84,3.79,44.47,0,0,0.3575,0.5207,0.0223,2.38,-1.41,2.602
1998-05-02,109345962,109345962,1,1862720000,1209956000,797033000,409661000,1065687000,0,0,0,315088000,823302000,817000,817000,0.01,0.01,0,-134713000,-33531000,158452000,-9792000,31922000,33531000,41.38,46.13,36.63,0.1081,0.053,9.75,4.3,55.92,0,0,0.2957,0.5721,0.022,2.42,-1.54,2.9536
1998-01-31,107378774,107378774,1,1746381000,1107474000,711839000,525268000,1034542000,0,0,0,115281000,2166276000,89271000,89271000,0.77,None,0,553492000,-54251000,-494811000,4430000,41714000,47459000,44.13,50,38.25,0.1109,0.0512,9.63,5.38,42.35,0,0,0.1114,0.5924,0.0212,2.41,4.71,2.1084
1997-11-01,84384840,84384840,1,1847577000,1388522000,1155360000,491365000,692217000,0,0,0,616054000,669826000,3198000,3198000,0.04,None,0,-86849000,-31220000,120267000,2198000,27645000,31694000,38.97,43.38,34.56,0.129,0.0562,8.2,4.78,40.18,0,0,0.89,0.3747,0.0293,1.92,-1.4,2.8258
1997-08-02,84319557,84319557,1,1636514000,1193914000,949139000,438854000,687375000,0,0,0,463135000,624326000,780000,780000,0.01,None,0,-110723000,-35765000,148494000,2006000,25447000,37619000,35.33,40.75,29.91,0.1248,0.0544,8.15,4.35,41.2,0,0,0.6738,0.42,0.0277,1.96,-1.76,2.7205
1997-05-03,67402482,84253102,1.25,1489510000,1065831000,804305000,409995000,685205000,0,0,0,353214000,594874000,-7314000,-7314000,-0.1,None,0,-206393000,-29366000,229156000,-6603000,23441000,29688000,29.95,34.09,25.8,0.1151,0.0512,8.13,3.7,30.49,0,0,0.5155,0.46,0.0252,2.03,-2.8,2.5996
1997-02-01,67339903,84174878,1.25,1330503000,926518000,648418000,457228000,682085000,0,0,0,151292000,1136373000,91907000,91907000,1.34,None,0,319475000,-20097000,-306159000,-6781000,30044000,23277000,25.16,27.36,22.95,0.1492,0.0649,8.1,3.6,55.37,0,0,0.2218,0.5127,0.0317,2.05,3.52,2.0264
1996-11-02,53494673,83585426,1.5625,1599369000,1201120000,1015198000,518602000,584171000,0,0,0,456368000,616511000,-3019000,-3019000,-0.05,None,0,-148479000,8996000,153167000,13684000,36825000,24108000,24.68,28.31,21.05,0.0705,0.0308,6.99,3.51,39.76,0,0,0.7812,0.3653,0.0168,1.83,-2.06,2.3161
1996-08-03,53336802,83338753,1.5625,1286217000,889716000,699895000,323319000,586322000,0,0,0,334042000,551403000,-8577000,-8577000,-0.16,None,0,-42916000,-247963000,60001000,-230878000,23141000,34854000,22.56,25.92,19.2,0.1108,0.0527,7.04,4.72,26.91,0,0,0.5697,0.4558,0.0266,1.98,-0.93,2.7518
1996-05-04,53298704,83279225,1.5625,957179000,754892000,559306000,187900000,397873000,0,0,0,345000000,343229000,3606000,3606000,0.07,None,0,-58599000,-10867000,310486000,241020000,39504000,11375000,18.52,23.77,13.28,0.1768,0.0879,4.78,3.57,22.26,0,0,0.8671,0.4157,0.0416,2.11,-0.84,4.0175
1996-02-03,48044742,75069909,1.5625,639815000,452016000,250251000,198158000,389564000,0,0,0,25000000,537850000,42513000,42513000,0.85,None,0,160616000,-21112000,-141209000,-1705000,12999000,17080000,14.4,16.4,12.4,0.1844,0.0998,5.19,3.09,18.29,0,0,0.0642,0.6089,0.0426,2.34,1.91,2.2811
1995-10-28,47724118,74568934,1.5625,734425000,558809000,387027000,221374000,347398000,0,0,0,140000000,357538000,10144000,10144000,0.21,None,0,-51119000,-13308000,65341000,914000,14704000,14799000,14.8,16.08,13.52,0.1813,0.0961,4.66,3.27,19.43,0,0,0.403,0.473,0.042,2.29,-0.88,2.5243
1995-07-29,47604888,74382637,1.5625,626322000,455115000,289941000,173924000,336381000,0,0,0,93800000,325114000,8753000,8753000,0.18,None,0,-29329000,-8263000,38519000,927000,13790000,9814000,12.4,14.72,10.08,0.1849,0.0976,4.52,2.84,16.85,0,0,0.2789,0.5371,0.0419,2.33,-0.53,2.6167
1995-04-29,47425848,74102887,1.5625,581469000,412165000,257660000,174955000,323809000,0,0,0,57800000,291797000,2996000,2996000,0.06,None,0,-50813000,-5802000,29122000,-27493000,12863000,6398000,11.88,13.36,10.4,0.1887,None,4.37,2.78,16.28,0,0,0.1785,0.5569,0.042,2.3,-0.77,2.3558
1995-01-28,47255618,73836903,1.5625,551620000,381273000,236386000,170672000,315234000,0,0,0,40000000,453445000,38052000,38052000,0.78,None,0,141831000,-13437000,-104296000,24098000,40356000,6698000,11.24,12.4,10.08,0.1971,None,4.27,2.97,None,0,0,0.1269,0.5715,0.0432,2.29,1.83,2.234
1994-10-29,46823933,73162395,1.5625,612632000,443617000,335674000,190524000,276958000,0,0,0,120000000,310108000,8075000,8075000,0.17,None,0,-7648000,-7063000,19614000,4903000,16258000,9543000,9.72,11.84,7.6,None,None,3.79,2.66,None,0,None,0.4333,0.4521,None,None,-0.23,2.3284
1994-07-30,46770813,73079395,1.5625,565714000,395751000,298108000,166782000,267606000,0,0,0,107900000,272813000,6709000,6709000,0.14,None,0,-41858000,-14491000,63683000,7334000,11355000,12146000,9.2,11.04,7.36,None,None,3.66,2.57,None,0,None,0.4032,0.473,None,None,-0.74,2.3729
1994-04-30,46616953,72838989,1.5625,501843000,340241000,240858000,156091000,260985000,0,0,0,62400000,242278000,2384000,2384000,0.05,None,0,-32667000,-13321000,25136000,-20852000,4021000,13171000,11.76,12.8,10.72,None,None,3.58,3.31,None,0,None,0.2391,0.5201,None,None,-0.63,2.1798
1994-01-29,46583193,72786239,1.5625,468220000,310829000,209685000,136300000,258535000,0,0,0,50000000,None,None,None,None,None,0,None,None,None,None,24873000,0,12.36,14.16,10.56,None,None,3.55,None,None,0,None,0.1934,0.5522,None,None,None,2.2805
