"Quarter end","Shares","Shares split adjusted","Split factor","Assets","Current Assets","Liabilities","Current Liabilities","Shareholders equity","Non-controlling interest","Preferred equity","Goodwill & intangibles","Long-term debt","Revenue","Earnings","Earnings available for common stockholders","EPS basic","EPS diluted","Dividend per share","Cash from operating activities","Cash from investing activities","Cash from financing activities","Cash change during period","Cash at end of period","Capital expenditures","Price","Price high","Price low","ROE","ROA","Book value of equity per share","P/B ratio","P/E ratio","Cumulative dividends per share","Dividend payout ratio","Long-term debt to equity ratio","Equity to assets ratio","Net margin","Asset turnover","Free cash flow per share","Current ratio"
2019-06-29,4430000000,4430000000,1,130759000000,29239000000,55565000000,19705000000,74947000000,247000000,0,35832000000,25089000000,16505000000,4179000000,4179000000,0.94,0.92,0,7587000000,-3288000000,-4586000000,-287000000,2867000000,3554000000,51.23,59.59,42.86,0.2681,0.1529,16.92,3.11,11.56,11.91,0.2815,0.3348,0.5732,0.2805,0.55,0.91,1.4838
2019-03-30,4477000000,4477000000,1,129458000000,29060000000,55522000000,18911000000,73661000000,275000000,0,35978000000,25737000000,16061000000,3974000000,3974000000,0.88,0.87,0.63,4959000000,-2722000000,-2102000000,135000000,3154000000,3321000000,49.69,54.99,44.39,0.284,0.1608,16.45,3,11.07,11.91,0.2702,0.3494,0.569,0.2904,0.55,0.37,1.5367
2018-12-29,4497000000,4497000000,1,127963000000,28787000000,52981000000,16626000000,74563000000,419000000,0,36349000000,25098000000,18657000000,5195000000,5195000000,1.15,1.13,0,6900000000,-1820000000,-5468000000,-388000000,3019000000,3890000000,46.42,50.49,42.36,0.2942,0.1649,16.58,2.96,14.46,11.28,0.2629,0.3366,0.5827,0.2972,0.55,0.67,1.7314
2018-09-29,4564000000,4564000000,1,128242000000,29590000000,56244000000,19574000000,71483000000,515000000,0,36513000000,24823000000,19163000000,6398000000,6398000000,1.4,1.38,0.6,8835000000,-3435000000,-4607000000,793000000,3407000000,3851000000,48.68,53.3,44.06,0.2162,0.1199,15.66,3.2,17.57,11.28,0.3648,0.3473,0.5574,0.2625,0.46,1.09,1.5117
2018-06-30,4611000000,4611000000,1,125972000000,27603000000,55271000000,17571000000,70047000000,654000000,0,36449000000,24632000000,16962000000,5006000000,5006000000,1.08,1.05,0,7413000000,-1193000000,-7160000000,-940000000,2614000000,4530000000,52.45,57.6,47.29,0.1897,0.1053,15.19,3.48,22.8,10.68,0.4023,0.3516,0.5561,0.2426,0.43,0.63,1.5709
2018-03-31,4660000000,4660000000,1,128596000000,31630000000,57630000000,19961000000,70165000000,801000000,0,36701000000,24770000000,16066000000,4454000000,4454000000,0.95,0.93,0.6,6284000000,-4791000000,-1372000000,121000000,3554000000,2910000000,47.91,53.78,42.04,0.1592,0.0885,15.06,3.24,24.2,10.68,0.4821,0.353,0.5456,0.2109,0.42,0.72,1.5846
2017-12-30,4668000000,4668000000,1,123249000000,29500000000,53364000000,17421000000,69019000000,866000000,0,37134000000,25037000000,5602000000,-687000000,-687000000,-0.15,-0.15,-0,7241000000,-5230000000,-7653000000,-5642000000,3433000000,4069000000,42.86,47.64,38.08,0.1394,0.0787,14.79,2.83,14.93,10.08,0.5268,0.3628,0.56,0.1871,0.42,0.68,1.6934
2017-09-30,4680000000,4680000000,1,127088000000,33154000000,55282000000,20689000000,70936000000,870000000,0,37447000000,27498000000,16149000000,4516000000,4516000000,0.96,0.94,0.545,6264000000,-6316000000,-2560000000,-2612000000,9075000000,2979000000,35.69,38.15,33.23,0.2032,0.1159,15.16,2.44,13.62,10.08,0.3652,0.3876,0.5582,0.2231,0.52,0.7,1.6025
2017-07-01,4699000000,4699000000,1,122107000000,40617000000,52608000000,18782000000,68625000000,874000000,0,22969000000,27855000000,14763000000,2808000000,2808000000,0.6,0.58,0,4707000000,-1438000000,3484000000,6753000000,11687000000,2663000000,35.42,37.5,33.34,0.192,0.1098,14.6,2.5,15.33,9.53,0.3911,0.4059,0.562,0.206,0.53,0.43,2.1625
2017-04-01,4709000000,4709000000,1,115648000000,36058000000,47926000000,21305000000,66844000000,878000000,0,23256000000,20678000000,14796000000,2964000000,2964000000,0.63,0.61,0.5325,3898000000,-2778000000,-1746000000,-626000000,4934000000,2067000000,36.55,38.45,34.66,0.1745,0.0996,14.19,2.61,17.24,9.53,0.4426,0.3093,0.578,0.1857,0.54,0.39,1.6925
2016-12-31,4728000000,4728000000,1,113327000000,35508000000,46219000000,20302000000,66226000000,882000000,0,23593000000,20649000000,16374000000,3562000000,3562000000,0.76,0.74,0,8150000000,-3444000000,-3898000000,808000000,5560000000,3530000000,35.86,38.1,33.61,0.1638,0.0936,14.01,2.69,17,9,0.4769,0.3118,0.5844,0.1737,0.54,0.98,1.749
2016-10-01,4739000000,4739000000,1,112217000000,36216000000,49102000000,20093000000,63115000000,0,0,23392000000,24043000000,15778000000,3378000000,3378000000,0.71,0.69,0.52,5758000000,-2683000000,-2208000000,867000000,4752000000,2463000000,35.22,37.75,32.68,0.1681,0.0963,13.32,2.72,17.1,9,0.4746,0.3809,0.5624,0.179,0.54,0.7,1.8024
2016-07-02,4731000000,4731000000,1,109831000000,31188000000,48464000000,18711000000,61367000000,0,0,27813000000,24053000000,13533000000,1330000000,1330000000,0.28,0.27,0,3845000000,-4170000000,1149000000,824000000,3885000000,2286000000,31.31,32.99,29.63,0.1678,0.0969,12.97,2.42,13.38,8.48,0.4675,0.392,0.5587,0.1784,0.54,0.33,1.6668
2016-04-02,4722000000,4722000000,1,105467000000,27397000000,44293000000,17526000000,61174000000,0,0,28082000000,21775000000,13702000000,2046000000,2046000000,0.43,0.42,0.52,4055000000,-15520000000,-782000000,-12247000000,3061000000,1346000000,31.83,35.44,28.22,0.1936,0.1154,12.96,2.46,13.66,8.48,0.4114,0.356,0.58,0.2039,0.57,0.57,1.5632
2015-12-26,4724000000,4724000000,1,103065000000,40356000000,41980000000,15667000000,61085000000,0,0,15265000000,20036000000,14914000000,3613000000,3613000000,0.77,0.73,0,5427000000,2728000000,88000000,8243000000,15308000000,2448000000,32.03,35.3,28.76,0.1979,0.1197,12.93,2.65,13.75,7.96,0.3977,0.328,0.5927,0.2063,0.58,0.63,2.5759
2015-09-26,4719000000,4719000000,1,98552000000,36205000000,41455000000,15080000000,57097000000,0,0,15048000000,20059000000,14465000000,3109000000,3109000000,0.65,0.64,0.48,5735000000,-9167000000,6043000000,2611000000,7065000000,1206000000,28.21,30.56,25.87,0.2034,0.1238,12.1,2.32,12,7.96,0.3961,0.3513,0.5794,0.2079,0.6,0.96,2.4009
2015-06-27,4754000000,4754000000,1,90492000000,26710000000,32797000000,13529000000,57695000000,0,0,15263000000,12116000000,13195000000,2706000000,2706000000,0.57,0.55,0,3440000000,-1295000000,-1945000000,210000000,4454000000,1767000000,32.63,34.46,30.81,0.208,0.1288,12.14,2.82,13.89,7.48,0.3814,0.21,0.6376,0.2113,0.61,0.35,1.9743
2015-03-28,4744000000,4744000000,1,89566000000,26466000000,34642000000,15035000000,54924000000,0,0,14977000000,12112000000,12781000000,1992000000,1992000000,0.42,0.41,0.48,4415000000,-449000000,-2274000000,1683000000,4244000000,2025000000,33.53,37.18,29.89,0.2081,0.1293,11.58,2.84,14.45,7.48,0.3785,0.2205,0.6132,0.2105,0.61,0.5,1.7603
2014-12-27,4736000000,4736000000,1,91956000000,27730000000,36091000000,16019000000,55865000000,0,0,15307000000,12107000000,14721000000,3661000000,3661000000,0.77,0.73,0,5771000000,-1904000000,-4439000000,-582000000,2561000000,2235000000,34.26,37.67,30.85,0.2042,0.1278,11.8,2.95,16.24,7,0.3773,0.2167,0.6075,0.2095,0.61,0.75,1.7311
2014-09-27,4835000000,4835000000,1,90616000000,27509000000,34543000000,14904000000,56073000000,0,0,14935000000,12103000000,14554000000,3317000000,3317000000,0.68,0.66,0.45,5693000000,-986000000,-4607000000,94000000,3143000000,2445000000,33.06,35.33,30.79,0.1842,0.1164,11.6,2.76,16.29,7,0.4139,0.2158,0.6188,0.194,0.6,0.67,1.8457
2014-06-28,4951000000,4951000000,1,91793000000,29006000000,32546000000,12251000000,59247000000,0,0,15318000000,13180000000,13831000000,2796000000,2796000000,0.56,0.55,0,5453000000,-4266000000,-2915000000,-1728000000,3049000000,2828000000,28.37,30.93,25.81,0.1784,0.1124,11.97,2.43,15.17,6.55,0.4346,0.2225,0.6454,0.1911,0.59,0.53,2.3676
2014-03-29,4978000000,4978000000,1,91932000000,30554000000,33894000000,13552000000,58038000000,0,0,15580000000,13172000000,12764000000,1930000000,1930000000,0.39,0.38,0.45,3501000000,-2749000000,-1650000000,-897000000,4777000000,2689000000,25.09,26.67,23.52,0.1685,0.1055,11.66,2.14,13.28,6.55,0.471,0.227,0.6313,0.1797,0.59,0.16,2.2546
2013-12-28,4972000000,4972000000,1,92358000000,32084000000,34102000000,13568000000,58256000000,0,0,15663000000,13165000000,13834000000,2625000000,2625000000,0.54,0.52,0,6038000000,-3921000000,-1322000000,793000000,5674000000,2948000000,24.09,25.7,22.48,0.1759,0.1094,11.72,2.16,13.02,6.1,0.4651,0.226,0.6308,0.1825,0.6,0.62,2.3647
2013-09-28,4971000000,4971000000,1,90551000000,31350000000,35099000000,13875000000,55452000000,0,0,15901000000,13157000000,13483000000,2950000000,2950000000,0.59,0.58,0.45,5731000000,-3323000000,-1306000000,1103000000,4881000000,2868000000,23.09,24.25,21.92,0.1788,0.1101,11.16,2.14,12.48,6.1,0.4728,0.2373,0.6124,0.1808,0.61,0.58,2.2595
2013-06-29,4982000000,4982000000,1,85661000000,29048000000,31821000000,11389000000,53840000000,0,0,15625000000,13150000000,12811000000,2000000000,2000000000,0.4,0.39,0,4722000000,-5512000000,-1132000000,-1920000000,3778000000,2724000000,23.2,25.47,20.94,0.1846,0.1158,10.81,2.25,11.6,5.65,0.4719,0.2442,0.6285,0.1813,0.64,0.4,2.5505
2013-03-30,4971000000,4971000000,1,83083000000,28677000000,31889000000,11798000000,51194000000,0,0,15563000000,13143000000,12580000000,2045000000,2045000000,0.41,0.4,0.45,4285000000,-5317000000,-1738000000,-2780000000,5698000000,2207000000,21.45,22.68,20.23,0.2058,0.1313,10.3,2.07,10.07,5.65,0.4341,0.2567,0.6162,0.1945,0.67,0.42,2.4307
2012-12-29,4946000000,4946000000,1,84351000000,31358000000,33148000000,12898000000,51203000000,0,0,15945000000,13136000000,13477000000,2468000000,2468000000,0.5,0.48,0,6026000000,-5332000000,4267000000,4958000000,8478000000,2754000000,21.1,22.84,19.36,0.2246,0.1453,10.35,2.13,9.21,5.2,0.3955,0.2565,0.607,0.2063,0.7,0.66,2.4312
2012-09-29,4976000000,4976000000,1,74441000000,23014000000,25172000000,11953000000,49269000000,0,0,15844000000,7100000000,13457000000,2972000000,2972000000,0.59,0.58,0.45,5147000000,-4852000000,-2004000000,-1703000000,3520000000,3452000000,24.71,26.88,22.54,0.2495,0.1643,9.9,2.53,10.47,5.2,0.3658,0.1441,0.6619,0.2213,0.74,0.34,1.9254
2012-06-30,5003000000,5003000000,1,72352000000,25785000000,23573000000,10538000000,48779000000,0,0,15416000000,7093000000,13501000000,2827000000,2827000000,0.56,0.54,0,4739000000,-1765000000,-2176000000,794000000,5223000000,2662000000,27.11,29.18,25.04,0.2643,0.1734,9.75,2.92,11.49,4.75,0.3431,0.1454,0.6742,0.2273,0.76,0.42,2.4469
2012-03-31,5031000000,5031000000,1,71817000000,25421000000,25057000000,11941000000,46760000000,0,0,15452000000,7088000000,12906000000,2738000000,2738000000,0.55,0.53,0.42,2972000000,-2111000000,-1495000000,-636000000,4429000000,2974000000,26.37,28.19,24.54,0.2671,0.1791,9.29,2.87,11.03,4.75,0.3396,0.1516,0.6511,0.2316,0.77,-0,2.1289
2011-12-31,4996000000,4996000000,1,71119000000,25872000000,25208000000,12028000000,45911000000,0,0,15521000000,7084000000,13887000000,3360000000,3360000000,0.65,0.64,0,6630000000,-4767000000,-3850000000,-1992000000,5065000000,2844000000,23.14,25.66,20.62,0.2752,0.1894,9.19,2.55,10.06,4.33,0.3137,0.1543,0.6456,0.2397,0.79,0.76,2.151
2011-10-01,5092000000,5092000000,1,70551000000,26698000000,24434000000,11909000000,46117000000,0,0,15583000000,7076000000,14233000000,3468000000,3468000000,0.67,0.65,0.42,6349000000,-4107000000,183000000,2422000000,7057000000,2713000000,21.21,23.23,19.19,0.2664,0.1924,9.06,2.29,9.77,4.33,0.3181,0.1534,0.6537,0.2475,0.78,0.71,2.2418
2011-07-02,5251000000,5251000000,1,66089000000,23102000000,17366000000,10354000000,48723000000,0,0,15841000000,2090000000,13032000000,2954000000,2954000000,0.56,0.54,0,3971000000,-783000000,-2745000000,447000000,4635000000,2484000000,21.68,23.88,19.49,0.2536,0.1918,9.28,2.43,10.13,3.91,0.3003,0.0429,0.7372,0.2529,0.76,0.28,2.2312
2011-04-02,5302000000,5302000000,1,65552000000,22795000000,18203000000,11565000000,47349000000,0,0,15941000000,2083000000,12847000000,3160000000,3160000000,0.58,0.56,0.3624,4013000000,-644000000,-4688000000,-1310000000,4188000000,2723000000,20.93,22.14,19.72,0.256,0.1973,8.93,2.32,10.41,3.91,0.302,0.044,0.7223,0.2638,0.75,0.24,1.971
2010-12-25,5488000000,5488000000,1,63186000000,31611000000,13756000000,9327000000,49430000000,0,0,5391000000,2077000000,11457000000,3180000000,3180000000,0.57,0.55,0,5550000000,-2972000000,-2597000000,-19000000,5498000000,1869000000,20.42,22.07,18.77,0.2467,0.1933,9.01,2.39,11.04,3.55,0.3062,0.042,0.7823,0.2628,0.74,0.67,3.3892
2010-09-25,5578000000,5578000000,1,60588000000,29499000000,12892000000,8837000000,47696000000,0,0,5250000000,2073000000,11102000000,2955000000,2955000000,0.53,0.52,0.315,3577000000,-2925000000,-649000000,3000000,5517000000,1362000000,19.94,22.28,17.6,0.2373,0.1861,8.55,2.42,12.01,3.55,0.4054,0.0435,0.7872,0.2472,0.75,0.4,3.3381
2010-06-26,5568000000,5568000000,1,57691000000,26464000000,11850000000,7937000000,45841000000,0,0,5263000000,2058000000,10765000000,2887000000,2887000000,0.52,0.51,0,3486000000,-1970000000,-990000000,526000000,5514000000,1048000000,22.05,24.37,19.74,0.2234,0.1741,8.23,2.86,20.42,3.23,0.4301,0.0449,0.7946,0.2308,0.75,0.44,3.3343
2010-03-27,5564000000,5564000000,1,55773000000,23724000000,12873000000,8912000000,42900000000,0,0,4452000000,2052000000,10299000000,2442000000,2442000000,0.44,0.43,0.315,4079000000,-2672000000,-406000000,1001000000,4988000000,928000000,20.85,22.75,18.95,0.152,0.1184,7.71,2.76,27.43,3.23,0.6587,0.0478,0.7692,0.1615,0.73,0.57,2.662
2009-12-26,5524000000,5524000000,1,53095000000,21157000000,11391000000,7591000000,41704000000,0,0,4421000000,2049000000,10569000000,2282000000,2282000000,0.41,0.39,0.14,3405000000,-2769000000,-758000000,-122000000,3987000000,1081000000,19.66,20.83,18.5,0.11,0.0867,7.55,2.78,47.95,2.92,0.7099,0.0491,0.7855,0.1244,0.7,0.42,2.7871
2009-09-26,5522000000,5522000000,1,50996000000,19247000000,11963000000,7749000000,39033000000,0,0,4421000000,2201000000,9389000000,1856000000,1856000000,0.34,0.33,0.28,4003000000,-3380000000,-340000000,283000000,4109000000,944000000,18.13,20.32,15.94,0.0594,0.0466,7.07,2.6,42.16,2.78,1.3385,0.0564,0.7654,0.0708,0.66,0.55,2.4838
2009-06-27,5598000000,5598000000,1,49061000000,18467000000,10014000000,7079000000,39047000000,0,0,3932000000,1174000000,8024000000,-398000000,-398000000,-0.07,-0.07,0,3384000000,-2225000000,-869000000,290000000,3826000000,981000000,15.69,16.66,14.72,0.0635,0.0493,6.98,2.24,20.12,2.5,0.9436,0.0301,0.7959,0.0738,0.67,0.43,2.6087
2009-03-28,5585000000,5585000000,1,48454000000,18142000000,9390000000,6341000000,39064000000,0,0,3932000000,1170000000,7145000000,629000000,629000000,0.11,0.11,0.14,378000000,409000000,-601000000,186000000,3536000000,1509000000,13.95,15.82,12.08,0.1138,0.0877,6.99,1.98,15.16,2.5,0.6982,0.03,0.8062,0.1277,0.69,-0.2,2.8611
2008-12-27,5562000000,5562000000,1,50715000000,19871000000,11627000000,7818000000,39088000000,0,0,3932000000,1886000000,8226000000,234000000,234000000,0.04,0.04,0.14,2596000000,-1989000000,-961000000,-354000000,3350000000,1765000000,15.48,18.73,12.23,0.1331,0.1012,7.03,2.21,12.29,2.36,0.5816,0.0483,0.7707,0.1408,0.72,0.15,2.5417
2008-09-27,5562000000,5562000000,1,52719000000,21423000000,13808000000,10068000000,38911000000,0,0,3924000000,1889000000,10217000000,2014000000,2014000000,0.36,0.35,0.14,3287000000,-1332000000,-2330000000,-375000000,3704000000,1374000000,21.51,24.52,18.5,0.1802,0.1369,7,3,17.78,2.22,0.4005,0.0485,0.7381,0.1829,0.75,0.34,2.1278
2008-06-28,5622000000,5622000000,1,52392000000,19778000000,12031000000,8032000000,40361000000,0,0,3915000000,1892000000,9470000000,1601000000,1601000000,0.28,0.28,0.14,2828000000,-1623000000,-3009000000,-1804000000,4079000000,1151000000,22.84,25,20.69,0.1726,0.1325,7.18,3.22,19.86,2.08,0.3961,0.0469,0.7704,0.1779,0.75,0.3,2.4624
2008-03-29,5728000000,5728000000,1,53387000000,22064000000,12727000000,8668000000,40660000000,0,0,3916000000,1990000000,9673000000,1443000000,1443000000,0.25,0.25,0.128,2215000000,-921000000,-2718000000,-1424000000,5883000000,907000000,22.64,26.66,18.63,0.1654,0.1278,7.1,3.06,19.19,1.94,0.3958,0.0489,0.7616,0.1732,0.74,0.23,2.5455
2007-12-29,5788000000,5788000000,1,55651000000,23885000000,12889000000,8571000000,42762000000,0,0,3916000000,1980000000,10712000000,2271000000,2271000000,0.39,0.38,0.11,4772000000,-2162000000,-1147000000,1463000000,7307000000,1273000000,26.18,27.98,24.37,0.1734,0.1343,7.39,3.74,24.7,1.81,0.3734,0.0463,0.7684,0.182,0.74,0.6,2.7867
2007-09-29,5847000000,5847000000,1,53039000000,21426000000,12137000000,7763000000,40902000000,0,0,3917000000,1853000000,10090000000,1791000000,1791000000,0.31,0.3,0.1125,3884000000,-2168000000,-581000000,1135000000,5844000000,1088000000,24.71,26.33,23.1,0.1603,0.1238,7,3.63,25.21,1.7,0.4101,0.0453,0.7712,0.1663,0.74,0.48,2.76
2007-06-30,5840000000,5840000000,1,50294000000,19648000000,10596000000,6464000000,39698000000,0,0,3861000000,1848000000,8680000000,1278000000,1278000000,0.22,0.22,0.1125,2417000000,-2380000000,200000000,237000000,4709000000,1278000000,21.71,24.29,19.13,0.1535,0.1177,6.8,3.36,23.86,1.59,0.4311,0.0466,0.7893,0.1589,0.74,0.2,3.0396
2007-03-31,5810000000,5810000000,1,48756000000,17694000000,11230000000,6626000000,37526000000,0,0,3861000000,1848000000,8852000000,1636000000,1636000000,0.28,0.28,0.1125,1552000000,-3216000000,-462000000,-2126000000,4472000000,1361000000,20.58,22.3,18.86,0.1478,0.112,6.46,3.23,23.93,1.48,0.4478,0.0492,0.7697,0.1508,0.74,0.03,2.6704
2006-12-30,5767000000,5767000000,1,48368000000,18280000000,11616000000,8514000000,36752000000,0,0,3861000000,1848000000,9694000000,1501000000,1501000000,0.26,0.26,0.1,4202000000,-1633000000,-440000000,2129000000,6598000000,1116000000,21.2,22.33,20.08,0.1432,0.107,6.37,3.49,21.2,1.36,0.4583,0.0503,0.7598,0.1426,0.75,0.54,2.1471
2006-09-30,5766000000,5766000000,1,46855000000,17604000000,11838000000,9057000000,35017000000,0,0,3861000000,2060000000,8739000000,1301000000,1301000000,0.23,0.22,0.1,2790000000,-289000000,-1468000000,1033000000,4469000000,1167000000,18.94,20.77,17.1,0.1709,0.1273,6.07,3.14,17.22,1.26,0.3679,0.0588,0.7473,0.1671,0.76,0.28,1.9437
2006-07-01,5768000000,5768000000,1,46088000000,16755000000,11292000000,8422000000,34796000000,0,0,3871000000,2054000000,8009000000,885000000,885000000,0.15,0.15,0.1,1532000000,-688000000,-1356000000,-512000000,3436000000,1738000000,18.48,20.11,16.86,0.1884,0.1416,6.03,3.13,14.44,1.16,0.3156,0.059,0.755,0.1803,0.79,-0.04,1.9894
2006-04-01,5817000000,5817000000,1,47194000000,18027000000,12836000000,9843000000,34358000000,0,0,3873000000,2040000000,8940000000,1357000000,1357000000,0.23,0.23,0.1,2096000000,-2297000000,-3175000000,-3376000000,3948000000,1758000000,22.96,26.47,19.46,0.2166,0.1657,5.91,3.73,16.4,1.06,0.2578,0.0594,0.728,0.2046,0.81,0.06,1.8315
2005-12-31,5883000000,5883000000,1,48314000000,21194000000,12132000000,9234000000,36182000000,0,0,3873000000,2106000000,10201000000,2453000000,2453000000,0.41,0.4,0.08,3729000000,-3572000000,-1690000000,-1533000000,7324000000,1359000000,25.04,27.43,22.65,0.2339,0.1826,6.15,4.12,18.83,0.96,0.2233,0.0582,0.7489,0.2231,0.82,0.4,2.2952
2005-10-01,6029000000,6029000000,1,47360000000,21724000000,10684000000,9499000000,36676000000,0,0,3814000000,432000000,9960000000,1995000000,1995000000,0.33,0.32,0.08,4366000000,-1789000000,-2695000000,-118000000,8857000000,1282000000,26.27,28.71,23.83,0.2214,0.1758,6.08,4.26,20.05,0.88,0.2055,0.0118,0.7744,0.218,0.81,0.51,2.287
2005-07-02,6093000000,6093000000,1,46513000000,22190000000,8899000000,7780000000,37614000000,0,0,3805000000,430000000,9231000000,2038000000,2038000000,0.33,0.33,0.08,2972000000,-670000000,-2606000000,-304000000,8975000000,1389000000,24.91,27.7,22.12,0.2168,0.1736,6.17,4.08,19.93,0.8,0.1799,0.0114,0.8087,0.2245,0.77,0.26,2.8522
2005-04-02,6173000000,6173000000,1,47566000000,23478000000,9855000000,8573000000,37711000000,0,0,3716000000,464000000,9434000000,2178000000,2178000000,0.35,0.35,0.08,3756000000,-331000000,-2553000000,872000000,9279000000,1788000000,23.55,25.11,21.99,0.2081,0.1658,6.11,3.8,20.3,0.72,0.1573,0.0123,0.7928,0.224,0.74,0.32,2.7386
2004-12-25,6227000000,6227000000,1,48143000000,24058000000,9564000000,8006000000,38579000000,0,0,3719000000,703000000,9598000000,2123000000,2123000000,0.33,0.33,0.04,4115000000,-60000000,-2181000000,1874000000,8407000000,1031000000,22.24,24.8,19.68,0.1959,0.1568,6.2,3.68,19.34,0.64,0.1354,0.0182,0.8013,0.2197,0.71,0.5,3.005
2004-09-25,6323000000,6323000000,1,47800000000,23990000000,9605000000,7810000000,38195000000,0,0,3734000000,882000000,8471000000,1906000000,1906000000,0.3,0.3,0.04,3170000000,-1276000000,-2514000000,-620000000,6533000000,1106000000,23.66,27.6,19.72,0.1981,0.1587,6.04,3.93,21.51,0.6,0.1187,0.0231,0.7991,0.2269,0.7,0.33,3.0717
2004-06-26,6415000000,6415000000,1,48672000000,24758000000,10079000000,7538000000,38593000000,0,0,3730000000,898000000,8049000000,1757000000,1757000000,0.27,0.27,0.04,4065000000,-2767000000,-1684000000,-386000000,7153000000,1026000000,27.36,28.99,25.73,0.1927,0.1541,6.02,4.65,28.21,0.56,0.106,0.0233,0.7929,0.2237,0.69,0.47,3.2844
2004-03-27,6468000000,6468000000,1,47088000000,23091000000,8978000000,6416000000,38110000000,0,0,3705000000,927000000,8091000000,1730000000,1730000000,0.27,0.26,0.04,1769000000,-929000000,-1272000000,-432000000,7539000000,680000000,30.2,34.24,26.16,0.1735,0.1391,5.89,5.17,35.53,0.52,0.1006,0.0243,0.8093,0.2051,0.68,0.17,3.599
2003-12-27,6484000000,6484000000,1,47143000000,22882000000,9297000000,6879000000,37846000000,0,0,3705000000,936000000,8741000000,2173000000,2173000000,0.33,0.32,0.02,3968000000,-3442000000,-1961000000,-1435000000,7971000000,707000000,30.82,34.12,27.52,0.1544,0.1237,5.84,5.39,45.32,0.48,0.0924,0.0247,0.8028,0.1872,0.66,0.5,3.3264
2003-09-27,6532000000,6532000000,1,47003000000,22338000000,9642000000,7269000000,37361000000,0,0,4317000000,882000000,7833000000,1657000000,1657000000,0.25,0.25,0.02,3188000000,-2369000000,205000000,1024000000,9406000000,1072000000,24.99,29.18,20.81,0.1257,0.1007,5.72,4.59,47.15,0.46,0.1157,0.0236,0.7949,0.1582,0.64,0.32,3.073
2003-06-28,6510000000,6510000000,1,44465000000,20102000000,8975000000,6699000000,35490000000,0,0,4314000000,914000000,6816000000,896000000,896000000,0.14,0.14,0.02,2649000000,-352000000,-1049000000,1248000000,8382000000,923000000,19.21,22.14,16.28,0.1001,0.0805,5.45,3.54,41.76,0.44,0.1478,0.0258,0.7982,0.1302,0.62,0.27,3.0007
2003-03-29,6534000000,6534000000,1,43806000000,19076000000,8405000000,6279000000,35401000000,0,0,4328000000,829000000,6751000000,915000000,915000000,0.14,0.14,0.02,1710000000,-927000000,-1053000000,-270000000,7134000000,954000000,16.98,18.9,15.05,0.0874,0.0707,5.42,3.13,36.91,0.42,0.1703,0.0234,0.8081,0.1158,0.61,0.12,3.0381
2002-12-28,6544000000,6544000000,1,44224000000,18925000000,8756000000,6595000000,35468000000,0,0,4330000000,929000000,7160000000,1049000000,1049000000,0.16,0.15,0.02,3521000000,-1807000000,-988000000,726000000,7404000000,1203000000,17.14,21.05,13.22,0.0877,0.0709,5.42,3.22,45.11,0.4,0.1702,0.0262,0.802,0.1165,0.61,0.35,2.8696
2002-09-28,6625000000,6625000000,1,43636000000,18045000000,8329000000,6281000000,35307000000,0,0,4334000000,1000000000,6504000000,686000000,686000000,0.1,0.1,0.02,2391000000,-702000000,-1079000000,610000000,6678000000,955000000,16.86,19.59,14.13,0.0722,0.0585,5.33,3.16,56.2,0.38,0.2075,0.0283,0.8091,0.0967,0.6,0.22,2.873
2002-06-29,6665000000,6665000000,1,43498000000,17201000000,7918000000,5748000000,35580000000,0,0,4338000000,1081000000,6319000000,446000000,446000000,0.07,0.07,0.02,1689000000,-1135000000,-1010000000,-456000000,6068000000,1115000000,24.73,31.2,18.27,0.0557,0.0451,5.34,4.61,95.12,0.36,0.2687,0.0304,0.818,0.0748,0.6,0.09,2.9925
2002-03-30,6686000000,6686000000,1,44389000000,17489000000,8529000000,6605000000,35860000000,0,0,4338000000,1064000000,6781000000,936000000,936000000,0.14,0.14,0.02,1528000000,-2121000000,-853000000,-1446000000,6524000000,1430000000,32.17,35.79,28.55,0.0483,0.039,5.36,6.01,169.32,0.34,0.308,0.0297,0.8079,0.0654,0.6,0.01,2.6478
2001-12-29,6703000000,6703000000,1,44395000000,17633000000,8565000000,6570000000,35830000000,0,0,5127000000,1050000000,6983000000,504000000,504000000,0.07,0.07,0.02,3295000000,706000000,-895000000,3106000000,7970000000,1136000000,27.07,34.61,19.54,0.0355,0.0286,5.35,5.06,62.95,0.32,0.4162,0.0293,0.8071,0.0486,0.59,0.32,2.6839
2001-09-29,6712000000,6712000000,1,44231000000,16867000000,8329000000,6193000000,35902000000,0,0,5602000000,972000000,6545000000,106000000,106000000,0.02,0.02,0.02,2059000000,593000000,-993000000,1659000000,4864000000,1365000000,25.7,32.11,19.3,0.0812,0.0648,5.35,4.71,33.38,0.3,0.1804,0.0271,0.8117,0.1055,0.61,0.1,2.7236
2001-06-30,6728000000,6728000000,1,45624000000,17305000000,8886000000,6813000000,36738000000,0,0,6277000000,928000000,6334000000,196000000,196000000,0.03,0.03,0.02,2119000000,-948000000,-827000000,344000000,3205000000,2144000000,27.56,32.49,22.63,0.1448,0.114,5.46,5.02,23.16,0.28,0.0999,0.0253,0.8052,0.1768,0.64,-0,2.54
2001-03-31,6725000000,6725000000,1,46249000000,18739000000,9331000000,7387000000,36918000000,0,0,6071000000,704000000,6677000000,485000000,485000000,0.07,0.07,0.02,1181000000,-546000000,-750000000,-115000000,2861000000,2664000000,31.22,37.81,24.63,0.2241,0.1737,5.49,5.62,20.74,0.26,0.0606,0.0191,0.7982,0.2568,0.68,-0.22,2.5368
2000-12-30,6718000000,6718000000,1,47945000000,21150000000,10623000000,8650000000,37322000000,0,0,5941000000,707000000,8702000000,2193000000,2193000000,0.33,0.31,0.02,3378000000,-5858000000,-978000000,-3458000000,2976000000,2423000000,38.38,46.69,30.06,0.2852,0.218,5.56,6.85,25.59,0.24,0.0446,0.0189,0.7784,0.3124,0.7,0.14,2.4451
2000-09-30,6730000000,6730000000,1,49013000000,21510000000,11308000000,8525000000,37705000000,0,0,6163000000,610000000,8731000000,2509000000,2509000000,0.37,0.36,0.02,3012000000,-2942000000,-944000000,-874000000,6434000000,1925000000,58.22,74.88,41.56,0.2924,0.2209,5.6,10.68,43.13,0.22,0.0417,0.0162,0.7693,0.3144,0.7,0.16,2.5232
2000-07-01,6714000000,6714000000,1,48520000000,20550000000,11900000000,8336000000,36620000000,0,0,6240000000,870000000,8300000000,3137000000,3137000000,0.47,0.45,0.015,3156000000,-1135000000,-917000000,1104000000,7308000000,1252000000,61.27,69.5,53.03,0.2796,0.2099,5.45,11.37,53.05,0.2,0.0427,0.0238,0.7547,0.2953,0.71,0.28,2.4652
2000-04-01,3349000000,6698000000,2,47811000000,17408000000,11708000000,7090000000,36103000000,0,0,5978000000,868000000,7993000000,2696000000,2696000000,0.81,0.77,0.03,3281000000,-100000000,-672000000,2509000000,6204000000,1074000000,55.7,72.03,39.38,0.2599,0.1961,5.39,11.44,52.8,0.19,0.05,0.024,0.7551,0.2646,0.74,0.33,2.4553
1999-12-25,3342000000,6684000000,2,43849000000,17819000000,11314000000,7099000000,32535000000,0,0,4934000000,955000000,8212000000,2108000000,2108000000,0.63,0.61,0.03,3425000000,-2445000000,-797000000,183000000,3695000000,980000000,37.06,41.56,32.56,0.2614,0.1968,4.87,8.48,35.3,0.17,0.0546,0.0294,0.742,0.2489,0.79,0.37,2.5101
1999-09-25,3341000000,6682000000,2,38938000000,17916000000,9756000000,6389000000,29182000000,0,0,3114000000,884000000,7328000000,1458000000,1458000000,0.44,0.42,0.03,3735000000,-3067000000,-755000000,-87000000,3512000000,982000000,36.58,44.66,28.5,0.283,0.2133,4.37,9.5,34.43,0.16,0.0503,0.0303,0.7494,0.2525,0.84,0.41,2.8042
1999-06-26,3308000000,6616000000,2,32801000000,16473000000,7329000000,5117000000,25472000000,0,0,0,666000000,6746000000,1749000000,1749000000,0.53,0.51,0.03,1442000000,1223000000,-1569000000,1096000000,3599000000,766000000,29.14,33.03,25.25,0.3091,0.2326,3.85,7.81,29.96,0.14,0.0428,0.0261,0.7766,0.2614,0.89,0.1,3.2193
1999-03-27,3318000000,6636000000,2,33093000000,16449000000,8367000000,6216000000,24726000000,0,0,0,699000000,7103000000,1999000000,1999000000,0.6,0.57,0.03,2733000000,-1161000000,-1107000000,465000000,2503000000,675000000,31.34,35.24,27.45,0.2966,0.2221,3.73,8.9,36.13,0.13,0.0392,0.0283,0.7472,0.2482,0.89,0.31,2.6462
1998-12-26,3324700000,6649400000,2,31471000000,13475000000,8094000000,5804000000,23377000000,0,0,0,702000000,7614000000,2064000000,2064000000,0.62,0.6,0.02,3730000000,-3168000000,-1424000000,-862000000,2038000000,629000000,25.43,31.25,19.61,0.2743,0.2031,3.52,7.78,26.91,0.11,0.0359,0.03,0.7428,0.231,0.88,0.47,2.3217
1998-09-26,1667000000,6668000000,4,29388000000,14713000000,7589000000,5256000000,21799000000,0,0,0,583000000,6731000000,1559000000,1559000000,0.93,0.89,0.03,2988000000,-421000000,-1554000000,1013000000,2900000000,722000000,20.33,22.86,17.8,0.2723,0.1966,3.27,6.29,21.57,0.1,0.0348,0.0267,0.7418,0.2284,0.86,0.34,2.7993
1998-06-27,1680000000,6720000000,4,28418000000,13368000000,6685000000,4254000000,21733000000,0,0,0,472000000,5927000000,1172000000,1172000000,0.69,0.66,0.03,404000000,-1785000000,-1805000000,-3186000000,1887000000,1077000000,18.84,21.2,16.48,0.2792,0.2009,3.23,5.92,18.7,0.1,0.0346,0.0217,0.7648,0.2343,0.86,-0.1,3.1425
1998-03-28,1696000000,6784000000,4,30229000000,16272000000,8644000000,5854000000,21585000000,0,0,0,441000000,6001000000,1273000000,1273000000,0.78,0.72,0.03,2069000000,-1132000000,34000000,971000000,5073000000,1129000000,20.56,23.55,17.57,0.3188,0.2238,3.18,6.92,18.65,0.09,0.0304,0.0204,0.714,0.2532,0.88,0.14,2.7796
1997-12-27,1626800000,6507200000,4,28880000000,15867000000,9585000000,6020000000,19295000000,0,0,0,448000000,6507000000,1743000000,1743000000,1.51,None,0.03,3475000000,-3534000000,-824000000,-883000000,4102000000,1584000000,20.56,23.84,17.28,0.3767,0.2613,2.97,6.74,20.74,0.08,0.0259,0.0232,0.6681,0.277,0.94,0.29,2.6357
1997-09-27,1636000000,6544000000,4,27201000000,15140000000,7255000000,5164000000,19946000000,0,0,0,386000000,6155000000,1574000000,1574000000,0.88,None,0.03,2400000000,-1327000000,-90000000,983000000,4985000000,1159000000,21.26,25.13,17.39,0.3988,0.2811,3.05,7.99,22.23,0.07,0.0241,0.0194,0.7333,0.2844,0.99,0.19,2.9318
1997-06-28,1633000000,6532000000,4,25147000000,14189000000,7741000000,4635000000,17406000000,0,0,0,468000000,5960000000,1645000000,1645000000,0.92,None,0.025,1911000000,-313000000,-1420000000,178000000,4002000000,969000000,18.74,21.16,16.32,0.413,0.2883,2.66,7.18,21.48,0.07,0.0239,0.0269,0.6922,0.2855,1.01,0.14,3.0613
1997-03-29,819000000,6552000000,8,25102000000,14581000000,7994000000,5501000000,17108000000,0,0,0,481000000,6448000000,1983000000,1983000000,2.2,None,0.05,2222000000,-1685000000,-878000000,-341000000,3824000000,789000000,18.45,20.59,16.3,0.3977,0.2801,2.61,7.15,25.45,0.06,0.0249,0.0281,0.6815,0.2757,1.02,0.22,2.6506
1996-12-28,817500000,6540000000,8,23735000000,13684000000,6863000000,4863000000,16872000000,0,0,0,728000000,6440000000,1910000000,1910000000,2.13,None,0.05,3257000000,-2262000000,-343000000,652000000,4165000000,790000000,14.56,17.19,11.93,0.3519,0.2506,2.58,6.39,25.1,0.05,0.0287,0.0431,0.7108,0.2474,1.01,0.38,2.8139
1996-09-28,820600000,6564800000,8,21072000000,11215000000,6108000000,4006000000,14964000000,0,0,0,702000000,5142000000,1312000000,1312000000,1.48,None,0.05,1664000000,-900000000,-60000000,704000000,3513000000,630000000,10.4,12.17,8.63,0.3054,0.2163,2.28,4.93,19.76,0.05,0.034,0.0469,0.7101,0.2167,1,0.16,2.7996
1996-06-29,824300000,6594400000,8,19300000000,9625000000,5416000000,3513000000,13884000000,0,0,0,399000000,4621000000,1041000000,1041000000,1.17,None,0.04,2237000000,-1089000000,-294000000,854000000,2809000000,772000000,8.36,9.61,7.11,0.2983,0.2073,2.11,4.27,16.6,0.04,0.0352,0.0287,0.7194,0.2072,1,0.22,2.7398
1996-03-30,822400000,6579200000,8,18219000000,8632000000,5318000000,3510000000,12901000000,0,0,0,398000000,4644000000,894000000,894000000,1.02,None,0.04,1585000000,-1017000000,-76000000,492000000,1955000000,832000000,6.94,7.63,6.25,0.305,0.2094,1.96,3.75,13.78,0.04,0.0345,0.0309,0.7081,0.2065,1.01,0.11,2.4593
1995-12-30,821200000,6569600000,8,17504000000,8097000000,5364000000,3619000000,12140000000,0,0,0,400000000,4580000000,867000000,867000000,0.97,None,0.04,1806000000,-1024000000,-646000000,136000000,1463000000,980000000,8.1,9.11,7.09,0.3246,0.2198,1.85,4.79,18.57,0.03,0.0323,0.0329,0.6936,0.2201,1,0.13,2.2374
1995-09-30,821200000,6569600000,8,17002000000,8024000000,5876000000,4162000000,11126000000,0,0,0,401000000,4171000000,931000000,931000000,1.05,None,0.04,662000000,-531000000,173000000,304000000,1327000000,956000000,8.44,9.55,7.33,0.2991,0.2007,1.69,5.21,21.1,0.03,0.0349,0.036,0.6544,0.2068,0.97,-0.04,1.9279
1995-07-01,823500000,6588000000,8,15473000000,7004000000,4806000000,3373000000,10667000000,0,0,0,411000000,3894000000,879000000,879000000,0.99,None,0.03,800000000,-433000000,-634000000,-267000000,1023000000,821000000,6.77,8.2,5.34,0.2871,0.1948,1.62,4.48,18.42,0.02,0.0355,0.0385,0.6894,0.2067,0.94,-0,2.0765
1995-04-01,828200000,6625600000,8,14910000000,6824000000,4903000000,3276000000,10007000000,0,0,0,404000000,3557000000,889000000,889000000,1.02,None,0.03,758000000,-699000000,51000000,110000000,1290000000,793000000,4.75,5.53,3.98,0.2794,None,1.51,3.39,14.5,0.02,0.0372,0.0404,0.6712,0.2062,0.92,-0.01,2.083
1994-12-31,414500000,6632000000,16,13816000000,6167000000,4549000000,3024000000,9267000000,0,0,0,392000000,3228000000,372000000,372000000,0.86,None,0.06,1130000000,-897000000,-239000000,-6000000,1180000000,760000000,3.87,4.13,3.61,0.2631,None,1.4,2.82,None,0.01,0.0399,0.0423,0.6707,0.1986,0.9,0.06,2.0394
1994-10-01,414400000,6630400000,16,13272000000,6055000000,4220000000,2796000000,9052000000,0,0,0,392000000,2863000000,659000000,659000000,1.52,None,0.06,490000000,-503000000,187000000,174000000,1186000000,540000000,3.87,4.2,3.53,None,None,1.37,3.07,None,0.01,None,0.0433,0.682,None,None,-0.01,2.1656
1994-07-02,412700000,6603200000,16,12286000000,5526000000,3958000000,2605000000,8328000000,0,0,0,303000000,2770000000,640000000,640000000,1.46,None,0.05,753000000,-757000000,-406000000,-410000000,1012000000,603000000,4,4.41,3.59,None,None,1.26,3.31,None,0.01,None,0.0364,0.6778,None,None,0.02,2.1213
1994-04-02,419600000,6713600000,16,11926000000,5820000000,3784000000,2361000000,8142000000,0,0,0,429000000,2660000000,617000000,617000000,1.4,None,0.05,608000000,-746000000,-99000000,-237000000,1422000000,538000000,4.17,4.52,3.83,None,None,1.21,3.72,None,0,None,0.0527,0.6827,None,None,0.01,2.4651
1993-12-25,419879840,6718077440,16,11344000000,5802000000,3844000000,2433000000,7500000000,0,0,0,426000000,None,None,None,None,None,0,None,None,None,None,1659000000,0,4.05,4.58,3.52,None,None,1.12,None,None,0,None,0.0568,0.6611,None,None,None,2.3847
