"Quarter end","Shares","Shares split adjusted","Split factor","Assets","Current Assets","Liabilities","Current Liabilities","Shareholders equity","Non-controlling interest","Preferred equity","Goodwill & intangibles","Long-term debt","Revenue","Earnings","Earnings available for common stockholders","EPS basic","EPS diluted","Dividend per share","Cash from operating activities","Cash from investing activities","Cash from financing activities","Cash change during period","Cash at end of period","Capital expenditures","Price","Price high","Price low","ROE","ROA","Book value of equity per share","P/B ratio","P/E ratio","Cumulative dividends per share","Dividend payout ratio","Long-term debt to equity ratio","Equity to assets ratio","Net margin","Asset turnover","Free cash flow per share","Current ratio"
2019-06-29,1085546359,1085546359,1,5102000000,3754000000,3201000000,1804000000,1901000000,0,0,289000000,1031000000,1531000000,35000000,35000000,0.03,0.03,0,30000000,-7000000,-38000000,-15000000,968000000,58000000,30.06,34.3,25.83,0.1257,0.0403,1.75,18.22,125.25,0,0,0.5423,0.3726,0.0325,1.24,-0.03,2.0809
2019-03-30,1081600723,1081600723,1,4931000000,3677000000,3143000000,1764000000,1788000000,0,0,289000000,1024000000,1272000000,16000000,16000000,0.01,0.01,0,-213000000,-173000000,286000000,-100000000,983000000,62000000,22.52,28.11,16.94,0.2151,0.0607,1.65,17.87,72.65,0,0,0.5727,0.3626,0.0446,1.36,-0.25,2.0845
2018-12-29,1005298882,1005298882,1,4556000000,3540000000,3290000000,1984000000,1266000000,0,0,289000000,1114000000,1419000000,38000000,38000000,0.04,0.03,0,70000000,-38000000,0,32000000,1083000000,41000000,23.97,31.91,16.03,0.3383,0.0804,1.26,21.21,72.64,0,0,0.8799,0.2779,0.052,1.54,0.03,1.7843
2018-09-29,999407216,999407216,1,4347000000,3314000000,3222000000,1878000000,1125000000,0,0,289000000,1167000000,1653000000,102000000,102000000,0.1,0.09,0,95000000,-8000000,8000000,95000000,1051000000,33000000,24.44,34.14,14.74,0.4324,0.0914,1.13,27.16,78.84,0,0,1.0373,0.2588,0.0551,1.66,0.06,1.7646
2018-06-30,974872409,974872409,1,4103000000,3099000000,3224000000,1868000000,879000000,0,0,289000000,1170000000,1756000000,116000000,116000000,0.12,0.11,0,-45000000,-78000000,28000000,-95000000,956000000,43000000,13.19,17.34,9.04,0.4829,0.0878,0.9,17.82,73.28,0,0,1.3311,0.2142,0.0504,1.74,-0.09,1.659
2018-03-31,969343988,969343988,1,3763000000,2751000000,3048000000,1697000000,715000000,0,0,289000000,1165000000,1647000000,81000000,81000000,0.08,0.08,0,-86000000,-46000000,-8000000,-140000000,1051000000,46000000,11.82,13.85,9.79,0.3482,0.0553,0.74,18.76,591,0,0,1.6294,0.19,0.0329,1.68,-0.14,1.6211
2017-12-30,969110191,969110191,1,3540000000,2622000000,2929000000,1486000000,611000000,0,0,289000000,1325000000,1480000000,61000000,61000000,0.07,0.05,0,383000000,-43000000,-34000000,306000000,1185000000,44000000,12.05,14.41,9.7,0.0879,0.0125,0.63,22.31,None,0,0,2.1686,0.1726,0.0081,1.55,0.35,1.7645
2017-09-30,964798603,964798603,1,3586000000,2699000000,3066000000,1591000000,520000000,0,0,289000000,1356000000,1643000000,71000000,71000000,0.07,0.07,0,66000000,51000000,2000000,119000000,879000000,34000000,13.75,15.65,11.86,-0.1566,-0.0203,0.54,31.25,None,0,None,2.6077,0.145,None,1.46,0.03,1.6964
2017-07-01,946779039,946779039,1,3370000000,2511000000,2953000000,1449000000,417000000,0,0,289000000,1375000000,1222000000,-16000000,-16000000,-0.02,-0.02,0,-82000000,124000000,-4000000,38000000,760000000,12000000,12.29,14.74,9.85,None,-0.1605,0.44,28.58,None,0,None,3.2974,0.1237,None,1.36,-0.1,1.7329
2017-04-01,945016174,945016174,1,3299000000,2498000000,2890000000,1372000000,409000000,0,0,289000000,1408000000,984000000,-73000000,-73000000,-0.08,-0.08,0,-299000000,-246000000,3000000,-542000000,722000000,23000000,12.48,15.55,9.42,None,-0.1361,0.43,28.36,None,0,None,3.4425,0.124,None,1.31,-0.34,1.8207
2016-12-31,940758118,940758118,1,3321000000,2530000000,2905000000,1346000000,416000000,0,0,289000000,1435000000,1106000000,-51000000,-51000000,-0.06,-0.06,0,188000000,-26000000,-156000000,6000000,1264000000,21000000,9.32,12.42,6.22,None,-0.1502,0.44,22.19,None,0,None,3.4495,0.1253,None,1.29,0.18,1.8796
2016-09-24,926868716,926868716,1,3616000000,2824000000,3231000000,1473000000,385000000,0,0,289000000,1632000000,1307000000,-406000000,-406000000,-0.5,-0.5,0,29000000,-10000000,282000000,301000000,1258000000,9000000,6.33,8,4.65,None,-0.1683,0.42,None,None,0,None,4.239,0.1065,None,1.27,0.02,1.9172
2016-06-25,795557811,795557811,1,3316000000,2506000000,3729000000,1581000000,-413000000,0,0,289000000,2012000000,1027000000,69000000,69000000,0.09,0.08,0,-85000000,329000000,-3000000,241000000,957000000,21000000,4.06,5.52,2.6,None,-0.1073,-0.52,None,None,0,None,None,None,None,1.23,-0.13,1.5851
2016-03-26,793519835,793519835,1,2981000000,2226000000,3484000000,1328000000,-503000000,0,0,278000000,2006000000,832000000,-109000000,-109000000,-0.14,-0.14,0,-42000000,-26000000,-1000000,-69000000,716000000,26000000,2.41,3.06,1.75,None,-0.1855,-0.63,None,None,0,None,None,None,None,1.19,-0.09,1.6762
2015-12-26,793248190,793248190,1,3109000000,2320000000,3521000000,1403000000,-412000000,0,0,278000000,2032000000,958000000,-102000000,-102000000,-0.13,-0.13,0,64000000,-32000000,-2000000,30000000,785000000,32000000,2.33,3,1.65,None,-0.2008,-0.52,None,None,0,None,None,None,None,1.21,0.04,1.6536
2015-09-26,790189438,790189438,1,3229000000,2466000000,3565000000,1449000000,-336000000,0,0,283000000,2030000000,1061000000,-197000000,-197000000,-0.25,-0.25,0,-59000000,-17000000,2000000,-74000000,755000000,25000000,2.12,2.63,1.61,None,-0.2671,-0.43,None,None,0,None,None,None,None,1.24,-0.11,1.7019
2015-06-27,779177660,779177660,1,3381000000,2451000000,3522000000,1399000000,-141000000,0,0,320000000,2034000000,942000000,-181000000,-181000000,-0.23,-0.23,0,-58000000,211000000,-1000000,152000000,829000000,17000000,2.57,2.94,2.2,None,-0.1901,-0.18,128.5,None,0,None,None,None,None,1.25,-0.1,1.752
2015-03-28,778059809,778059809,1,3428000000,2497000000,3411000000,1292000000,17000000,0,0,320000000,2033000000,1030000000,-180000000,-180000000,-0.23,-0.23,0,-173000000,-15000000,60000000,-128000000,677000000,22000000,2.75,3.37,2.14,None,-0.1428,0.02,11.46,None,0,None,119.5882,0.005,None,1.3,-0.25,1.9327
2014-12-27,777300258,777300258,1,3767000000,2736000000,3580000000,1440000000,187000000,0,0,385000000,2035000000,1239000000,-364000000,-364000000,-0.47,-0.47,0,116000000,43000000,6000000,165000000,805000000,22000000,3,3.66,2.35,-0.9296,-0.098,0.24,4.35,50,0,None,10.8824,0.0496,None,1.34,0.12,1.9
2014-09-27,775340409,775340409,1,4325000000,3020000000,3790000000,1566000000,535000000,0,0,622000000,2106000000,1429000000,17000000,17000000,0.02,0.02,0,18000000,119000000,0,137000000,640000000,29000000,4.2,4.8,3.6,0.0956,0.0118,0.69,6.46,42,0,0,3.9364,0.1237,0.0085,1.38,-0.01,1.9285
2014-06-28,765509752,765509752,1,4246000000,2932000000,3745000000,1505000000,501000000,0,0,625000000,2109000000,1441000000,-36000000,-36000000,-0.05,-0.05,0,-28000000,-43000000,20000000,-51000000,503000000,23000000,4.08,4.5,3.65,0.1628,0.019,0.65,6.09,81.6,0,0,4.2096,0.118,0.0138,1.38,-0.07,1.9482
2014-03-29,762041883,762041883,1,4108000000,2690000000,3597000000,1384000000,511000000,0,0,628000000,2078000000,1397000000,-20000000,-20000000,-0.03,-0.03,0,-204000000,-131000000,20000000,-315000000,554000000,21000000,3.94,4.6,3.29,0.0931,0.0103,0.67,5.25,None,0,0,4.0665,0.1244,0.0077,1.35,-0.3,1.9436
2013-12-28,726115663,726115663,1,4337000000,2884000000,3793000000,1618000000,544000000,0,0,631000000,1998000000,1589000000,89000000,89000000,0.12,0.12,0,21000000,296000000,9000000,326000000,869000000,21000000,3.58,4.13,3.04,-0.1895,-0.0203,0.75,5.97,None,0,None,3.6728,0.1254,None,1.3,0,1.7824
2013-09-28,723686830,723686830,1,4317000000,2939000000,3883000000,1762000000,434000000,0,0,635000000,2044000000,1461000000,48000000,48000000,0.06,0.06,0,21000000,186000000,2000000,209000000,543000000,15000000,3.95,4.65,3.25,None,-0.1611,0.6,7.9,None,0,None,4.7097,0.1005,None,1.22,0.01,1.668
2013-06-29,720015466,720015466,1,3897000000,2458000000,3538000000,1451000000,359000000,0,0,640000000,2042000000,1161000000,-74000000,-74000000,-0.1,-0.1,0,-35000000,-74000000,2000000,-107000000,334000000,28000000,3.34,4.42,2.26,None,-0.2085,0.5,5.76,None,0,None,5.688,0.0921,None,1.15,-0.09,1.694
2013-03-30,714485630,714485630,1,3797000000,2338000000,3382000000,1321000000,415000000,0,0,645000000,2039000000,1088000000,-146000000,-146000000,-0.19,-0.19,0,-155000000,47000000,0,-108000000,441000000,20000000,2.6,2.93,2.28,-0.9663,-0.1694,0.58,3.47,None,0,None,4.9133,0.1093,None,1.13,-0.24,1.7699
2012-12-29,714077254,714077254,1,4000000000,2265000000,3462000000,1397000000,538000000,0,0,649000000,2037000000,1155000000,-473000000,-473000000,-0.64,-0.64,0,-286000000,54000000,5000000,-227000000,549000000,22000000,2.61,3.41,1.81,None,-0.2538,0.75,1.88,None,0,None,3.7862,0.1345,None,1.16,-0.43,1.6213
2012-09-29,711947807,711947807,1,4612000000,2815000000,3623000000,1555000000,989000000,0,0,653000000,2035000000,1269000000,-157000000,-157000000,-0.21,-0.21,0,-240000000,-10000000,11000000,-239000000,776000000,32000000,4.6,5.98,3.22,-0.7473,-0.1811,1.39,2.91,None,0,None,2.0576,0.2144,None,1.22,-0.38,1.8103
2012-06-30,707555106,707555106,1,5041000000,3233000000,3924000000,2352000000,1117000000,0,0,658000000,1532000000,1413000000,37000000,37000000,0.05,0.05,0,81000000,-263000000,4000000,-178000000,1015000000,39000000,6.77,8.21,5.32,-0.4601,-0.1252,1.58,4.51,None,0,None,1.3715,0.2216,None,1.26,0.06,1.3746
2012-03-31,701348804,701348804,1,4988000000,3195000000,3936000000,2347000000,1052000000,0,0,662000000,1529000000,1585000000,-590000000,-590000000,-0.8,-0.8,0,107000000,200000000,17000000,324000000,1193000000,40000000,6.85,8.35,5.35,-0.4042,-0.1194,1.5,3,10.38,0,None,1.4534,0.2109,None,1.28,0.1,1.3613
2011-12-31,698485070,698485070,1,4954000000,3229000000,3364000000,1774000000,1590000000,0,0,331000000,1527000000,1691000000,-177000000,-177000000,-0.23,-0.23,0,187000000,97000000,-40000000,244000000,869000000,87000000,5.18,6.05,4.31,0.3006,0.0952,2.28,2.07,3.75,0,0,0.9604,0.321,0.0748,1.27,0.14,1.8202
2011-10-01,696922739,696922739,1,5236000000,3412000000,3492000000,1855000000,1744000000,0,0,334000000,1571000000,1690000000,97000000,97000000,0.13,0.13,0,189000000,34000000,-152000000,71000000,625000000,58000000,6.47,7.87,5.07,0.7005,0.2022,2.5,2.73,5.99,0,0,0.9008,0.3331,0.1598,1.27,0.19,1.8394
2011-07-02,691332302,691332302,1,5224000000,3438000000,3583000000,1312000000,1641000000,0,0,342000000,2195000000,1574000000,61000000,61000000,0.08,0.08,0,174000000,-230000000,8000000,-48000000,554000000,67000000,7.95,9.17,6.72,0.6863,0.1657,2.37,3.5,8.46,0,0,1.3376,0.3141,0.1283,1.29,0.15,2.6204
2011-04-02,687543533,687543533,1,5209000000,3411000000,3651000000,1375000000,1558000000,0,0,351000000,2192000000,1613000000,510000000,510000000,0.71,0.68,0,-168000000,-14000000,178000000,-4000000,602000000,38000000,8.46,9.58,7.34,0.7356,0.1468,2.27,5.72,13.87,0,0,1.4069,0.2991,0.1108,1.32,-0.3,2.4807
2010-12-25,685229616,685229616,1,4964000000,3594000000,3951000000,1674000000,1013000000,0,0,360000000,2188000000,1649000000,375000000,375000000,0.53,0.49,0,-213000000,-103000000,302000000,-14000000,606000000,38000000,7.6,8.43,6.77,0.5934,0.0954,1.48,8.44,4.39,0,0,2.1599,0.2041,0.0725,1.32,-0.37,2.147
2010-09-25,681762518,681762518,1,4595000000,3212000000,3981000000,1665000000,614000000,0,0,371000000,2185000000,1618000000,-118000000,-118000000,-0.17,-0.17,0,-124000000,-321000000,-19000000,-464000000,620000000,31000000,6.89,8.25,5.53,None,0.2134,0.9,6.21,4.01,0,0,3.5586,0.1336,0.1963,1.09,-0.23,1.9291
2010-06-26,674570113,674570113,1,4955000000,3313000000,4203000000,1630000000,752000000,0,0,387000000,2418000000,1653000000,-43000000,-43000000,-0.06,-0.06,0,-98000000,516000000,24000000,442000000,1084000000,31000000,8.77,10.24,7.3,None,0.1794,1.11,7.43,6.8,0,0,3.2154,0.1518,0.2016,0.9,-0.19,2.0325
2010-03-27,673364610,673364610,1,5232000000,3331000000,4436000000,1645000000,796000000,0,0,404000000,2601000000,1574000000,257000000,257000000,0.36,0.35,0,23000000,-1215000000,177000000,-1015000000,642000000,48000000,8.57,10.04,7.1,None,0.1215,1.18,8.93,30.61,0,0,3.2676,0.1521,0.1684,0.73,-0.04,2.0249
2009-12-26,672132143,672132143,1,9078000000,4275000000,7354000000,2210000000,648000000,1076000000,0,421000000,4252000000,1646000000,1177000000,1178000000,1.67,1.61,0,1150000000,-557000000,-783000000,-190000000,1657000000,174000000,7.14,9.95,4.33,None,0.033,0.96,None,None,0,0,6.5617,0.0714,0.0563,0.61,1.45,1.9344
2009-09-26,670299623,670299623,1,8747000000,3918000000,8239000000,2076000000,-569000000,1077000000,0,439000000,5275000000,1396000000,-135000000,-128000000,-0.18,-0.18,0,-142000000,-220000000,230000000,-132000000,1847000000,97000000,4.76,6.3,3.22,None,-0.2703,-0.85,None,None,0,None,None,None,None,0.58,-0.36,1.8873
2009-06-27,667616647,667616647,1,8683000000,3713000000,8063000000,2022000000,-465000000,1085000000,0,456000000,5243000000,1184000000,-335000000,-330000000,-0.49,-0.49,0,-144000000,-317000000,38000000,-423000000,1979000000,112000000,3.97,4.9,3.04,None,-0.264,-0.7,None,None,0,None,None,None,None,0.61,-0.38,1.8363
2009-03-28,667311575,667311575,1,9052000000,3971000000,8126000000,2079000000,-163000000,1089000000,0,473000000,5282000000,1177000000,-414000000,-416000000,-0.66,-0.66,0,-391000000,-179000000,2039000000,1469000000,2402000000,83000000,2.82,3.78,1.86,None,-0.3509,-0.24,None,None,0,None,None,None,None,0.61,-0.71,1.9101
2008-12-27,608726323,608726323,1,7675000000,2379000000,7588000000,2226000000,-82000000,169000000,0,491000000,4702000000,1178000000,-1424000000,-1424000000,-2.34,-2.34,0,-250000000,51000000,24000000,-175000000,933000000,113000000,3.81,6,1.62,None,-0.3252,-0.13,1.73,None,0,None,None,None,None,0.61,-0.6,1.0687
2008-09-27,608486947,608486947,1,9441000000,3297000000,7927000000,2392000000,1339000000,175000000,0,1169000000,4874000000,1776000000,-127000000,-127000000,-0.21,-0.21,0,-216000000,-47000000,61000000,-202000000,1108000000,82000000,5.26,6.47,4.05,None,-0.3283,2.2,2.16,None,0,None,3.64,0.1418,None,0.61,-0.49,1.3783
2008-06-28,607192663,607192663,1,9784000000,3431000000,8121000000,2468000000,1474000000,189000000,0,1198000000,4955000000,1349000000,-1189000000,-1189000000,-1.96,-1.96,0,-242000000,167000000,-19000000,-94000000,1310000000,-184000000,6.79,7.98,5.61,None,-0.3268,2.43,1.56,None,0,None,3.3616,0.1507,None,0.55,-0.1,1.3902
2008-03-29,606597043,606597043,1,11208000000,3513000000,8382000000,2738000000,2637000000,189000000,0,2444000000,5025000000,1505000000,-358000000,-358000000,-0.59,-0.59,0,16000000,-198000000,154000000,-28000000,1404000000,270000000,6.7,8.08,5.31,-0.8791,-0.2556,4.35,1.36,None,0,None,1.9056,0.2353,None,0.51,-0.42,1.2831
2007-12-29,605554534,605554534,1,11550000000,3816000000,8295000000,2625000000,2990000000,265000000,0,2494000000,5031000000,1770000000,-1772000000,-1772000000,-3.08,-3.08,0,61000000,-326000000,601000000,336000000,1432000000,235000000,11.02,14.73,7.3,-0.8049,-0.2681,4.94,1.48,None,0,None,1.6826,0.2589,None,0.48,-0.29,1.4537
2007-09-29,554571779,554571779,1,12934000000,3543000000,8501000000,2702000000,4125000000,308000000,0,4159000000,5117000000,1632000000,-396000000,-396000000,-0.71,-0.71,0,223000000,-231000000,-200000000,-208000000,1096000000,378000000,13.73,16.19,11.27,-0.4454,-0.1677,7.44,1.7,None,0,None,1.2405,0.3189,None,0.46,-0.28,1.3113
2007-06-30,552912405,552912405,1,13224000000,3598000000,8460000000,2476000000,4472000000,292000000,0,4245000000,5318000000,1378000000,-600000000,-600000000,-1.09,-1.09,0,-635000000,-526000000,1474000000,313000000,1304000000,414000000,14.27,15.95,12.6,-0.3224,-0.1391,8.09,1.51,None,0,None,1.1892,0.3382,None,0.48,-1.9,1.4532
2007-03-31,550439260,550439260,1,12712000000,3187000000,7204000000,2911000000,5205000000,303000000,0,4322000000,3659000000,1233000000,-611000000,-611000000,-1.11,-1.11,0,41000000,-592000000,162000000,-389000000,991000000,585000000,16.8,20.63,12.96,-0.1844,-0.0909,9.46,1.61,None,0,None,0.703,0.4095,None,0.52,-0.99,1.0948
2006-12-31,554929028,554929028,1,13147000000,3963000000,7072000000,2852000000,5785000000,290000000,0,4424000000,3672000000,1772853000,-573826000,-573826000,-1.08,-1.08,0,271616000,-3345194000,3069119000,-4459000,1380000000,647841000,22.8,25.69,19.9,-0.0326,-0.0176,10.42,2.49,22.35,0,None,0.6347,0.44,None,0.6,-0.68,1.3896
2006-10-01,548606149,548606149,1,8379244000,3911861000,3094633000,1892211000,5012495000,272116000,0,0,644357000,1327622000,134455000,134455000,0.28,0.27,0,230185000,448121000,17563000,695869000,1384526000,423754000,22.4,27.9,16.9,0.1123,0.0634,9.14,2.24,24.09,0,0,0.1286,0.5982,0.0911,0.7,-0.35,2.0673
2006-07-02,485883038,485883038,1,8061895000,3905532000,2942210000,1754489000,4852590000,267095000,0,0,647109000,1216367000,88847000,88847000,0.18,0.18,0,218850000,-480580000,127256000,-139969000,688657000,454370000,29.77,36.08,23.46,0.112,0.0564,9.99,3.06,38.17,0,0,0.1334,0.6019,0.0814,0.69,-0.48,2.226
2006-03-26,484104863,484104863,1,8052045000,4216853000,3097452000,1948524000,4709921000,244672000,0,0,615874000,1332158000,184524000,184524000,0.4,0.38,0,566349000,-925347000,549062000,195559000,828626000,308035000,36.43,42.7,30.16,0.1059,0.047,9.73,5.23,101.19,0,0,0.1308,0.5849,0.0695,0.68,0.53,2.1641
2005-12-25,480887662,480887662,1,7287779000,3558836000,3700954000,1821961000,3351837000,234988000,0,0,1327065000,1652036000,95587000,95587000,0.22,0.19,0,537279000,-824598000,102807000,-173048000,633067000,326593000,25.43,30.65,20.22,0.0547,0.0213,6.97,3.46,282.56,0,0,0.3959,0.4599,0.0333,0.64,0.44,1.9533
2005-09-25,404068688,404068688,1,8159956000,3462403000,4408659000,2212355000,2974245000,777052000,0,0,1708872000,1263866000,76000000,76000000,0.19,0.18,0,429086000,-388162000,59534000,94894000,806115000,360953000,20.33,24.03,16.63,0.0136,0.0051,7.36,2.84,677.67,0,0,0.5746,0.3645,0.0091,0.55,0.17,1.565
2005-06-26,398357368,398357368,1,7772562000,3248061000,4119713000,1997684000,2846609000,806240000,0,0,1581584000,1037737000,11319000,11319000,0.03,0.03,0,265163000,-387210000,173801000,49237000,711221000,297692000,16.21,18.34,14.08,0.0027,0.001,7.15,2.18,180.11,0,0,0.5556,0.3662,0.0019,0.53,-0.08,1.6259
2005-03-27,394944096,394944096,1,7821774000,3127474000,4098764000,1903474000,2934697000,788313000,0,0,1602046000,1018769000,-17423000,-17423000,-0.04,-0.04,0,251327000,-669612000,158047000,-256393000,661984000,518256000,18.5,22.37,14.63,0.0104,0.0038,7.43,2.42,74,0,0,0.5459,0.3752,0.0071,0.54,-0.68,1.643
2004-12-26,393889539,393889539,1,7844210000,3227997000,3993516000,1846376000,3010053000,840641000,0,0,1598268000,1047640000,-29963000,-29963000,-0.08,-0.08,0,362188000,-543993000,313914000,141789000,918377000,460543000,18.59,24.95,12.22,0.0346,0.0125,7.64,2.65,41.31,0,0,0.531,0.3837,0.0232,0.54,-0.25,1.7483
2004-09-26,367068203,367068203,1,7282439000,3051240000,3911594000,1583926000,2571442000,799403000,0,0,1787017000,988560000,43848000,43848000,0.12,0.12,0,263395000,-351987000,164982000,78338000,776588000,389618000,13.38,16,10.76,0.0659,0.0232,7.01,1.88,55.75,0,0,0.6949,0.3531,0.0452,0.51,-0.34,1.9264
2004-06-27,354927359,354927359,1,7009462000,2877447000,3771400000,1511310000,2519846000,718216000,0,0,1708049000,956288000,32180000,32180000,0.09,0.09,0,254678000,-452077000,-59780000,-259173000,698250000,359804000,15.63,17.6,13.65,0.0368,0.0129,7.1,2.26,None,0,0,0.6778,0.3595,0.0248,0.52,-0.3,1.9039
2004-03-28,353582380,353582380,1,7002955000,2943676000,3835952000,1479036000,2450522000,716481000,0,0,1761002000,931851000,45091000,45091000,0.13,0.12,0,206260000,-207727000,-6316000,-10760000,957423000,195989000,15.55,17.5,13.6,-0.0351,-0.0127,6.93,2.24,None,0,None,0.7186,0.3499,None,0.5,0.03,1.9903
2003-12-28,351825351,351825351,1,7094345000,2900278000,3938395000,1452270000,2438310000,717640000,0,0,1859674000,756653000,43193000,43193000,0.12,0.12,0,388592000,-207372000,-98292000,81107000,968183000,159512000,14.51,18.5,10.52,-0.1172,-0.0449,6.93,2.22,None,0,None,0.7627,0.3437,None,0.5,0.65,1.9971
2003-09-28,348590674,348590674,1,6664365000,2517980000,3670525000,1269039000,2282784000,711056000,0,0,1880859000,953759000,-31231000,-31231000,-0.09,-0.09,0,1000,4191000,308927000,322809000,994935000,99747000,9.56,12.87,6.25,-0.4992,-0.2041,6.55,1.45,None,0,None,0.8239,0.3425,None,0.52,-0.29,1.9842
2003-06-29,346961580,346961580,1,5293907000,1715041000,3010627000,1063993000,2283280000,0,0,0,1587009000,645261000,-140096000,-140096000,-0.4,-0.4,0,-14345000,225944000,47102000,273784000,703176000,102693000,7.2,8.59,5.8,-0.5391,-0.2532,6.58,1.05,None,0,None,0.6951,0.4313,None,0.46,-0.34,1.6119
2003-03-30,345808136,345808136,1,5398802000,1794990000,3036918000,1269882000,2361884000,0,0,0,1767036000,714555000,-146356000,-146356000,-0.42,-0.42,0,-78662000,60420000,9665000,644000,429392000,178425000,6.29,7.79,4.78,-0.4974,-0.2532,6.83,0.88,None,0,None,0.7481,0.4375,None,0.44,-0.74,1.4135
2002-12-29,345686173,345686173,1,5619181000,2019678000,3151916000,1372079000,2467265000,0,0,0,1779837000,686430000,-854740000,-854740000,-2.49,-2.49,0,-98068000,-408591000,378549000,-104641000,428748000,134509000,6.35,9.6,3.1,-0.4094,-0.2235,7.14,0.67,None,0,None,0.7214,0.4391,None,0.46,-0.67,1.472
2002-09-29,343474020,343474020,1,5731482000,2145646000,2490390000,1293859000,3241092000,0,0,0,1196531000,508227000,-254171000,-254171000,-0.74,-0.74,0,-93616000,67881000,55018000,27198000,533389000,192850000,8.04,10.88,5.2,-0.1343,-0.0795,9.44,0.78,None,0,None,0.3692,0.5655,None,0.51,-0.83,1.6583
2002-06-30,342322902,342322902,1,6000742000,2515765000,2488334000,1271836000,3512408000,0,0,0,1141060000,600299000,-184938000,-184938000,-0.54,-0.54,0,-107759000,255590000,37433000,207804000,506191000,170087000,11.63,15.3,7.95,-0.1117,-0.068,10.26,1.13,None,0,None,0.3249,0.5853,None,0.55,-0.81,1.9781
2002-03-31,341457931,341457931,1,5964942000,2659880000,2455339000,1227007000,3509603000,0,0,0,1123671000,902073000,-9163000,-9163000,-0.03,-0.03,0,210533000,-769269000,436440000,-128901000,298387000,199083000,16.62,20.6,12.63,-0.0537,-0.0336,10.28,1.6,None,0,None,0.3202,0.5884,None,0.62,0.03,2.1678
2001-12-30,341243469,341243469,1,5647242000,2353109000,2092187000,1313937000,3555055000,0,0,0,672945000,951873000,-15841000,-15841000,-0.05,-0.05,0,111567000,-87174000,10200000,29865000,427288000,136952000,13.16,18.62,7.69,-0.017,-0.0104,10.42,1.23,32.9,0,None,0.1893,0.6295,None,0.67,-0.07,1.7909
2001-09-30,339827235,339827235,1,5739205000,2399743000,2108417000,1172546000,3630788000,0,0,0,796021000,765870000,-186929000,-186929000,-0.54,-0.54,0,73189000,18555000,-97820000,4923000,397423000,162725000,19,30.2,7.8,0.0384,0.0228,10.68,1.73,8.96,0,0,0.2192,0.6326,0.0324,0.7,-0.26,2.0466
2001-07-01,345550821,345550821,1,5830953000,2550836000,2030648000,1077728000,3800305000,0,0,0,754717000,985264000,17352000,17352000,0.05,0.05,0,-163867000,-465609000,-18886000,-663276000,392500000,215037000,26.69,34.65,18.73,0.2217,0.1267,11,2.57,9.98,0,0,0.1986,0.6517,0.16,0.79,-1.1,2.3669
2001-04-01,315993147,315993147,1,6029405000,2881099000,2752769000,1161733000,3276636000,0,0,0,1392970000,1188747000,124837000,124837000,0.4,0.37,0,146756000,-19293000,338218000,464319000,1055776000,162414000,22.14,30.15,14.13,0.3116,0.166,10.37,2.2,7.69,0,0,0.4251,0.5434,0.1937,0.86,-0.05,2.48
2000-12-31,314747355,314747355,1,5767735000,2657689000,2596068000,1224109000,3171667000,0,0,0,1167973000,1175172000,177968000,177968000,0.57,0.52,0,250505000,-275645000,31638000,9158000,591457000,227641000,19.78,26,13.56,0.367,0.1896,10.08,2.14,7.64,0,0,0.3683,0.5499,0.2117,0.9,0.07,2.1711
2000-10-01,313411939,313411939,1,5371992000,2452849000,2470778000,1064326000,2901214000,0,0,0,1223475000,1206549000,408567000,408567000,1.31,1.18,0,287148000,-194503000,-222132000,-127224000,582299000,284701000,37.25,47.5,27,0.3655,0.1799,9.26,4.75,35.48,0,0,0.4217,0.5401,0.1961,0.92,0.01,2.3046
2000-07-02,155744812,311489624,2,4963494000,2059391000,2520323000,936737000,2443171000,0,0,0,1481725000,1170437000,207142000,207142000,1.34,1.21,0,281136000,8457000,38734000,329369000,709523000,160255000,36.61,47.72,25.5,0.1668,0.0784,7.84,5.1,51.56,0,0,0.6065,0.4922,0.0914,0.86,0.39,2.1985
2000-04-02,153192460,306384920,2,4638227000,1732873000,2439855000,910080000,2198372000,0,0,0,1469799000,1092029000,189349000,189349000,1.25,1.15,0,386763000,-354111000,50909000,86029000,380154000,119978000,21.95,30,13.91,0.1136,0.0525,7.18,3.37,None,0,0,0.6686,0.474,0.069,0.76,0.87,1.9041
1999-12-26,152006873,304013746,2,4377698000,1409878000,2398425000,910652000,1979273000,0,0,0,1427282000,968710000,65080000,65080000,0.45,0.46,0,339300000,-145967000,9842000,200858000,294125000,124074000,12.05,15.88,8.22,-0.046,-0.0208,6.51,1.86,None,0,None,0.7211,0.4521,None,0.67,0.71,1.5482
1999-09-26,147769723,295539446,2,4178807000,1160781000,2260042000,753453000,1918765000,0,0,0,1448552000,662192000,-105545000,-105545000,-0.72,-0.72,0,-61634000,-747000,-67078000,-127371000,93267000,147171000,9.85,11.63,8.07,-0.0679,-0.031,6.49,1.48,None,0,None,0.7549,0.4592,None,0.63,-0.71,1.5406
1999-06-27,147211278,294422556,2,4246009000,1297875000,2283848000,783172000,1962161000,0,0,0,1440563000,595109000,79896000,79896000,0.54,0.53,0,-39617000,186731000,-89166000,57063000,220638000,147524000,9.1,10.82,7.38,-0.0129,-0.0059,6.66,1.42,None,0,None,0.7342,0.4621,None,0.64,-0.64,1.6572
1999-03-28,146584830,293169660,2,4305493000,1328621000,2431799000,863616000,1873694000,0,0,0,1539957000,631593000,-128367000,-128367000,-0.88,-0.88,0,21871000,-182391000,-27141000,-198333000,163575000,197007000,11.89,15.94,7.85,-0.0878,-0.041,6.39,1.73,None,0,None,0.8219,0.4352,None,0.64,-0.6,1.5384
1998-12-27,146161636,292323272,2,4252968000,1562027000,2247919000,840719000,2005049000,0,0,0,1372416000,788820000,22321000,22321000,0.15,0.16,0,111733000,23981000,90501000,226215000,361908000,86914000,11.5,16,7,-0.0532,-0.0267,6.86,1.73,None,0,None,0.6845,0.4714,None,0.65,0.08,1.858
1998-09-27,144774784,289549568,2,4116118000,1365603000,2186422000,819853000,1929696000,0,0,0,1364230000,685927000,1006000,1006000,0.01,0.01,0,-43208000,-228205000,246940000,-24473000,135693000,313950000,8.48,10.47,6.5,-0.0707,-0.0374,6.66,1.27,None,0,None,0.707,0.4688,None,0.64,-1.23,1.6657
1998-06-28,143856304,287712608,2,3858584000,1327654000,1940133000,792104000,1918451000,0,0,0,1142568000,526538000,-64560000,-64560000,-0.45,-0.45,0,97466000,-729190000,599409000,-32315000,160166000,312815000,11.84,15.25,8.44,-0.0861,-0.0485,6.67,1.73,None,0,None,0.5956,0.4972,None,0.64,-0.75,1.6761
1998-03-29,143365262,286730524,2,3332306000,915806000,1366595000,658756000,1965711000,0,0,0,666271000,540856000,-62727000,-62727000,-0.44,-0.44,0,-21578000,-64700000,38101000,-48177000,192481000,175523000,10.56,12.56,8.56,-0.0476,-0.0282,6.86,1.49,None,0,None,0.3389,0.5899,None,0.68,-0.69,1.3902
1997-12-28,142646957,285293914,2,3515271000,1175267000,1485728000,726770000,2029543000,0,0,0,662689000,613171000,-12334000,-12334000,-0.11,-0.11,0,197269000,-143335000,23943000,77877000,240658000,195827000,12.58,16.38,8.78,-0.0103,-0.0061,7.11,1.74,None,0,None,0.3265,0.5774,None,0.68,0.01,1.6171
1997-09-28,141771297,283542594,2,3425946000,1133714000,1382329000,622053000,2043617000,0,0,0,677419000,596644000,-31675000,-31675000,-0.22,-0.22,0,23561000,-31163000,9788000,2186000,162781000,135354000,18.44,21.25,15.63,-0.0434,-0.0264,7.21,2.49,None,0,None,0.3315,0.5965,None,0.64,-0.39,1.8225
1997-06-29,140925759,281851518,2,3471731000,1209102000,1381184000,599448000,2090547000,0,0,0,679284000,594561000,9968000,9968000,0.07,0.07,0,63187000,-138777000,10800000,-64790000,160595000,159859000,20.13,22.5,17.75,-0.0467,-0.0292,7.42,2.77,None,0,None,0.3249,0.6022,None,0.62,-0.34,2.017
1997-03-30,140294549,280589098,2,3426126000,1252756000,1382369000,601179000,2043757000,0,0,0,682413000,551999000,12951000,12951000,0.09,0.09,0,114798000,-320026000,264419000,59191000,225385000,150464000,18.29,23.69,12.88,-0.0687,-0.045,7.28,2.51,None,0,None,0.3339,0.5965,None,0.6,-0.13,2.0838
1996-12-29,138952155,277904310,2,3145283000,1029077000,1123405000,583473000,2021878000,0,0,0,444830000,413699000,-80246000,-80236000,-0.55,-0.55,0,149380000,-103083000,11149000,57446000,166194000,135675000,10.63,14.19,7.07,-0.0334,-0.023,7.28,1.42,34.85,0,None,0.22,0.6428,None,0.65,0.05,1.7637
1996-09-29,136543378,273086756,2,3053992000,1003651000,1017334000,474438000,2036658000,0,0,0,445489000,456862000,-38362000,-38362000,-0.28,-0.28,0,-26104000,-191199000,248245000,30942000,108748000,142455000,6.63,8.13,5.13,0.0321,0.0225,7.46,0.87,9.4,0,0,0.2187,0.6669,0.0314,0.72,-0.62,2.1155
1996-06-30,135202701,270405402,2,2845025000,872511000,773670000,467941000,2071355000,0,0,0,201922000,455077000,-34672000,-34672000,-0.26,-0.26,0,-25498000,27499000,-9577000,-7576000,77806000,109872000,8.19,9.94,6.44,0.0776,0.0547,7.66,1.04,6.47,0,0,0.0975,0.7281,0.0712,0.77,-0.5,1.8646
1996-03-31,134864625,269729250,2,2954809000,1012950000,832861000,532736000,2121948000,0,0,0,205918000,627381000,84330000,84320000,0.66,0.63,0,-24541000,-8730000,-7663000,-40934000,85382000,94527000,9.35,10.63,8.06,0.1407,0.0972,7.87,1.19,6.65,0,0,0.097,0.7181,0.1182,0.82,-0.44,1.9014
1995-12-31,133337618,266675236,2,3031268000,1096768000,931140000,621736000,2100128000,0,0,0,214965000,593029000,55572000,55572000,0.52,0.52,0,131533000,-157757000,-2150000,-28374000,113354000,131659000,11.35,14.63,8.06,0.1519,0.1036,7.88,1.17,8.5,0,0,0.1024,0.6928,0.1237,0.84,-0,1.764
1995-10-01,104269884,208539768,2,2967407000,1131662000,946952000,688056000,2020455000,0,0,0,216378000,590385000,56163000,56163000,0.52,0.52,0,108913000,-185517000,-6042000,-82646000,178428000,161508000,16.13,18.25,14,0.1501,0.1037,9.69,1.72,10.83,0,0,0.1071,0.6809,0.1189,0.86,-0.25,1.6447
1995-07-02,103772256,207544512,2,2901119000,1193640000,952346000,686605000,1948773000,0,0,0,223223000,626214000,91985000,91985000,0.86,0.86,0,193868000,-89045000,-6429000,98394000,261074000,127407000,17.85,19.63,16.07,0.173,0.122,9.39,2,11.86,0,0,0.1145,0.6717,0.1332,0.9,0.32,1.7385
1995-04-02,103156257,206312514,2,2702011000,1081364000,859594000,597170000,1842417000,0,0,0,219906000,620096000,96801000,96791000,0.96,0.91,0,177584000,-281763000,145516000,41337000,162680000,195407000,14.85,17.94,11.75,0.1822,None,8.93,1.64,10.17,0,0,0.1194,0.6819,0.1382,0.93,-0.09,1.8108
1994-12-25,95942821,191885642,2,2445702000,986619000,710437000,592167000,1735265000,0,0,0,75752000,545168000,40759000,38171000,0.39,0.38,0,173255000,-187126000,4627000,-9244000,121343000,255024000,13.19,15.25,11.13,0.1843,None,9.04,1.51,None,0,0,0.0437,0.7095,0.1382,0.95,-0.43,1.6661
1994-09-25,95221344,190442688,2,2321919000,1132223000,658028000,534447000,1663891000,0,0,0,80744000,543114000,86686000,84099000,0.86,0.83,0,140224000,-84986000,-3919000,51319000,130587000,152708000,13.75,15.5,12,None,None,8.74,1.66,None,0,None,0.0485,0.7166,None,None,-0.07,2.1185
1994-06-26,94053152,188106304,2,2174399000,1115108000,615527000,487375000,1558872000,0,0,0,85315000,533297000,93234000,90647000,0.93,0.89,0,147201000,-159091000,6753000,-5137000,79268000,86067000,13.6,15.88,11.31,None,None,8.29,1.75,None,0,None,0.0547,0.7169,None,None,0.32,2.288
1994-03-27,92770327,185540654,2,2058243000,1072497000,615573000,491628000,1442670000,0,0,0,81108000,513080000,84587000,81999000,0.85,0.82,0,112493000,-83392000,-5119000,23982000,84405000,52885000,12.13,15.88,8.38,None,None,7.78,1.66,None,0,None,0.0562,0.7009,None,None,0.32,2.1815
1993-12-26,92627503,185255006,2,1929231000,964186000,576960000,454619000,1352271000,0,0,0,79504000,None,None,None,None,None,0,None,None,None,None,60423000,0,11.82,15.13,8.5,None,None,7.3,None,None,0,None,0.0588,0.7009,None,None,None,2.1209
