"Quarter end","Shares","Shares split adjusted","Split factor","Assets","Current Assets","Liabilities","Current Liabilities","Shareholders equity","Non-controlling interest","Preferred equity","Goodwill & intangibles","Long-term debt","Revenue","Earnings","Earnings available for common stockholders","EPS basic","EPS diluted","Dividend per share","Cash from operating activities","Cash from investing activities","Cash from financing activities","Cash change during period","Cash at end of period","Capital expenditures","Price","Price high","Price low","ROE","ROA","Book value of equity per share","P/B ratio","P/E ratio","Cumulative dividends per share","Dividend payout ratio","Long-term debt to equity ratio","Equity to assets ratio","Net margin","Asset turnover","Free cash flow per share","Current ratio"
2019-06-30,532092829,532092829,1,40884000000,2386000000,33615000000,3983000000,7269000000,0,21000000,0,19053000000,2516000000,308000000,308000000,0.58,0.58,0,807000000,-706000000,163000000,264000000,474000000,-528000000,41.69,44.11,39.27,0.0371,0.0077,13.62,3.21,297.79,37.37,3.0025,2.6287,0.1773,0.0234,0.27,2.51,0.599
2019-03-31,531442309,531442309,1,40490000000,2314000000,33558000000,4324000000,6932000000,0,21000000,5618000000,18814000000,2883000000,320000000,315000000,0.59,0.59,0.38,-182000000,-630000000,593000000,-219000000,210000000,619000000,39.21,42.13,36.29,0.0119,0.0075,13,3.08,18.76,37.37,9.2969,2.7223,0.1707,0.0074,0.28,-1.51,0.5352
2018-12-31,530152175,530152175,1,40063000000,2392000000,33249000000,4634000000,6814000000,0,71000000,5711000000,17751000000,2517000000,138000000,146000000,0.28,0.29,0.38,852000000,-781000000,-129000000,-58000000,429000000,774000000,37.61,39.88,35.33,0.1387,0.0343,12.72,2.83,None,36.99,0.9308,2.6325,0.1683,0.0871,0.29,0.15,0.5162
2018-09-30,511445350,511445350,1,39443000000,2596000000,32570000000,5800000000,6873000000,0,70000000,5618000000,16608000000,3064000000,-458000000,-512000000,-1.02,-1.02,0.72,846000000,-672000000,-11000000,163000000,487000000,659000000,36.33,38.37,34.3,-0.2612,-0.0323,13.3,2.34,None,36.61,None,2.4413,0.1725,None,0.31,0.37,0.4476
2018-06-30,486021499,486021499,1,38971000000,2363000000,31272000000,5068000000,7699000000,0,162000000,5618000000,16461000000,2704000000,299000000,134000000,0.28,0.28,0,592000000,-422000000,-145000000,25000000,324000000,415000000,34.81,36.71,32.92,-0.1206,-0.0106,15.51,2.3,None,35.89,None,2.184,0.1934,None,0.31,0.36,0.4663
2018-03-31,476909318,476909318,1,38795000000,2310000000,31420000000,5065000000,7375000000,0,162000000,5618000000,16740000000,2976000000,1369000000,1213000000,2.55,2.54,0.72,-880000000,-1143000000,1679000000,-344000000,299000000,620000000,32.19,35.03,29.34,-0.12,-0.0133,15.12,3.9,None,35.89,None,2.3208,0.1859,None,0.32,-3.15,0.4561
2017-12-31,475589829,475589829,1,42257000000,3108000000,38332000000,4077000000,3925000000,0,0,5723000000,21115000000,3442000000,-2499000000,-2499000000,-5.61,-5.61,0.36,1046000000,-535000000,-321000000,190000000,589000000,492000000,32.7,35.22,30.18,-0.3026,-0.04,8.25,2.27,None,35.17,None,5.3796,0.0929,None,0.33,1.16,0.7623
2017-09-30,444858003,444858003,1,43649000000,2931000000,37243000000,4255000000,6406000000,0,0,5618000000,21089000000,3714000000,396000000,396000000,0.89,0.89,0.72,1280000000,-670000000,-325000000,285000000,399000000,666000000,31,33.08,28.93,-0.8,-0.1159,14.4,2.18,None,34.81,None,3.2921,0.1468,None,0.32,1.38,0.6888
2017-06-30,444304456,444304456,1,43327000000,2755000000,37007000000,4647000000,6320000000,0,0,5618000000,20582000000,3309000000,174000000,174000000,0.39,0.39,0,697000000,-749000000,2000000,-50000000,114000000,712000000,29.94,31.94,27.93,-0.6671,-0.1109,14.22,2.16,None,34.09,None,3.2566,0.1459,None,0.31,-0.03,0.5929
2017-03-31,443740014,443740014,1,43212000000,2760000000,37073000000,7657000000,6139000000,0,0,5618000000,17762000000,3552000000,205000000,205000000,0.46,0.46,0.72,785000000,-762000000,-58000000,-35000000,164000000,755000000,31.02,32.54,29.51,-0.7141,-0.1328,13.83,2.2,None,34.09,None,2.8933,0.1421,None,0.3,0.07,0.3605
2016-12-31,442477633,442477633,1,43148000000,2950000000,36907000000,7126000000,6241000000,0,0,5738000000,18192000000,3375000000,-5796000000,-5796000000,-13.47,-13.47,0.36,791000000,-805000000,-338000000,-352000000,199000000,723000000,32.08,34.83,29.33,-0.5937,-0.124,14.1,1.19,None,33.37,None,2.9149,0.1446,None,0.29,0.15,0.414
2016-09-30,425743282,425743282,1,51961000000,3480000000,40458000000,7043000000,11503000000,0,0,5618000000,18532000000,3917000000,380000000,380000000,0.89,0.89,0.72,1120000000,-709000000,-59000000,352000000,551000000,702000000,34.36,36.6,32.12,-0.0508,-0.0117,27.02,1.28,None,33.01,None,1.6111,0.2214,None,0.28,0.98,0.4941
2016-06-30,425198228,425198228,1,51401000000,3076000000,39994000000,6759000000,11407000000,0,0,5618000000,18348000000,3401000000,-1089000000,-1089000000,-2.56,-2.56,0,822000000,-902000000,133000000,53000000,199000000,823000000,33.84,36.32,31.37,-0.0484,-0.0113,26.83,1.15,21.15,32.29,None,1.6085,0.2219,None,0.29,-0,0.4551
2016-03-31,424712431,424712431,1,52695000000,3230000000,40231000000,6389000000,12463000000,1000000,0,6418000000,18878000000,3869000000,328000000,328000000,0.78,0.77,0.72,638000000,-865000000,242000000,15000000,146000000,732000000,33.58,36.54,30.62,0.0547,0.013,29.34,1.15,24.69,32.29,0.8924,1.5147,0.2365,0.0456,0.28,-0.22,0.5056
2015-12-31,423650645,423650645,1,52187000000,3040000000,39765000000,5602000000,12421000000,1000000,0,6749000000,19192000000,3541000000,-226000000,-226000000,-0.54,-0.54,0,1130000000,-835000000,-250000000,45000000,131000000,679000000,30.95,33,28.89,0.0463,0.011,29.32,1.04,26.68,31.57,1.0527,1.5451,0.238,0.0385,0.29,1.06,0.5427
2015-09-30,423041782,423041782,1,52663000000,3833000000,40035000000,5876000000,12627000000,1000000,0,6418000000,19093000000,4123000000,395000000,395000000,0.94,0.93,0.72,1327000000,-594000000,-741000000,-8000000,86000000,529000000,32.7,35.09,30.31,0.0399,0.0095,29.85,1.1,32.06,31.57,1.2218,1.5121,0.2398,0.0333,0.28,1.89,0.6523
2015-06-30,422453361,422453361,1,53005000000,4113000000,40474000000,6789000000,12530000000,1000000,0,6418000000,18570000000,3465000000,187000000,187000000,0.44,0.44,0,797000000,-945000000,152000000,4000000,94000000,818000000,34.75,37.05,32.46,0.0349,0.0083,29.66,1.19,47.6,30.85,1.3918,1.482,0.2364,0.0296,0.28,-0.05,0.6058
2015-03-31,422025870,422025870,1,52521000000,4011000000,40171000000,6262000000,12348000000,2000000,0,6418000000,19130000000,3897000000,222000000,222000000,0.53,0.53,0.72,193000000,-748000000,560000000,5000000,90000000,658000000,37.75,41.68,33.82,0.025,0.006,29.26,1.28,54.71,30.85,1.9388,1.5492,0.2351,0.0212,0.28,-1.1,0.6405
2014-12-31,421182123,421182123,1,52166000000,3876000000,39744000000,5561000000,12420000000,2000000,0,6914000000,19176000000,3476000000,-306000000,-306000000,-0.74,-0.74,0,976000000,-1069000000,69000000,-24000000,85000000,839000000,35.41,40.84,29.98,0.0237,0.0058,29.49,1.17,20.01,30.13,2.0244,1.544,0.2381,0.0199,0.29,0.33,0.697
2014-09-30,420792515,420792515,1,51224000000,3785000000,38520000000,5979000000,12702000000,2000000,0,6418000000,18531000000,3888000000,333000000,333000000,0.79,0.79,0.72,1115000000,-721000000,-361000000,33000000,109000000,664000000,32.47,34.95,29.98,0.059,0.0146,30.19,1.08,21.65,30.13,0.8103,1.4589,0.248,0.0491,0.3,1.07,0.633
2014-06-30,420344546,420344546,1,51388000000,4183000000,38703000000,6173000000,12683000000,2000000,0,6418000000,18415000000,3496000000,64000000,64000000,0.16,0.15,0,714000000,-1054000000,307000000,-33000000,76000000,988000000,33.38,35.59,31.17,0.05,0.0124,30.17,1.11,34.77,29.41,1.2063,1.4519,0.2468,0.0412,0.3,-0.65,0.6776
2014-03-31,419908686,419908686,1,51228000000,4577000000,38623000000,7737000000,12602000000,3000000,0,6418000000,16804000000,4189000000,208000000,208000000,0.5,0.49,0.72,-92000000,-515000000,498000000,-109000000,109000000,427000000,32.19,34.28,30.1,0.0319,0.008,30.01,1.06,34.24,29.41,1.8871,1.3334,0.246,0.0263,0.3,-1.24,0.5916
2013-12-31,418734086,418734086,1,50424000000,3887000000,37729000000,7637000000,12692000000,3000000,0,7006000000,15831000000,3633000000,142000000,142000000,0.34,0.34,-0,991000000,-818000000,-177000000,-4000000,218000000,674000000,35.11,38.92,31.29,0.0307,0.0078,30.31,1.17,135.04,28.69,1.7604,1.2473,0.2517,0.0263,0.3,0.76,0.509
2013-09-30,418229541,418229541,1,50383000000,3559000000,37836000000,7955000000,12544000000,3000000,0,6418000000,15291000000,4036000000,218000000,218000000,0.52,0.52,1.1,1178000000,-705000000,-322000000,151000000,222000000,548000000,37.67,39.88,35.46,0.0079,0.002,29.99,1.23,50.23,28.69,9.0205,1.219,0.249,0.0071,0.28,1.51,0.4474
2013-06-30,418216437,418216437,1,50157000000,3560000000,37354000000,7533000000,12799000000,4000000,0,6447000000,15449000000,3519000000,-164000000,-164000000,-0.39,-0.39,0,443000000,-643000000,204000000,4000000,71000000,586000000,41.25,46.77,35.72,0.0236,0.0062,30.6,1.33,25.94,27.59,2.9776,1.207,0.2552,0.0212,0.29,-0.34,0.4726
2013-03-31,418216437,418216437,1,50424000000,3499000000,37424000000,7132000000,12996000000,4000000,0,6447000000,15814000000,3729000000,196000000,196000000,0.47,0.47,0.55,50000000,-927000000,772000000,-105000000,67000000,826000000,40.38,42.5,38.26,0.0498,0.0134,31.07,1.29,21.83,27.59,1.3941,1.2168,0.2577,0.0441,0.3,-1.86,0.4906
2012-12-31,418216437,418216437,1,50406000000,3768000000,37313000000,7605000000,13084000000,9000000,0,7149000000,15179000000,3045000000,-148000000,-148000000,-0.34,-0.34,0.55,1044000000,-1167000000,145000000,22000000,172000000,1087000000,43.51,46.55,40.47,0.0577,0.0158,31.29,1.35,17.2,27.04,1.1949,1.1601,0.2596,0.0503,0.31,-0.1,0.4955
2012-09-30,418216437,418216437,1,48738000000,3709000000,35289000000,5920000000,13433000000,16000000,0,6444000000,15627000000,4311000000,425000000,425000000,1.02,1.01,1.1,1214000000,-989000000,-169000000,56000000,150000000,668000000,46.59,51.14,42.05,0.0793,0.0221,32.12,1.44,17,26.49,0.8672,1.1633,0.2756,0.0657,0.34,1.31,0.6265
2012-06-30,418216437,418216437,1,48048000000,3608000000,34536000000,6082000000,13497000000,15000000,0,6444000000,15159000000,3869000000,187000000,187000000,0.45,0.45,0,475000000,-467000000,12000000,20000000,94000000,412000000,47.05,49.46,44.64,0.0863,0.0242,32.27,1.48,17.3,25.39,0.8022,1.1231,0.2809,0.0692,0.35,0.15,0.5932
2012-03-31,418216437,418216437,1,47691000000,3477000000,34352000000,5773000000,13323000000,16000000,0,6444000000,15527000000,4078000000,306000000,306000000,0.73,0.73,0.55,-413000000,-534000000,819000000,-128000000,74000000,589000000,43.48,46.59,40.37,0.0867,0.0241,31.86,1.37,20.32,25.39,0.8064,1.1654,0.2794,0.0681,0.35,-2.4,0.6023
2011-12-31,418216437,418216437,1,47326000000,3355000000,34027000000,4855000000,13280000000,19000000,0,7244000000,15716000000,3903000000,143000000,143000000,0.35,0.34,0.55,834000000,-401000000,-522000000,-89000000,202000000,543000000,43.83,46.1,41.55,0.068,0.0187,31.75,1.41,18.26,24.84,1.0396,1.1834,0.2806,0.0544,0.34,0.7,0.691
2011-09-30,418216437,418216437,1,46661000000,3591000000,33646000000,4863000000,13046000000,-31000000,0,7358000000,15823000000,4719000000,511000000,511000000,1.22,1.22,1.1,1198000000,-20000000,-1363000000,-185000000,291000000,-8000000,42.64,46.51,38.77,0.0784,0.021,31.19,1.37,24.09,24.29,0.9253,1.2129,0.2796,0.0595,0.35,2.88,0.7384
2011-06-30,418216437,418216437,1,47596000000,4118000000,34646000000,5544000000,12998000000,-48000000,0,7429000000,16491000000,4060000000,181000000,181000000,0.43,0.43,0,540000000,-676000000,-489000000,-625000000,476000000,570000000,41.15,45.8,36.5,0.0554,0.0144,31.08,1.35,18.62,23.19,1.2319,1.2687,0.2731,0.0409,0.35,-0.07,0.7428
2011-03-31,418216437,418216437,1,47866000000,4646000000,35177000000,5162000000,12729000000,-40000000,0,7602000000,17535000000,3576000000,50000000,50000000,0.15,0.15,0.55,491000000,141000000,-550000000,82000000,1101000000,450000000,38.45,40.8,36.11,0.0699,0.0179,30.44,1.37,14.96,23.19,1.0795,1.3776,0.2659,0.0499,0.36,0.1,0.9
2010-12-31,304835407,304835407,1,34805000000,3698000000,26292000000,4698000000,8545000000,-32000000,0,5709000000,12579000000,3219000000,185000000,185000000,0.61,0.6,0.55,1003000000,-503000000,-113000000,387000000,1019000000,499000000,37.56,40.12,35,0.0905,0.0227,28.03,1.31,13.71,22.64,0.8554,1.4721,0.2455,0.0588,0.39,1.65,0.7871
2010-09-30,304835407,304835407,1,34707000000,3391000000,26016000000,4972000000,8717000000,-26000000,0,5702000000,12104000000,3693000000,179000000,179000000,0.59,0.59,1.1,1215000000,-478000000,-386000000,351000000,632000000,474000000,36.78,39.06,34.51,0.0967,0.0244,28.6,1.27,12.6,22.09,0.8003,1.3886,0.2512,0.0641,0.38,2.43,0.682
2010-06-30,304835407,304835407,1,34466000000,3114000000,25647000000,5045000000,8839000000,-20000000,0,5693000000,11861000000,3128000000,265000000,265000000,0.87,0.87,0,352000000,-491000000,110000000,-29000000,281000000,491000000,36.77,39.96,33.57,0.1037,0.026,29,1.31,10.78,20.99,0.751,1.3419,0.2565,0.0698,0.37,-0.46,0.6172
2010-03-31,304835407,304835407,1,34078000000,2854000000,25543000000,4886000000,8546000000,-11000000,0,5575000000,11847000000,3299000000,155000000,155000000,0.51,0.51,0.55,506000000,-476000000,-594000000,-564000000,310000000,495000000,42.7,47.09,38.31,0.121,0.0305,28.03,1.52,12.98,20.99,0.6411,1.3863,0.2508,0.0809,0.38,0.04,0.5841
2009-12-31,304835407,304835407,1,34304000000,3320000000,25747000000,5288000000,8559000000,-2000000,0,5575000000,11908000000,2954000000,239000000,239000000,0.79,0.77,0.55,1001000000,-397000000,-568000000,36000000,874000000,626000000,44.67,47.77,41.57,0.1174,0.0294,28.08,1.6,12.37,20.44,0.6666,1.3913,0.2495,0.0776,0.38,1.23,0.6278
2009-09-30,304835407,304835407,1,34674000000,3770000000,26181000000,5736000000,8492000000,1000000,0,5575000000,11647000000,3408000000,234000000,234000000,0.77,0.77,1.1,362000000,-615000000,191000000,-62000000,838000000,413000000,42.27,47.82,36.73,0.1293,0.0323,27.86,1.44,9.65,19.89,0.6102,1.3715,0.2449,0.0832,0.39,-0.17,0.6573
2009-06-30,304835407,304835407,1,34306000000,3650000000,25305000000,6228000000,8973000000,28000000,0,5575000000,10399000000,3271000000,418000000,418000000,1.36,1.36,0,640000000,-495000000,356000000,501000000,900000000,489000000,39.27,43.29,35.26,0.1535,0.0396,29.44,1.45,10.15,18.79,0.3765,1.1589,0.2616,0.0974,0.41,0.5,0.5861
2009-03-31,304835407,304835407,1,33557000000,3004000000,25273000000,6695000000,8250000000,34000000,0,5575000000,9697000000,3334000000,115000000,115000000,0.39,0.39,0.55,462000000,-678000000,70000000,-146000000,399000000,654000000,44.63,53.63,35.63,0.1348,0.0352,27.06,1.64,10.19,18.79,0.5679,1.1754,0.2459,0.0863,0.41,-0.63,0.4487
2008-12-31,304835407,304835407,1,33521000000,3053000000,25238000000,7098000000,8283000000,0,0,5575000000,9100000000,3201000000,332000000,332000000,1.09,1.09,0.55,791000000,-693000000,266000000,364000000,545000000,711000000,53.95,66.69,41.2,0.15,0.0403,27.17,1.77,12.97,18.24,0.4997,1.0986,0.2471,0.0985,0.41,0.26,0.4301
2008-09-30,304835407,304835407,1,33562000000,2804000000,24261000000,7047000000,9301000000,0,0,5583000000,8674000000,3904000000,471000000,471000000,1.55,1.54,0.55,1112000000,-685000000,-316000000,111000000,181000000,560000000,73.52,84,63.03,0.1401,0.0388,30.51,2.43,18.57,17.69,0.5128,0.9326,0.2771,0.0946,0.41,1.81,0.3979
2008-06-30,304835407,304835407,1,33545000000,2835000000,24324000000,7137000000,9221000000,0,0,5606000000,8603000000,3245000000,263000000,263000000,0.86,0.85,0.55,-40000000,-963000000,1003000000,0,70000000,906000000,76.34,83.49,69.2,0.1357,0.0376,30.25,2.59,18.13,17.14,0.5247,0.933,0.2749,0.0921,0.41,-3.1,0.3972
2008-03-31,304835407,304835407,1,32415000000,2370000000,23424000000,6169000000,8991000000,0,0,5606000000,8332000000,3277000000,276000000,276000000,0.91,0.9,0.55,356000000,-642000000,227000000,-59000000,70000000,711000000,71.47,78.51,64.44,0.1464,0.0404,29.49,2.43,16.9,16.59,0.4826,0.9267,0.2774,0.0988,0.41,-1.16,0.3842
2007-12-31,304835407,304835407,1,32068000000,2230000000,23091000000,5148000000,8977000000,0,0,5607000000,8869000000,3079000000,268000000,268000000,0.88,0.87,0.5,543000000,-544000000,100000000,99000000,129000000,506000000,69.19,74.98,63.39,0.151,0.0411,29.45,2.41,16.51,16.04,0.4658,0.988,0.2799,0.1022,0.4,0.12,0.4332
2007-09-30,304835407,304835407,1,31653000000,2406000000,22885000000,5378000000,8768000000,0,0,5609000000,8617000000,3641000000,413000000,413000000,1.36,1.34,0.5,1020000000,869000000,-1896000000,-7000000,30000000,430000000,63.53,68.31,58.75,0.1515,0.0416,28.76,2.24,14.95,15.54,0.4566,0.9828,0.277,0.1079,0.38,1.94,0.4474
2007-06-30,304835407,304835407,1,32033000000,2536000000,23393000000,6282000000,8640000000,0,0,5898000000,8742000000,3109000000,338000000,338000000,1.11,1.1,0.5,206000000,-366000000,108000000,-52000000,37000000,401000000,67.73,72.9,62.56,0.1543,0.0427,28.34,2.49,16.68,15.04,0.4363,1.0118,0.2697,0.1135,0.38,-0.64,0.4037
2007-03-31,304835407,304835407,1,31790000000,2347000000,23491000000,6398000000,8299000000,0,0,5898000000,8546000000,2973000000,290000000,290000000,0.92,0.92,0.5,-75000000,-272000000,346000000,-1000000,89000000,296000000,62.44,67.11,57.77,0.1469,0.0414,27.22,2.21,16.39,14.54,0.4445,1.0298,0.2611,0.1138,0.36,-1.22,0.3668
2006-12-31,319205517,319205517,1,31196000000,2083000000,22161000000,5255000000,9035000000,0,0,5898000000,8535000000,2469000000,275000000,275000000,0.85,0.83,0.45,696000000,-287000000,-360000000,49000000,90000000,325000000,58.84,61.7,55.99,0.1354,0.0393,28.3,2.04,16.53,14.04,0.4658,0.9447,0.2896,0.109,0.36,1.16,0.3964
2006-09-30,319205517,319205517,1,32162000000,2214000000,22954000000,5264000000,9208000000,0,0,5935000000,8760000000,3401000000,454000000,454000000,1.41,1.4,0.45,758000000,-238000000,-1062000000,-542000000,41000000,251000000,55.48,57.5,53.47,0.1258,0.0365,28.85,1.93,17.5,13.59,0.5034,0.9513,0.2863,0.1001,0.36,1.59,0.4206
2006-06-30,329836276,329836276,1,32578000000,2812000000,23090000000,5389000000,9488000000,0,0,5940000000,8729000000,2786000000,304000000,304000000,0.92,0.91,0.45,161000000,-274000000,668000000,555000000,583000000,292000000,51.4,54.57,48.23,0.1139,0.0329,28.77,1.82,18.36,13.14,0.5601,0.92,0.2912,0.0883,0.37,-0.4,0.5218
2006-03-31,329836276,329836276,1,31797000000,2099000000,22477000000,5450000000,9320000000,0,0,5940000000,8004000000,2845000000,221000000,221000000,0.67,0.67,0.45,324000000,-310000000,-50000000,-36000000,28000000,447000000,49.96,52.17,47.75,0.1025,0.0292,28.26,1.79,19.14,12.69,0.6232,0.8588,0.2931,0.0767,0.38,-0.37,0.3851
2005-12-31,329836276,329836276,1,31841000000,2317000000,22653000000,5453000000,9188000000,0,0,6010000000,8155000000,2660223000,190922000,190922000,0.58,0.58,0.45,307728000,-556442000,172843000,-75871000,64000000,451882000,49.57,53.36,45.78,0.0976,0.0274,27.86,1.85,18.78,12.24,0.6532,0.8876,0.2886,0.0718,0.38,-0.44,0.4249
2005-09-30,329836276,329836276,1,31373942000,2406735000,22545983000,3844846000,8827959000,0,0,6024376000,9418734000,3586787000,332360000,332360000,1.01,1.01,0.43,981156000,-310643000,-580449000,90064000,139812000,294443000,50.23,53,47.46,0.1005,0.0279,26.76,1.92,19.78,11.79,0.6187,1.0669,0.2814,0.0732,0.38,2.08,0.626
2005-06-30,329836276,329836276,1,31211243000,2304035000,22570847000,3753972000,8640396000,0,0,6032539000,9568954000,2929278000,177992000,177992000,0.54,0.54,0.4125,362326000,-284595000,-109174000,-31443000,49748000,232791000,44.86,48.96,40.75,0.0972,0.0269,26.2,1.72,17.12,11.36,0.622,1.1075,0.2768,0.0706,0.38,0.39,0.6138
2005-03-31,329836276,329836276,1,31260563000,2066290000,22639610000,3642954000,8620953000,0,0,6033728000,9719893000,2812712000,159726000,159726000,0.49,0.48,0.4125,568790000,-181320000,-359220000,28250000,81191000,228884000,40.03,42.36,37.7,0.1008,0.0275,26.14,1.54,14.99,10.95,0.5889,1.1275,0.2758,0.0715,0.38,1.03,0.5672
2004-12-31,329836276,329836276,1,31067944000,2012347000,22478650000,3308435000,8589294000,0,0,6050277000,10013349000,2584380000,201509000,201509000,0.62,0.61,0.38,341562000,-314940000,-41573000,-14951000,52941000,300478000,40.88,43.41,38.35,0.1033,0.0277,26.04,1.56,17.03,10.54,0.5653,1.1658,0.2765,0.0705,0.39,0.12,0.6082
2004-09-30,329836276,329836276,1,31225116000,2119314000,22600706000,3482351000,8624410000,0,0,6100969000,10110552000,3536319000,298622000,298622000,0.91,0.91,0.375,565415000,4658000,-601719000,-31646000,67892000,211243000,39.63,42.23,37.04,0.0933,0.0244,26.15,1.55,19.82,10.15,0.6315,1.1723,0.2762,0.0622,0.39,1.07,0.6086
2004-06-30,329836276,329836276,1,32009600000,2418728000,23576637000,3743365000,8432963000,0,0,6100969000,9915920000,3149773000,204045000,204045000,0.62,0.62,0.375,320250000,72379000,-573360000,-180731000,99538000,196094000,38.23,39.73,36.73,0.0772,0.0195,25.57,1.51,32.4,9.78,0.7754,1.1759,0.2635,0.051,0.38,0.38,0.6461
2004-03-31,329836276,329836276,1,32584536000,2471742000,24239813000,3965871000,8344723000,0,0,6117000000,10150067000,3182574000,173999000,173999000,0.53,0.53,0.375,649623000,-243305000,-240024000,166294000,280269000,138406000,37.3,39.37,35.24,0.0475,0.0114,25.3,1.48,26.83,9.4,1.2804,1.2163,0.2561,0.0309,0.37,1.55,0.6233
2003-12-31,329836276,329836276,1,32909948000,2243311000,24620607000,4472167000,8289341000,0,0,6127883000,9477978000,2766760000,109431000,109431000,0.34,0.34,0.38,572742000,-249573000,-388105000,-64936000,113975000,276247000,33.8,35.95,31.66,0.0551,0.0126,25.13,1.37,49.71,9.03,1.1171,1.1434,0.2519,0.0344,0.37,0.9,0.5016
2003-09-30,329836276,329836276,1,33494991000,2356004000,25383559000,4132114000,8111432000,0,0,6127853000,10396512000,3443385000,152719000,152719000,0.51,0.51,0.375,895727000,-235994000,-545026000,114707000,178911000,155908000,32.28,38.75,25.82,0.028,0.0061,24.59,1.35,26.46,8.65,2.2322,1.2817,0.2422,0.0166,0.37,2.24,0.5702
2003-06-30,297636276,297636276,1,34024540000,2493922000,26899789000,4688480000,7124751000,0,0,6249363000,11239278000,2863146000,-57888000,-57888000,-0.2,-0.2,0.375,21731000,-108558000,-139005000,-225832000,64204000,199742000,34.73,38.9,30.57,0.0499,0.0106,23.94,1.44,15.71,8.27,1.2319,1.5775,0.2094,0.0289,0.37,-0.6,0.5319
2003-03-31,297636276,297636276,1,34287417000,2583837000,27124116000,4999162000,7163301000,0,0,6237274000,11038490000,3233756000,218502000,218502000,0.74,0.74,0.375,462262000,-117708000,-250819000,93735000,290036000,224419000,31.11,35.19,27.04,0.0886,0.0191,24.07,1.31,16.64,7.9,0.6841,1.541,0.2089,0.0517,0.37,0.8,0.5169
2002-12-31,297636276,297636276,1,34386353000,2450098000,27335692000,5251043000,7050661000,0,0,6278072000,10872216000,2907326000,-107254000,-107254000,-0.37,-0.37,0.38,520663000,-341181000,-263728000,-84246000,196301000,303109000,29.73,33.85,25.6,0.0741,0.0158,23.69,1.14,10.32,7.52,0.8103,1.542,0.205,0.0452,0.35,0.73,0.4666
2002-09-30,297636276,297636276,1,34165554000,2641576000,26372780000,5063054000,7792774000,0,0,5771856000,11092318000,3572335000,310255000,310255000,1.06,1.05,0.375,668417000,-278442000,-468478000,-78503000,280547000,274923000,29.82,34.78,24.85,0.1098,0.0232,26.18,1.17,10.32,7.14,0.5405,1.4234,0.2281,0.0716,0.32,1.32,0.5217
2002-06-30,297636276,297636276,1,34279588000,2747924000,26714134000,5201814000,7565454000,0,0,5604967000,11076972000,2948708000,233310000,233310000,0.8,0.79,0.375,262123000,-417870000,-132920000,-288667000,359050000,224399000,33.36,35.12,31.61,0.1108,0.0237,25.42,1.33,12.04,6.77,0.5586,1.4642,0.2207,0.0756,0.31,0.13,0.5283
2002-03-31,297636276,297636276,1,37305227000,2856923000,29868709000,5597712000,7436518000,0,0,6257481000,12597269000,2802157000,116493000,116493000,0.4,0.4,0.375,464084000,221798000,-258343000,427539000,647717000,195292000,34.71,39.12,30.3,0.1095,0.024,24.99,1.4,12.31,6.39,0.5903,1.694,0.1993,0.0755,0.32,0.9,0.5104
2001-12-31,297636276,297636276,1,37351513000,2502520000,29952914000,4669457000,7398599000,0,0,5600918000,11433313000,2257829000,168633000,168633000,0.64,0.64,0.38,300365000,-2414010000,2158229000,44584000,220178000,284675000,34.91,36.98,32.85,0.1199,0.0282,24.86,1.64,12.69,6.02,0.5648,1.5453,0.1981,0.0808,0.35,0.05,0.5359
2001-09-30,223981580,223981580,1,18077709000,1631240000,13310757000,3278596000,4766952000,0,0,2047697000,5074751000,1951646000,234087000,234087000,1.07,1.06,0.375,590723000,-397252000,-223096000,-29625000,175594000,291276000,32.94,36.28,29.6,0.1282,0.0334,21.28,1.57,12.77,5.64,0.559,1.0646,0.2637,0.0797,0.42,1.34,0.4975
2001-06-30,223981580,223981580,1,18137526000,1642790000,13443141000,2569859000,4694385000,0,0,2062293000,5791593000,1804146000,146019000,146019000,0.67,0.67,0.375,168493000,-110089000,104319000,162723000,205219000,125322000,29.5,32.2,26.8,0.1211,0.0315,20.96,1.41,11.75,5.26,0.5953,1.2337,0.2588,0.0755,0.42,0.19,0.6393
2001-03-31,223981580,223981580,1,18001279000,1429886000,13301527000,2459221000,4699752000,0,0,2074712000,5767079000,1985741000,97708000,97708000,0.45,0.45,0.375,222103000,-153324000,-75541000,-6762000,42496000,151176000,28.43,31.75,25.1,0.1192,0.0309,20.98,1.37,10.57,4.89,0.6107,1.2271,0.2611,0.075,0.41,0.32,0.5814
2000-12-31,223981580,223981580,1,17941294000,1441294000,13288168000,2593805000,4653126000,0,0,2088770000,5905290000,1827282000,125261000,125261000,0.57,0.57,0.38,399890000,-309708000,-108137000,-17955000,49258000,206172000,28.12,32.13,24.11,0.1292,0.0332,20.77,1.35,10.61,4.51,0.5707,1.2691,0.2594,0.0852,0.39,0.86,0.5557
2000-09-30,225469780,225469780,1,17967579000,1315710000,13283815000,2375208000,4683764000,0,0,2102912000,5725011000,1891645000,198187000,198187000,0.89,0.89,0.375,493928000,-142722000,-371553000,-20347000,67213000,105369000,25.41,27.88,22.94,0.1288,0.0328,20.77,1.26,9.85,4.13,0.5799,1.2223,0.2607,0.0868,0.38,1.72,0.5539
2000-06-30,228615241,228615241,1,18101279000,1339270000,13492874000,2303661000,4608405000,0,0,2117054000,5965925000,1702104000,134604000,134604000,0.6,0.6,0.375,286093000,-108422000,-133157000,44514000,87560000,124397000,23.72,26.88,20.56,0.1272,0.0321,20.16,1.19,9.38,3.76,0.5971,1.2946,0.2546,0.087,0.37,0.71,0.5814
2000-03-31,230504441,230504441,1,18107848000,1258580000,13514713000,2202887000,4593135000,0,0,2117761000,6056213000,1607930000,140918000,140918000,0.63,0.63,0.375,327915000,-129512000,-267145000,-68742000,43046000,151680000,20.78,23.56,18,0.1261,0.0315,19.93,1.05,8.31,3.38,0.6103,1.3185,0.2537,0.0879,0.36,0.76,0.5713
1999-12-31,231119841,231119841,1,18224047000,1301676000,13660157000,2377411000,4563890000,0,0,2129902000,6159567000,1645965000,120433000,120433000,0.53,0.53,0.38,454307000,-333438000,-124685000,-3816000,111788000,326352000,24.34,26.56,22.13,0.1261,0.0312,19.75,1.25,10.18,3.01,0.6175,1.3496,0.2504,0.0899,0.35,0.55,0.5475
1999-09-30,233023987,233023987,1,18074880000,1253536000,13538235000,2494243000,4536645000,0,0,2108816000,5817547000,1732391000,185823000,185823000,0.82,0.82,0.375,548588000,-134467000,-525050000,-110929000,115604000,114873000,28.03,31.31,24.75,0.1211,0.0298,19.47,1.47,12.29,2.63,0.6502,1.2823,0.251,0.0817,0.37,1.86,0.5026
1999-06-30,233963887,233963887,1,18383184000,1411430000,13909947000,2510589000,4473237000,0,0,2121178000,6142847000,1523881000,125322000,125322000,0.55,0.55,0.375,272781000,-86886000,-4974000,180921000,226533000,92971000,30.04,32.13,27.94,0.1167,0.0285,19.12,1.58,16.15,2.25,0.6816,1.3732,0.2433,0.0822,0.35,0.77,0.5622
1999-03-31,234653887,234653887,1,18188363000,1085249000,13728765000,2133817000,4459598000,0,0,2163946000,6335289000,1417410000,136721000,136721000,0.6,0.6,0.375,212630000,-56919000,-187897000,-32186000,45612000,90705000,30.56,33.19,27.94,0.0958,None,19.01,1.62,16.79,1.88,0.8385,1.4206,0.2452,0.0697,0.33,0.52,0.5086
1998-12-31,236008687,236008687,1,18063507000,1067133000,13614349000,2182989000,4449158000,0,0,2167968000,6551850000,1967490000,94699000,94699000,0.42,0.42,0.38,357585000,-208681000,-188777000,-39873000,77798000,205014000,31.63,34.06,29.19,0.0942,None,18.85,1.69,None,1.5,0.8615,1.4726,0.2463,0.0701,0.32,0.65,0.4888
1998-09-30,237069087,237069087,1,18223051000,1174903000,13787007000,2080103000,4436044000,0,0,2194940000,6606324000,1416741000,163091000,163091000,0.71,0.71,0.375,265482000,-72536000,-146240000,46706000,117671000,76614000,29.18,31.31,27.06,None,None,18.71,1.59,None,1.13,None,1.4892,0.2434,None,None,0.8,0.5648
1998-06-30,237069087,237069087,1,18335689000,1151293000,13984227000,1844880000,4351462000,0,0,2256883000,6996796000,1277061000,29432000,29432000,0.13,0.13,0.375,278746000,-314871000,58245000,22120000,70965000,307120000,30.19,31.88,28.5,None,None,18.36,1.66,None,0.75,None,1.6079,0.2373,None,None,-0.12,0.624
1998-03-31,230625566,230625566,1,18049984000,948690000,13848886000,1600906000,4201098000,0,0,2095217000,7148956000,1199993000,123652000,123652000,0.56,0.56,0.375,253512000,-186807000,-116097000,-49392000,48845000,64104000,29.75,31.63,27.88,None,None,18.22,1.65,None,0.38,None,1.7017,0.2327,None,None,0.82,0.5926
1997-12-31,230207141,230207141,1,18080795000,1002991000,13921197000,1808836000,4159598000,0,0,2107795000,7174048000,None,None,None,None,None,0,None,None,None,None,98237000,0,25.91,29,22.81,None,None,18.07,None,None,0,None,1.7247,0.2301,None,None,None,0.5545
