"Quarter end","Shares","Shares split adjusted","Split factor","Assets","Current Assets","Liabilities","Current Liabilities","Shareholders equity","Non-controlling interest","Preferred equity","Goodwill & intangibles","Long-term debt","Revenue","Earnings","Earnings available for common stockholders","EPS basic","EPS diluted","Dividend per share","Cash from operating activities","Cash from investing activities","Cash from financing activities","Cash change during period","Cash at end of period","Capital expenditures","Price","Price high","Price low","ROE","ROA","Book value of equity per share","P/B ratio","P/E ratio","Cumulative dividends per share","Dividend payout ratio","Long-term debt to equity ratio","Equity to assets ratio","Net margin","Asset turnover","Free cash flow per share","Current ratio"
2019-06-30,1442150501,1442150501,1,63573000000,7836000000,37399000000,17798000000,26093000000,81000000,0,38644000000,11764000000,6062000000,807000000,807000000,0.56,0.55,0.26,581000000,-44000000,-840000000,-294000000,1248000000,207000000,52.52,55.71,49.33,0.1491,0.0604,18.09,2.93,23.24,30.63,0.3913,0.4508,0.4104,0.1497,0.4,0.26,0.4403
2019-03-31,1440435771,1440435771,1,64162000000,8539000000,38253000000,17721000000,25828000000,81000000,0,38644000000,12437000000,6538000000,914000000,914000000,0.63,0.63,0.26,465000000,-223000000,201000000,442000000,1542000000,223000000,44.75,50.05,39.46,0.1315,0.0529,17.93,2.52,19.89,30.37,0.4321,0.4815,0.4025,0.1306,0.41,0.17,0.4819
2018-12-31,1444169449,1444169449,1,62729000000,7604000000,37016000000,16737000000,25637000000,76000000,0,38727000000,15250000000,6773000000,926000000,926000000,0.63,0.6,0.26,2063000000,-22000000,-2322000000,-273000000,1100000000,23000000,42.12,45.45,38.78,0.1316,0.0532,17.75,2.41,19.32,30.11,0.4143,0.5948,0.4087,0.1303,0.41,1.41,0.4543
2018-09-30,1453835415,1453835415,1,63918000000,8722000000,38386000000,15508000000,25457000000,75000000,0,39036000000,14852000000,6288000000,1194000000,1194000000,0.81,0.81,0.26,703000000,-161000000,-396000000,127000000,1373000000,161000000,42.44,44.35,40.52,0.1262,0.0512,17.51,2.47,21.01,29.85,0.4152,0.5834,0.3983,0.1246,0.41,0.37,0.5624
2018-06-30,1466560999,1466560999,1,62974000000,8202000000,37687000000,14832000000,25203000000,84000000,0,39364000000,14857000000,6112000000,323000000,323000000,0.22,0.22,0.22,775000000,-767000000,160000000,116000000,1246000000,239000000,39.94,42.46,37.42,0.1177,0.0481,17.19,2.23,18.84,29.59,0.4266,0.5895,0.4002,0.1158,0.42,0.37,0.553
2018-03-31,1475068042,1475068042,1,64503000000,8370000000,37953000000,16798000000,26452000000,98000000,0,40111000000,13180000000,6765000000,938000000,938000000,0.63,0.62,0.22,407000000,-274000000,229000000,369000000,1130000000,274000000,43.52,46.54,40.51,0.1239,0.0509,17.93,2.48,22.79,29.37,0.3922,0.4983,0.4101,0.1231,0.41,0.09,0.4983
2017-12-31,1487328466,1487328466,1,63109000000,7520000000,36918000000,15793000000,26111000000,80000000,0,39724000000,12972000000,6966000000,802000000,802000000,0.53,0.53,0.22,1796000000,-173000000,-1713000000,-83000000,761000000,261000000,41.58,43.98,39.19,0.1129,0.0465,17.56,2.39,28.88,29.15,0.4212,0.4968,0.4137,0.1128,0.41,1.03,0.4762
2017-09-30,1494388598,1494388598,1,63291000000,8155000000,37192000000,16035000000,26031000000,68000000,0,39709000000,12918000000,6530000000,992000000,992000000,0.66,0.65,0.22,535000000,158000000,-1272000000,-553000000,844000000,189000000,42.26,44.48,40.04,0.0863,0.0355,17.42,2.48,37.07,28.93,0.5393,0.4963,0.4113,0.0861,0.41,0.23,0.5086
2017-06-30,1507639931,1507639931,1,62757000000,8193000000,36965000000,15563000000,25720000000,72000000,0,39429000000,13226000000,5986000000,498000000,498000000,0.33,0.32,0.19,819000000,1000000,-754000000,90000000,1397000000,168000000,45.07,47.23,42.91,0.068,0.0283,17.06,2.67,40.6,28.71,0.6547,0.5142,0.4098,0.0692,0.41,0.43,0.5264
2017-03-31,1517278172,1517278172,1,62076000000,8415000000,36357000000,15057000000,25658000000,61000000,0,38812000000,12906000000,6414000000,630000000,630000000,0.41,0.41,0.19,-557000000,-287000000,378000000,-434000000,1307000000,287000000,43.39,45.48,41.3,0.0655,0.0277,16.91,2.63,41.32,28.52,0.6549,0.503,0.4133,0.067,0.41,-0.56,0.5589
2016-12-31,1526612169,1526612169,1,61538000000,8480000000,36323000000,14417000000,25161000000,54000000,0,38377000000,13217000000,6770000000,93000000,93000000,0.07,0.06,0.19,1700000000,-508000000,-1032000000,55000000,1741000000,290000000,43.45,46.4,40.5,0.0614,0.0263,16.48,2.44,81.98,28.33,0.6702,0.5253,0.4089,0.064,0.41,0.92,0.5882
2016-09-30,1544411707,1544411707,1,63265000000,8855000000,35688000000,13957000000,27509000000,68000000,0,39472000000,13105000000,6396000000,548000000,548000000,0.35,0.35,0.19,801000000,-16000000,-858000000,-69000000,1686000000,291000000,44.16,46.36,41.96,0.0302,0.0132,17.81,2.49,9.52,28.14,1.3004,0.4764,0.4348,0.0316,0.42,0.33,0.6344
2016-06-30,1555535018,1555535018,1,63271000000,8979000000,35595000000,12996000000,27592000000,84000000,0,39522000000,13578000000,6302000000,464000000,464000000,0.3,0.29,0.17,791000000,-189000000,-179000000,417000000,1755000000,189000000,42.64,45.75,39.53,0.2669,0.1178,17.74,2.38,9.27,27.95,0.141,0.4921,0.4361,0.2801,0.42,0.39,0.6909
2016-03-31,1552060693,1552060693,1,63975000000,9009000000,36113000000,13178000000,27770000000,92000000,0,40071000000,13800000000,6455000000,554000000,554000000,0.35,0.35,0.17,-454000000,-316000000,207000000,-532000000,1338000000,316000000,40.17,44.45,35.88,0.2719,0.1161,17.89,2.25,9.05,27.78,0.139,0.4969,0.4341,0.2646,0.44,-0.5,0.6836
2015-12-31,1568858264,1568858264,1,62843000000,8958000000,34743000000,10922000000,28012000000,88000000,0,39432000000,14557000000,7364000000,-729000000,-729000000,-0.46,-0.46,0.17,2316000000,-811000000,-1613000000,-169000000,1870000000,309000000,44.48,47.42,41.55,0.2715,0.1124,17.86,2.37,8.55,27.61,0.1407,0.5197,0.4457,0.2452,0.46,1.28,0.8202
2015-09-30,1589167484,1589167484,1,66390000000,12174000000,36438000000,13637000000,29868000000,84000000,0,40078000000,13029000000,6849000000,7266000000,7266000000,4.52,4.46,0.17,841000000,2877000000,-3973000000,-361000000,2039000000,355000000,43.74,48.58,38.91,0.3182,0.1294,18.79,2.86,34.44,27.44,0.1181,0.4362,0.4499,0.2732,0.47,0.31,0.8927
2015-06-30,1611307164,1611307164,1,65118000000,11888000000,40384000000,16788000000,24645000000,89000000,0,40732000000,13090000000,7661000000,406000000,406000000,0.25,0.25,0.15,853000000,166000000,-482000000,565000000,1958000000,349000000,38.87,41.81,35.93,0.079,0.032,15.3,2.58,28.17,27.27,0.4627,0.5311,0.3785,0.0653,0.49,0.31,0.7081
2015-03-31,1626622679,1626622679,1,64206000000,11864000000,39594000000,16466000000,24546000000,66000000,0,41790000000,12822000000,7762000000,324000000,324000000,0.2,0.19,0.15,-282000000,417000000,185000000,204000000,1835000000,441000000,35.92,37.88,33.97,0.0813,0.0343,15.09,2.14,28.06,27.12,0.4177,0.5224,0.3823,0.0703,0.49,-0.44,0.7205
2014-12-31,1649480188,1649480188,1,66815000000,11750000000,38962000000,14007000000,27750000000,103000000,0,43724000000,13865000000,8830000000,500000000,500000000,0.29,0.3,0.15,2413000000,-542000000,-1819000000,-31000000,1631000000,506000000,35.63,39.42,31.83,0.0713,0.0309,16.82,1.94,18.27,26.97,0.4452,0.4996,0.4153,0.0638,0.49,1.16,0.8389
2014-09-30,1679923170,1679923170,1,69967000000,12846000000,39011000000,14615000000,30844000000,112000000,0,45509000000,13988000000,8337000000,899000000,899000000,0.53,0.53,0.15,781000000,-402000000,-706000000,-428000000,1704000000,405000000,36.73,39.54,33.93,0.1067,0.0471,18.36,1.92,18.46,26.82,0.284,0.4535,0.4408,0.0972,0.48,0.22,0.879
2014-06-30,1685888380,1685888380,1,72680000000,13100000000,40273000000,14915000000,32268000000,139000000,0,47593000000,14255000000,8436000000,622000000,622000000,0.37,0.36,0.14,945000000,-381000000,-842000000,-290000000,2132000000,398000000,36.25,38.47,34.03,0.1093,0.048,19.14,1.94,18.4,26.67,0.272,0.4418,0.444,0.1004,0.48,0.32,0.8783
2014-03-31,1691466169,1691466169,1,72960000000,13702000000,41184000000,15325000000,31649000000,127000000,0,47400000000,14772000000,8641000000,163000000,163000000,0.1,0.09,0.14,-577000000,-317000000,679000000,-242000000,2422000000,326000000,33.95,36.05,31.84,0.1099,0.048,18.71,1.78,15.43,26.53,0.2712,0.4667,0.4338,0.0997,0.48,-0.53,0.8941
2013-12-31,1700976286,1700976286,1,72557000000,13216000000,40025000000,14396000000,32373000000,159000000,0,47591000000,14482000000,9488000000,1707000000,1707000000,0.98,0.97,0.14,5212000000,-468000000,-5764000000,-1028000000,2664000000,451000000,32.75,35.43,30.07,0.1223,0.0535,19.03,1.78,21.55,26.39,0.2419,0.4473,0.4462,0.1109,0.48,2.8,0.918
2013-09-30,1753787532,1753787532,1,74859000000,15463000000,42367000000,15269000000,32343000000,149000000,0,47790000000,15089000000,8472000000,1024000000,1024000000,0.58,0.57,0.14,780000000,-433000000,847000000,1216000000,3692000000,460000000,30.79,33.08,28.5,0.0858,0.0371,18.44,1.75,23.5,26.25,10.1617,0.4665,0.4321,0.0777,0.48,0.18,1.0127
2013-06-30,1780665630,1780665630,1,71823000000,13738000000,40274000000,13133000000,31407000000,142000000,0,47050000000,14986000000,8595000000,616000000,616000000,0.34,0.34,0.13,803000000,-284000000,-735000000,-283000000,2476000000,333000000,30.16,32.1,28.22,0.0718,0.0298,17.64,1.69,19.46,26.11,11.8706,0.4772,0.4373,0.0596,0.5,0.26,1.0461
2013-03-31,1784452636,1784452636,1,73298000000,14295000000,41280000000,13847000000,31874000000,144000000,0,47782000000,14970000000,8744000000,568000000,568000000,0.32,0.32,0.13,-385000000,-298000000,-993000000,-1716000000,2759000000,235000000,28.22,30.66,25.78,0.0814,0.0324,17.86,1.56,16.7,25.98,10.2107,0.4697,0.4349,0.0626,0.52,-0.35,1.0324
2012-12-31,1778287539,1778287539,1,75478000000,15622000000,43123000000,14873000000,32215000000,140000000,0,48353000000,15574000000,9495000000,534000000,534000000,0.29,0.29,15.27,1748000000,-558000000,-624000000,602000000,4475000000,176000000,33.52,42.54,24.5,0.0854,0.033,18.12,1.63,17.93,25.85,9.4777,0.4834,0.4268,0.0621,0.53,0.88,1.0504
2012-09-30,1777088152,1777088152,1,97779000000,19517000000,61101000000,15845000000,36551000000,127000000,0,62727000000,27323000000,12909000000,652000000,652000000,0.37,0.36,0.29,967000000,-485000000,-1298000000,-770000000,3873000000,489000000,39.8,42.44,37.15,0.0918,0.0345,20.57,1.95,19.61,10.58,0.6188,0.7475,0.3738,0.0616,0.56,0.27,1.2317
2012-06-30,1774648852,1774648852,1,97114000000,19831000000,60866000000,16054000000,36133000000,115000000,0,62128000000,28081000000,13286000000,1029000000,1029000000,0.58,0.58,0.29,2059000000,-400000000,1209000000,2791000000,4643000000,496000000,38.37,39.99,36.75,0.0992,0.0375,20.36,1.84,19.18,10.29,0.5715,0.7772,0.3721,0.0662,0.57,0.88,1.2353
2012-03-31,1772988094,1772988094,1,96647000000,17693000000,59556000000,19298000000,36965000000,126000000,0,63542000000,23198000000,13093000000,813000000,813000000,0.46,0.46,0.29,-851000000,-244000000,917000000,-122000000,1852000000,244000000,38.12,39.06,37.17,0.0959,0.0368,20.85,1.91,19.16,10,0.5794,0.6276,0.3825,0.0645,0.57,-0.62,0.9168
2011-12-31,1768235021,1768235021,1,93837000000,16202000000,58509000000,18445000000,35217000000,111000000,0,62483000000,23095000000,14688000000,830000000,830000000,0.47,0.47,0.29,2855000000,-484000000,-2332000000,-2000000,1974000000,490000000,34.91,37.93,31.88,0.0952,0.0365,19.92,1.69,18.97,9.71,0.5804,0.6558,0.3753,0.0649,0.56,1.34,0.8784
2011-09-30,1766748686,1766748686,1,95832000000,17329000000,59132000000,20360000000,36592000000,108000000,0,63008000000,23139000000,13226000000,922000000,922000000,0.52,0.52,0.29,1369000000,-619000000,-883000000,-291000000,1976000000,626000000,34.47,36.3,32.63,0.087,0.0333,20.71,1.56,19.7,9.42,0.6307,0.6324,0.3818,0.0606,0.55,0.42,0.8511
2011-06-30,1766106763,1766106763,1,99027000000,17496000000,59916000000,20280000000,38991000000,120000000,0,65572000000,23420000000,13878000000,976000000,976000000,0.55,0.55,0.29,1282000000,-381000000,-755000000,179000000,2267000000,418000000,33.41,35.47,31.35,0.0835,0.0318,22.08,1.57,19.31,9.13,0.6633,0.6007,0.3937,0.0589,0.54,0.49,0.8627
2011-03-31,1757876206,1757876206,1,98269000000,17529000000,60770000000,19779000000,37381000000,118000000,0,64943000000,24288000000,12573000000,799000000,799000000,0.46,0.45,0.29,-986000000,-244000000,795000000,-393000000,2088000000,237000000,31.21,32.2,30.21,0.0857,0.032,21.26,1.52,12.79,8.84,0.6697,0.6497,0.3804,0.06,0.53,-0.7,0.8862
2010-12-31,1748927248,1748927248,1,95289000000,16221000000,59347000000,15660000000,35834000000,108000000,0,63819000000,26859000000,13773000000,540000000,540000000,0.31,0.32,0.29,2524000000,-651000000,-1700000000,193000000,2481000000,641000000,31.23,32.67,29.8,0.1191,0.0437,20.49,1.56,12.06,8.55,0.4923,0.7495,0.3761,0.0836,0.52,1.08,1.0358
2010-09-30,1746773569,1746773569,1,93620000000,15824000000,58638000000,13626000000,34880000000,102000000,0,62240000000,29571000000,11863000000,754000000,754000000,0.43,0.43,0.29,445000000,-32000000,-1105000000,-566000000,2288000000,70000000,29.79,31.98,27.59,0.1336,0.0493,19.97,1.56,10.99,8.26,0.4545,0.8478,0.3726,0.0922,0.53,0.21,1.1613
2010-06-30,1744057736,1744057736,1,91590000000,15251000000,58231000000,13769000000,33299000000,60000000,0,61669000000,29103000000,12253000000,937000000,937000000,0.54,0.53,0.29,784000000,-649000000,-1000000000,-1024000000,2854000000,367000000,29.29,31.09,27.49,0.147,0.0543,19.09,1.49,10.69,7.97,0.4291,0.874,0.3636,0.0981,0.55,0.24,1.1076
2010-03-31,1743483521,1743483521,1,95709000000,17215000000,61215000000,15581000000,34178000000,316000000,0,62767000000,29496000000,11318000000,1883000000,1883000000,1.17,1.16,0.29,-5000000,-6130000000,7993000000,1777000000,3878000000,241000000,29.04,30.98,27.09,0.1551,0.0578,19.6,1.66,14.31,7.68,0.4219,0.863,0.3571,0.1003,0.58,-0.14,1.1049
2009-12-31,1479371197,1479371197,1,66714000000,12454000000,40742000000,11491000000,25876000000,96000000,0,42193000000,18024000000,11025000000,710000000,710000000,0.47,0.47,0.29,1815000000,-539000000,-2172000000,-895000000,2101000000,581000000,26.78,27.84,25.72,0.1237,0.0464,17.49,1.57,16.04,7.39,0.5666,0.6966,0.3879,0.0748,0.62,0.83,1.0838
2009-09-30,1475836525,1475836525,1,66669000000,13018000000,41458000000,12056000000,25125000000,86000000,0,41936000000,18108000000,9803000000,824000000,824000000,0.56,0.55,0.29,1549000000,-269000000,-64000000,1265000000,2996000000,275000000,27.26,29.11,25.41,0.1053,0.0385,17.02,1.66,13.3,7.1,0.6908,0.7207,0.3769,0.0626,0.62,0.86,1.0798
2009-06-30,1474965403,1474965403,1,64654000000,11688000000,40274000000,10303000000,24296000000,84000000,0,41482000000,18610000000,10162000000,827000000,827000000,0.56,0.56,0.29,1297000000,-257000000,-603000000,547000000,1731000000,267000000,24.59,27.24,21.94,0.1279,0.0474,16.47,1.62,12.48,6.81,0.56,0.766,0.3758,0.0758,0.63,0.7,1.1344
2009-03-31,1472743143,1472743143,1,62353000000,11141000000,39898000000,10315000000,22393000000,62000000,0,40256000000,18385000000,9396000000,660000000,660000000,0.45,0.45,0.29,423000000,-174000000,-294000000,-60000000,1184000000,207000000,25.32,29.84,20.81,0.1194,0.0449,15.2,1.68,13.19,6.52,0.572,0.821,0.3591,0.0716,0.63,0.15,1.0801
2008-12-31,1469388330,1469388330,1,63078000000,11366000000,40878000000,11044000000,22200000000,0,0,40507000000,18589000000,10191000000,163000000,163000000,0.11,0.11,0.29,1612000000,-396000000,-654000000,507000000,1244000000,466000000,29.4,34.05,24.75,0.1118,0.0428,15.11,1.64,13.49,6.23,0.5761,0.8373,0.3519,0.0687,0.62,0.78,1.0292
2008-09-30,1469127963,1469127963,1,66945000000,11257000000,40544000000,10295000000,26401000000,0,0,42069000000,18874000000,10462000000,1398000000,1398000000,0.95,0.93,0.29,1180000000,-307000000,-778000000,29000000,737000000,311000000,31.5,34.97,28.04,0.122,0.0482,17.97,1.71,19.33,5.94,0.4993,0.7149,0.3944,0.0784,0.62,0.59,1.0934
2008-06-30,1518113053,1518113053,1,70845000000,11674000000,42895000000,11830000000,27950000000,0,0,44337000000,19348000000,11176000000,732000000,732000000,0.49,0.48,0.27,1132000000,-323000000,-724000000,103000000,708000000,319000000,30.66,32.99,28.33,0.0922,0.0379,18.41,1.7,19.28,5.65,0.6549,0.6922,0.3945,0.0615,0.62,0.54,0.9868
2008-03-31,1516031559,1516031559,1,70026000000,11678000000,42760000000,14254000000,27266000000,0,0,43666000000,17428000000,10372000000,608000000,608000000,0.4,0.4,0.27,217000000,-294000000,99000000,38000000,605000000,271000000,30.74,32.85,28.63,0.0917,0.0396,17.99,1.73,18.98,5.38,0.6551,0.6392,0.3894,0.064,0.62,-0.04,0.8193
2007-12-31,1533315478,1533315478,1,67993000000,10737000000,40698000000,17086000000,27295000000,0,0,43393000000,12902000000,10396000000,585000000,585000000,0.38,0.37,0.27,1291000000,-7776000000,6524000000,69000000,567000000,383000000,33.69,35.29,32.09,0.0939,0.0436,17.8,1.94,20.67,5.12,0.6282,0.4727,0.4014,0.0695,0.63,0.59,0.6284
2007-09-30,1547195209,1547195209,1,57359000000,9544000000,30477000000,10194000000,26882000000,0,0,35760000000,10600000000,9054000000,596000000,596000000,0.38,0.38,0.27,870000000,-347000000,-453000000,79000000,498000000,352000000,33.68,36.85,30.51,0.0942,0.0467,17.37,1.93,19.81,4.85,0.6173,0.3943,0.4687,0.0726,0.64,0.33,0.9362
2007-06-30,1576711404,1576711404,1,56495000000,9158000000,29019000000,12266000000,27476000000,0,0,35576000000,7085000000,9205000000,707000000,707000000,0.45,0.44,0.25,1249000000,-319000000,-774000000,168000000,419000000,326000000,33.69,37.2,30.18,0.0966,0.0491,17.43,1.88,20.17,4.58,0.5811,0.2579,0.4863,0.0785,0.62,0.59,0.7466
2007-03-31,1604112203,1604112203,1,55814000000,8852000000,27085000000,10427000000,28729000000,0,0,35459000000,7081000000,8586000000,702000000,702000000,0.43,0.43,0.25,161000000,26000000,-176000000,12000000,251000000,180000000,33.1,36.26,29.95,0.0934,0.0483,17.91,1.9,17.89,4.33,0.5812,0.2465,0.5147,0.0792,0.61,-0.01,0.8489
2006-12-31,1639862628,1639862628,1,55574000000,8254000000,27019000000,10473000000,28555000000,0,0,35730000000,7081000000,9371000000,624000000,624000000,0.38,0.38,0.25,924000000,-185000000,-1164000000,-416000000,239000000,482000000,35.08,36.67,33.48,0.1026,0.0531,17.41,1.9,18.27,4.08,0.5173,0.248,0.5138,0.0891,0.6,0.27,0.7881
2006-09-30,1643780369,1643780369,1,58840000000,8959000000,28442000000,10871000000,30398000000,0,0,35815000000,7081000000,8243000000,748000000,748000000,0.46,0.45,0.25,1190000000,365000000,-1307000000,253000000,655000000,237000000,32.98,36.47,29.5,0.1067,0.0552,18.49,1.79,17.64,3.83,0.4851,0.2329,0.5166,0.0926,0.6,0.58,0.8241
2006-06-30,1651739795,1651739795,1,58222000000,8374000000,27854000000,9698000000,30368000000,0,0,35413000000,7478000000,8619000000,682000000,682000000,0.41,0.41,0.23,1126000000,-203000000,-806000000,135000000,402000000,265000000,31.14,33.31,28.97,0.1048,0.0541,18.39,1.73,17.9,3.58,0.4888,0.2462,0.5216,0.091,0.59,0.52,0.8635
2006-03-31,1660956670,1660956670,1,57814000000,8318000000,27837000000,8701000000,29977000000,0,0,35099000000,8476000000,8123000000,1006000000,1006000000,0.61,0.61,0.23,480000000,-93000000,-443000000,-49000000,267000000,185000000,29.34,31.25,27.44,0.0982,0.0505,18.05,1.65,18.93,3.35,0.5099,0.2828,0.5185,0.0856,0.59,0.18,0.956
2005-12-31,1668625533,1668625533,1,57628000000,8153000000,28035000000,8724000000,29593000000,0,0,35164000000,8475000000,9663000000,773000000,773000000,0.46,0.45,0.23,1426000000,-364000000,-973000000,81000000,316000000,387000000,29.34,30.8,27.88,0.0882,0.045,17.73,1.66,20.1,3.12,0.5542,0.2864,0.5135,0.0772,0.58,0.62,0.9345
2005-09-30,1681516273,1681516273,1,58102000000,8343000000,28327000000,7937000000,29775000000,0,0,35414000000,9723000000,8057000000,674000000,674000000,0.4,0.4,0.23,746000000,-326000000,-584000000,-161000000,235000000,343000000,30.77,32.17,29.36,0.0831,0.0421,17.71,1.75,20.24,2.89,0.5763,0.3265,0.5125,0.0756,0.56,0.24,1.0512
2005-06-30,1695025530,1695025530,1,58207000000,8524000000,28351000000,7820000000,29856000000,0,0,35471000000,9723000000,8334000000,472000000,472000000,0.28,0.28,0.2,1050000000,1160000000,-2028000000,176000000,396000000,302000000,31.63,33.15,30.11,0.087,0.0436,17.61,1.79,19.29,2.66,0.5357,0.3257,0.5129,0.0794,0.55,0.44,1.09
2005-03-31,1703323188,1703323188,1,60140000000,10125000000,30016000000,9181000000,30124000000,0,0,35664000000,9724000000,8059000000,713000000,713000000,0.42,0.42,0.205,242000000,55000000,-366000000,-62000000,220000000,139000000,33.49,35.65,31.34,0.0954,0.0473,17.69,1.91,21.61,2.46,0.482,0.3228,0.5009,0.0866,0.55,0.06,1.1028
2004-12-31,1706741988,1706741988,1,59928000000,9722000000,30017000000,9078000000,29911000000,0,0,35811000000,9723000000,8439000000,628000000,628000000,0.37,0.36,0.21,1520000000,-379000000,-1081000000,80000000,282000000,432000000,33.52,36.06,30.99,0.0913,0.0449,17.53,1.96,19.83,2.25,0.4949,0.3251,0.4991,0.0828,0.54,0.64,1.0709
2004-09-30,1709954692,1709954692,1,59290000000,8131000000,30070000000,7853000000,29220000000,0,0,36882000000,10972000000,7831000000,779000000,779000000,0.46,0.46,0.2,1156000000,-212000000,-908000000,38000000,202000000,221000000,31,32.55,29.45,0.1007,0.049,17.09,1.84,18.24,2.04,0.4373,0.3755,0.4928,0.0906,0.54,0.55,1.0354
2004-06-30,1715161899,1715161899,1,59123000000,8060000000,30246000000,8008000000,28877000000,0,0,36876000000,10972000000,8205000000,698000000,698000000,0.4,0.4,0.18,838000000,-199000000,-758000000,-123000000,164000000,205000000,31.59,33.49,29.68,0.1031,0.0498,16.84,1.89,17.08,1.84,0.4221,0.38,0.4884,0.0926,0.54,0.37,1.0065
2004-03-31,1720681276,1720681276,1,59289000000,8221000000,30482000000,7615000000,28807000000,0,0,36819000000,11696000000,7693000000,560000000,560000000,0.33,0.33,0.18,494000000,-266000000,-471000000,-227000000,287000000,148000000,32.79,34.7,30.88,0.1132,0.0539,16.74,1.98,16.31,1.66,0.3735,0.406,0.4859,0.1017,0.53,0.2,1.0796
2003-12-31,1723877138,1723877138,1,59285000000,8124000000,30755000000,7861000000,28530000000,0,0,36879000000,11591000000,8330000000,869000000,869000000,0.5,0.5,0.18,1299000000,-250000000,-1046000000,18000000,514000000,327000000,30.5,32.5,28.5,0.126,0.0591,16.55,1.9,14.88,1.48,0.3282,0.4063,0.4812,0.1121,0.53,0.56,1.0335
2003-09-30,1727733183,1727733183,1,58226000000,7920000000,30483000000,7709000000,27743000000,0,0,36600000000,11639000000,7480000000,810000000,810000000,0.47,0.47,0.18,1241000000,-238000000,-2008000000,-1010000000,496000000,261000000,30.2,32.79,27.6,0.1315,0.0607,16.06,1.9,14.52,1.3,0.3082,0.4195,0.4765,0.1159,0.52,0.57,1.0274
2003-06-30,1731635457,1731635457,1,59881000000,9206000000,32324000000,10157000000,27557000000,0,0,36876000000,10940000000,7841000000,949000000,949000000,0.55,0.55,0.15,1264000000,-339000000,408000000,1339000000,1506000000,277000000,30.86,33.96,27.76,0.1368,0.0621,15.91,2.02,15.05,1.12,0.2889,0.397,0.4602,0.1189,0.52,0.57,0.9064
2003-03-31,1731465897,1731465897,1,57943000000,7943000000,31467000000,7830000000,26476000000,0,0,36615000000,11014000000,7359000000,848000000,848000000,0.49,0.49,0.15,315000000,-222000000,-140000000,-48000000,167000000,220000000,32.88,39.4,26.35,0.1385,0.0622,15.29,2.21,16.78,0.97,0.2832,0.416,0.4569,0.1186,0.52,0.05,1.0144
2002-12-31,1732354056,1732354056,1,57100000000,7456000000,31268000000,7169000000,25832000000,0,0,36420000000,10416000000,7847000000,931000000,931000000,0.54,0.54,0.15,1494000000,-284000000,-1125000000,88000000,215000000,427000000,38.71,41.3,36.12,0.1359,0.06,14.91,2.65,21.27,0.82,0.286,0.4032,0.4524,0.1142,0.53,0.62,1.04
2002-09-30,1732027550,1732027550,1,56762000000,7431000000,31433000000,8047000000,25329000000,0,0,36363000000,8871000000,7216000000,869000000,869000000,0.5,0.5,0.15,1081000000,-363000000,-728000000,-13000000,127000000,314000000,37.78,41.7,33.87,0.1235,None,14.62,2.64,23.47,0.67,0.311,0.3502,0.4462,0.0983,0.54,0.44,0.9234
2002-06-30,1735000000,1735000000,1,56549000000,7410000000,31710000000,8629000000,24839000000,0,0,36315000000,8548000000,7513000000,901000000,901000000,0.52,0.52,0.13,929000000,-234000000,-709000000,-12000000,140000000,248000000,41.14,43.95,38.32,0.1108,None,14.32,2.99,None,0.52,0.3411,0.3441,0.4392,0.084,0.57,0.39,0.8587
2002-03-31,1735000000,1735000000,1,55837000000,7311000000,31960000000,9738000000,23877000000,0,0,35944000000,7804000000,7147000000,693000000,693000000,0.4,0.4,0.13,216000000,-171000000,-54000000,-10000000,152000000,195000000,36.1,39.7,32.5,None,None,13.76,2.67,None,0.39,None,0.3268,0.4276,None,None,0.01,0.7508
2001-12-31,1735000000,1735000000,1,55798000000,7006000000,32320000000,8875000000,23478000000,0,0,35957000000,8134000000,8760000000,548000000,548000000,0.4,0.4,0.13,1916000000,-499000000,-1431000000,-13000000,162000000,410000000,33.53,35.57,31.5,None,None,13.53,2.5,None,0.26,None,0.3465,0.4208,None,None,0.87,0.7894
2001-09-30,1735000000,1735000000,1,51823000000,7348000000,28516000000,8419000000,23307000000,0,0,31472000000,4654000000,8056000000,503000000,503000000,0.29,0.29,0.13,784000000,-208000000,-587000000,-12000000,175000000,243000000,32.41,34.81,30,None,None,13.43,2.44,None,0.13,None,0.1997,0.4497,None,None,0.31,0.8728
2001-06-30,1735000000,1735000000,1,51758000000,7387000000,28750000000,8120000000,23008000000,0,0,31388000000,2679000000,None,None,None,None,None,0,None,None,None,None,187000000,0,30.75,32,29.5,None,None,13.26,None,None,0,None,0.1164,0.4445,None,None,None,0.9097
