"Quarter end","Shares","Shares split adjusted","Split factor","Assets","Current Assets","Liabilities","Current Liabilities","Shareholders equity","Non-controlling interest","Preferred equity","Goodwill & intangibles","Long-term debt","Revenue","Earnings","Earnings available for common stockholders","EPS basic","EPS diluted","Dividend per share","Cash from operating activities","Cash from investing activities","Cash from financing activities","Cash change during period","Cash at end of period","Capital expenditures","Price","Price high","Price low","ROE","ROA","Book value of equity per share","P/B ratio","P/E ratio","Cumulative dividends per share","Dividend payout ratio","Long-term debt to equity ratio","Equity to assets ratio","Net margin","Asset turnover","Free cash flow per share","Current ratio"
2019-06-30,282397501,282397501,1,47840000000,18100000000,44944000000,15132000000,2850000000,46000000,0,14126000000,12637000000,14427000000,1420000000,1420000000,5.03,5,2.2,1668000000,-251000000,-1241000000,176000000,1167000000,249000000,329.94,363.75,296.14,None,0.1259,10.09,37.84,16.87,67.86,0.416,4.434,0.0596,0.1018,1.24,5.02,1.1961
2019-03-31,282538809,282538809,1,47684000000,18031000000,45162000000,15403000000,2465000000,57000000,0,14194000000,12621000000,14336000000,1704000000,1704000000,6.03,5.99,2.2,1663000000,-257000000,-1187000000,219000000,991000000,284000000,284.28,311.78,256.79,None,0.1221,8.72,57.66,16.16,65.66,0.4258,5.1201,0.0517,0.0991,1.23,4.88,1.1706
2018-12-31,282562534,282562534,1,44876000000,16103000000,43427000000,14398000000,1394000000,55000000,0,14263000000,12604000000,14411000000,1253000000,1253000000,4.43,4.38,2.2,2217000000,-402000000,-1940000000,-125000000,772000000,459000000,296.26,351.35,241.18,None,0.1108,4.93,89.23,27.03,63.46,0.462,9.0416,0.0311,0.0939,1.18,6.22,1.1184
2018-09-30,284425688,284425688,1,45495000000,16859000000,44493000000,15204000000,943000000,59000000,0,14358000000,13486000000,14318000000,1473000000,1473000000,5.18,5.14,2,361000000,-344000000,-301000000,-284000000,897000000,339000000,319.76,348,291.52,None,0.0686,3.32,219.01,35.29,61.26,0.7238,14.3012,0.0207,0.0578,1.19,0.08,1.1089
2018-06-24,284781066,284781066,1,45125000000,16504000000,44646000000,13881000000,416000000,63000000,0,14427000000,13479000000,13398000000,1163000000,1163000000,4.08,4.05,2,-72000000,-243000000,-897000000,-1212000000,1181000000,264000000,330.05,361.99,298.1,None,0.0559,1.46,None,40.05,59.26,0.8535,32.4014,0.0092,0.05,1.12,-1.18,1.189
2018-03-25,285529483,285529483,1,46634000000,17816000000,46745000000,13974000000,-182000000,71000000,0,14536000000,13473000000,11635000000,1157000000,1157000000,4.05,4.02,2,632000000,-86000000,-1014000000,-468000000,2393000000,216000000,340.25,363,317.5,None,0.0502,-0.64,None,49.82,57.26,0.9133,None,None,0.0464,1.08,1.46,1.2749
2017-12-31,285570742,285570742,1,46521000000,17461000000,47130000000,12637000000,-683000000,74000000,0,14604000000,13513000000,15137000000,-642000000,-642000000,-2.25,-2.25,2,1512000000,-492000000,-1100000000,-80000000,2861000000,507000000,313.63,323.94,303.31,None,0.0415,-2.39,42.85,24.54,55.26,1.0709,None,None,0.0392,1.06,3.52,1.3817
2017-09-24,286734181,286734181,1,48946000000,17208000000,46771000000,13084000000,2098000000,77000000,0,14689000000,14268000000,12169000000,939000000,939000000,3.27,3.24,1.82,1754000000,-216000000,-1049000000,489000000,2941000000,222000000,293.02,311.36,274.69,None,0.0769,7.32,66.75,16.77,53.26,0.5624,6.8008,0.0429,0.0795,0.97,5.34,1.3152
2017-06-25,287990865,287990865,1,48711000000,16566000000,47362000000,13641000000,1265000000,84000000,0,14724000000,14283000000,12685000000,942000000,942000000,3.27,3.23,1.82,1544000000,-273000000,-1035000000,236000000,2452000000,278000000,274.51,284.98,264.04,None,0.107,4.39,53.62,15.63,51.44,0.3973,11.2909,0.026,0.112,0.96,4.4,1.2144
2017-03-26,289443053,289443053,1,48836000000,16586000000,47251000000,13597000000,1483000000,102000000,0,14792000000,14276000000,11057000000,763000000,763000000,2.63,2.61,1.82,1666000000,-166000000,-1121000000,379000000,2216000000,170000000,261.28,274.57,248,None,0.1077,5.12,50.25,14.9,49.62,0.3867,9.6264,0.0304,0.1131,0.95,5.17,1.2198
2016-12-31,290315668,290315668,1,47806000000,15108000000,46200000000,12542000000,1511000000,95000000,0,14857000000,14282000000,11081000000,1092000000,1092000000,3.75,3.7,1.82,729000000,-434000000,-1353000000,-1058000000,1837000000,436000000,249.2,269.9,228.5,None,0.1076,5.2,31.42,14.8,47.8,0.3798,9.452,0.0316,0.1122,0.96,1.01,1.2046
2016-09-25,292977354,292977354,1,48739000000,17110000000,46309000000,14425000000,2323000000,107000000,0,14996000000,14304000000,11551000000,2395000000,2395000000,8.02,7.93,1.65,1320000000,-224000000,530000000,1626000000,2895000000,241000000,251.11,266.93,235.28,None,0.1037,7.93,25.39,21.5,45.98,0.3869,6.1576,0.0477,0.1048,0.99,3.68,1.1861
2016-06-26,302905786,302905786,1,50408000000,16073000000,47411000000,15595000000,2997000000,0,0,17672000000,14307000000,12914000000,1021000000,1021000000,3.37,3.32,1.65,1577000000,-180000000,-1580000000,-183000000,1269000000,235000000,231.86,245.37,218.34,None,0.0763,9.89,22.21,20.52,44.33,0.5445,4.7738,0.0595,0.0737,1.04,4.43,1.0307
2016-03-27,304453019,304453019,1,50158000000,15767000000,46981000000,14912000000,3177000000,0,0,17704000000,14320000000,11702000000,794000000,794000000,2.61,2.58,1.65,1563000000,-147000000,-1054000000,362000000,1452000000,151000000,211.83,223.19,200.47,None,0.0788,10.44,20.89,18.48,42.68,0.549,4.5074,0.0633,0.0738,1.07,4.64,1.0573
2015-12-31,305487347,305487347,1,49128000000,16198000000,46031000000,14057000000,3097000000,0,0,17723000000,14305000000,12917000000,933000000,933000000,3.06,3.01,1.65,1364000000,-9323000000,5749000000,-2210000000,1090000000,439000000,213.46,227.91,199.01,None,0.0857,10.14,23.33,18.94,41.03,0.5279,4.619,0.063,0.0781,1.1,3.03,1.1523
2015-09-27,307295494,307295494,1,39617000000,15055000000,36804000000,12980000000,2813000000,0,0,10832000000,7460000000,11461000000,865000000,865000000,2.8,2.77,1.5,1517000000,-193000000,-1226000000,98000000,3300000000,191000000,197.63,213.34,181.91,None,0.0915,9.15,20.59,17.55,39.38,0.5236,2.652,0.071,0.0782,1.17,4.32,1.1599
2015-06-28,310534530,310534530,1,39848000000,15287000000,36866000000,12624000000,2982000000,0,0,10867000000,7950000000,11643000000,929000000,929000000,2.98,2.94,1.5,1263000000,-126000000,-1421000000,-284000000,3202000000,191000000,195.92,206.19,185.65,0.9945,0.0937,9.6,17.52,17.68,37.88,0.5089,2.666,0.0748,0.0793,1.18,3.45,1.2109
2015-03-29,314760542,314760542,1,39752000000,15218000000,36232000000,11567000000,3520000000,0,0,10841000000,8404000000,10111000000,878000000,878000000,2.78,2.74,1.5,957000000,-92000000,1175000000,2040000000,3486000000,118000000,196.53,207.06,186.01,0.9003,0.0943,11.18,18.25,17.53,36.38,0.5023,2.3875,0.0885,0.079,1.19,2.67,1.3156
2014-12-31,315583849,315583849,1,37073000000,12329000000,33673000000,11112000000,3400000000,0,0,10862000000,6169000000,12530000000,904000000,904000000,2.87,2.82,1.5,-201000000,-659000000,-657000000,-1517000000,1446000000,389000000,182.5,198.72,166.28,0.8457,0.0976,10.77,12.6,18.45,34.88,0.4809,1.8144,0.0917,0.0793,1.23,-1.87,1.1095
2014-09-28,315925164,315925164,1,36933000000,13684000000,32359000000,12133000000,4574000000,0,0,10774000000,6165000000,11114000000,888000000,888000000,2.81,2.76,1.33,990000000,-638000000,-825000000,-473000000,2963000000,203000000,169.25,182.27,156.23,0.6873,0.0868,14.48,12.44,17.29,33.38,0.5291,1.3478,0.1238,0.0717,1.21,2.49,1.1278
2014-06-29,317388019,317388019,1,37250000000,14163000000,32931000000,12147000000,4319000000,0,0,10505000000,6169000000,11306000000,889000000,889000000,2.81,2.76,1.33,977000000,-300000000,-505000000,172000000,3436000000,150000000,161.2,168.87,153.54,0.8314,0.0853,13.61,10.66,16.67,32.05,0.5153,1.4283,0.1159,0.071,1.2,2.61,1.166
2014-03-30,317377058,317377058,1,36919000000,14234000000,32119000000,11995000000,4800000000,0,0,10370000000,6152000000,10650000000,933000000,933000000,2.92,2.87,1.33,2100000000,-126000000,-1327000000,647000000,3264000000,103000000,156.55,168.41,144.69,None,0.0835,15.12,10.23,17.15,30.73,0.5033,1.2817,0.13,0.0702,1.19,6.29,1.1867
2013-12-31,321430271,321430271,1,36188000000,13329000000,31270000000,11120000000,4918000000,0,0,10348000000,6152000000,11533000000,488000000,488000000,1.52,1.5,1.33,938000000,-337000000,-645000000,-44000000,2617000000,345000000,135.75,149.99,121.52,None,0.0776,15.3,34.02,14.49,29.4,0.5144,1.2509,0.1359,0.0657,1.18,1.84,1.1987
2013-09-29,320307248,320307248,1,38907000000,14119000000,37630000000,12293000000,1277000000,0,0,10534000000,6156000000,11347000000,873000000,873000000,2.72,2.66,1.15,900000000,-437000000,-647000000,-184000000,2661000000,209000000,118.57,131.6,105.54,None,0.0785,3.99,54.89,13.29,28.07,0.4823,4.8207,0.0328,0.0667,1.18,2.16,1.1485
2013-06-30,320936590,320936590,1,38947000000,14379000000,38253000000,12253000000,694000000,0,0,10352000000,6140000000,11408000000,859000000,859000000,2.68,2.64,1.15,623000000,-191000000,-652000000,-220000000,2845000000,176000000,101.63,109.26,94,None,0.0745,2.16,106.98,11.74,26.92,0.4911,8.8473,0.0178,0.0628,1.19,1.39,1.1735
2013-03-31,320405322,320405322,1,39580000000,14872000000,39276000000,12625000000,304000000,0,0,10356000000,6154000000,11070000000,761000000,761000000,2.37,2.33,1.15,2085000000,-156000000,-762000000,1167000000,3065000000,106000000,91.23,96.59,85.88,None,0.0728,0.95,760.25,10.91,25.77,0.4889,20.2434,0.0077,0.0604,1.2,6.18,1.178
2012-12-31,322583334,322583334,1,38657000000,13855000000,38618000000,12155000000,39000000,0,0,10370000000,6158000000,12099000000,569000000,569000000,1.76,1.74,1.15,-1315000000,-675000000,-764000000,-2754000000,1898000000,428000000,91.5,95.92,87.08,None,0.071,0.12,12.12,10.51,24.62,0.4895,157.8974,0.001,0.0582,1.22,-5.4,1.1399
2012-09-30,323587437,323587437,1,39321000000,15791000000,36879000000,12668000000,2442000000,0,0,10183000000,6374000000,11869000000,727000000,727000000,2.25,2.21,1,1573000000,-249000000,-474000000,850000000,4652000000,208000000,88.57,93.99,83.15,None,0.0743,7.55,13.04,10.3,23.47,0.4539,2.6102,0.0621,0.0605,1.23,4.22,1.2465
2012-06-24,324416270,324416270,1,38386000000,14800000000,36182000000,12268000000,2204000000,0,0,10158000000,6343000000,11921000000,781000000,781000000,2.41,2.38,1,845000000,-149000000,-412000000,284000000,3802000000,175000000,86.19,92.24,80.14,None,0.0751,6.79,17.77,10.31,22.47,0.4297,2.8779,0.0574,0.0596,1.26,2.07,1.2064
2012-03-25,324636773,324636773,1,38340000000,14561000000,36767000000,12211000000,1573000000,0,0,10170000000,6472000000,11293000000,668000000,668000000,2.06,2.03,1,458000000,-149000000,-373000000,-64000000,3518000000,131000000,85.03,91.01,79.05,None,0.0754,4.85,27.61,10.86,21.47,0.4096,4.1144,0.041,0.0592,1.27,1.01,1.1924
2011-12-31,325105500,325105500,1,37908000000,14094000000,36907000000,12130000000,1001000000,0,0,10148000000,6460000000,12196000000,683000000,683000000,2.12,2.09,1,1215000000,-1150000000,-1056000000,-991000000,3582000000,1704000000,76.12,81.86,70.37,0.9634,0.0725,3.08,8.36,8.93,20.47,0.4068,6.4535,0.0264,0.0571,1.27,-1.5,1.1619
2011-09-25,323570483,323570483,1,36187000000,14669000000,33244000000,12144000000,2943000000,0,0,9606000000,6538000000,12119000000,700000000,700000000,2.12,2.1,0.75,511000000,83000000,721000000,1296000000,4564000000,201000000,74.3,82.23,66.36,0.8609,0.0823,9.1,7.58,9.3,19.47,0.3443,2.2215,0.0813,0.0633,1.3,0.96,1.2079
2011-06-26,335622531,335622531,1,35718000000,13954000000,32430000000,12056000000,3288000000,0,0,9615000000,5031000000,11551000000,742000000,742000000,2.16,2.14,0.75,843000000,317000000,-1247000000,-89000000,3268000000,147000000,78.51,81.92,75.1,0.7687,0.079,9.8,7.19,9.73,18.72,0.3544,1.5301,0.0921,0.0616,1.28,2.07,1.1574
2011-03-27,347299178,347299178,1,36677000000,14743000000,32886000000,12430000000,3791000000,0,0,9609000000,5023000000,10633000000,530000000,530000000,1.52,1.5,0.75,1684000000,-63000000,-537000000,1096000000,3357000000,95000000,76.03,82.43,69.62,0.768,0.0811,10.92,7.17,9.48,17.97,0.3362,1.325,0.1034,0.0635,1.28,4.58,1.1861
2010-12-31,349855179,349855179,1,35067000000,12851000000,31359000000,11157000000,3708000000,0,0,9605000000,5019000000,12349000000,983000000,983000000,2.76,2.78,0.75,160000000,548000000,-1107000000,-395000000,2261000000,426000000,70.69,73.7,67.68,0.7606,0.0818,10.6,6.5,9.55,17.22,0.3251,1.3536,0.1057,0.0639,1.28,-0.76,1.1518
2010-09-26,360128404,360128404,1,35551000000,13939000000,31633000000,11638000000,3918000000,0,0,9746000000,5019000000,11375000000,571000000,571000000,1.59,1.57,0.63,513000000,-63000000,-536000000,-66000000,2656000000,171000000,72.27,76.34,68.19,0.7009,0.0774,10.88,7.02,9.15,16.47,0.3341,1.281,0.1102,0.0602,1.28,0.95,1.1977
2010-06-27,362498184,362498184,1,36239000000,14212000000,32505000000,11859000000,3734000000,0,0,9976000000,5019000000,11442000000,825000000,825000000,2.25,2.22,0.63,1225000000,-796000000,-990000000,-566000000,2722000000,131000000,80.71,87.06,74.36,0.7973,0.0836,10.3,7.43,10.68,15.84,0.3056,1.3441,0.103,0.0656,1.27,3.02,1.1984
2010-03-28,370997920,370997920,1,36287000000,13919000000,32259000000,11572000000,4028000000,0,0,10221000000,5053000000,10637000000,547000000,547000000,1.46,1.45,0.63,1649000000,-8000000,-730000000,897000000,3288000000,92000000,80.4,87.18,73.61,0.8231,0.0819,10.86,7.31,10.32,15.21,0.312,1.2545,0.111,0.0639,1.28,4.2,1.2028
2009-12-31,375428680,375428680,1,35111000000,12477000000,30982000000,10703000000,4129000000,0,0,10259000000,5052000000,12524000000,827000000,827000000,2.19,2.16,0.63,-605000000,-239000000,506000000,-318000000,2391000000,371000000,73.52,79.65,67.39,0.9371,0.0863,11,8.91,9.57,14.58,0.2957,1.2235,0.1176,0.0669,1.29,-2.6,1.1657
2009-09-27,380782678,380782678,1,35742000000,12443000000,32602000000,11583000000,3140000000,0,0,10282000000,3563000000,11056000000,797000000,797000000,2.09,2.07,0.57,1424000000,-779000000,-600000000,37000000,2709000000,182000000,77.56,82.92,72.2,None,0.0872,8.25,10.57,10.3,13.95,0.2924,1.1347,0.0879,0.069,1.26,3.26,1.0742
2009-06-28,384355119,384355119,1,34788000000,11913000000,31968000000,11287000000,2820000000,0,0,10064000000,3563000000,11236000000,734000000,734000000,1.9,1.88,0.57,1136000000,-208000000,-672000000,288000000,2672000000,167000000,76.13,87.06,65.21,0.6564,0.091,7.34,10.5,9.76,13.38,0.2776,1.2635,0.0811,0.0694,1.31,2.52,1.0555
2009-03-29,388885001,388885001,1,34533000000,11671000000,31714000000,11365000000,2819000000,0,0,10035000000,3563000000,10373000000,666000000,666000000,1.69,1.68,0.57,1218000000,-292000000,-710000000,216000000,2384000000,132000000,71.66,85.9,57.41,0.508,0.0995,7.25,9.88,9.11,12.81,0.2479,1.2639,0.0816,0.0731,1.36,2.79,1.0269
2008-12-31,395271609,395271609,1,33439000000,10683000000,30574000000,10542000000,2865000000,0,0,9881000000,3563000000,11132000000,823000000,823000000,2.08,2.05,0.57,1015000000,-444000000,-810000000,-239000000,2168000000,423000000,91.19,115.01,67.38,0.4101,0.106,7.25,3.73,11.84,12.24,0.2266,1.2436,0.0857,0.0753,1.41,1.5,1.0134
2008-09-28,400607757,400607757,1,29357000000,10710000000,19549000000,10533000000,9808000000,0,0,9950000000,3804000000,10577000000,782000000,782000000,1.97,1.92,0.42,1033000000,-378000000,-1406000000,-751000000,2463000000,229000000,109.05,120.3,97.8,0.3334,0.1093,24.48,4.63,14.39,11.67,0.2114,0.3878,0.3341,0.0752,1.45,2.01,1.0168
2008-06-29,396351634,396351634,1,29461000000,11308000000,20127000000,11256000000,9334000000,0,0,9893000000,3803000000,11039000000,882000000,882000000,2.21,2.15,0.42,1491000000,-156000000,-920000000,415000000,3214000000,170000000,104.52,110.6,98.44,0.3536,0.1083,23.55,4.49,14.42,11.25,0.205,0.4074,0.3168,0.074,1.46,3.33,1.0046
2008-03-30,402123128,402123128,1,29149000000,11180000000,19782000000,9874000000,9367000000,0,0,9827000000,4803000000,9983000000,730000000,730000000,1.8,1.75,0.42,882000000,71000000,-802000000,151000000,2799000000,104000000,100.34,110.25,90.44,0.3641,0.1045,23.29,4.18,14.13,10.83,0.2049,0.5128,0.3213,0.0722,1.45,1.93,1.1323
2007-12-31,408122756,408122756,1,28926000000,10940000000,19121000000,9871000000,9805000000,0,0,9850000000,4303000000,10841000000,799000000,799000000,1.93,1.88,0.42,420000000,-429000000,-437000000,-446000000,2648000000,460000000,108.53,113.74,103.33,0.3861,0.1034,24.02,6.04,15.75,10.41,0.2003,0.4389,0.339,0.0725,1.43,-0.1,1.1083
2007-09-30,413148976,413148976,1,29787000000,11074000000,22359000000,9891000000,7428000000,0,0,9871000000,4303000000,11095000000,766000000,766000000,1.85,1.8,0.35,935000000,-453000000,-396000000,86000000,3094000000,226000000,98.81,108.75,88.86,0.4159,0.1016,17.98,5.7,15.09,9.99,0.1971,0.5793,0.2494,0.0708,1.44,1.72,1.1196
2007-06-30,413353464,413353464,1,29814000000,11498000000,22655000000,10564000000,7159000000,0,0,9918000000,4302000000,10651000000,778000000,778000000,1.87,1.82,0.35,1404000000,-308000000,-866000000,230000000,3008000000,170000000,96.58,100.1,93.06,0.3877,0.0975,17.32,5.77,15.91,9.64,0.2005,0.6009,0.2401,0.07,1.39,2.99,1.0884
2007-03-31,419624420,419624420,1,28853000000,10860000000,21825000000,9920000000,7028000000,0,0,9927000000,4405000000,9275000000,690000000,690000000,1.64,1.6,0.35,1482000000,-15000000,-601000000,866000000,2778000000,84000000,97.29,103.5,91.08,0.3545,0.0917,16.75,5.97,16.75,9.29,0.2089,0.6268,0.2436,0.0662,1.38,3.33,1.0948
2006-12-31,422481655,422481655,1,28231000000,10164000000,21347000000,9553000000,6884000000,0,0,9855000000,4405000000,10840000000,729000000,729000000,1.73,1.67,0.35,333000000,-421000000,-288000000,-376000000,1912000000,440000000,87.97,93.24,82.7,0.331,0.0886,16.29,4.61,16.2,8.94,0.2103,0.6399,0.2438,0.0638,1.39,-0.25,1.064
2006-09-30,423895827,423895827,1,29093000000,10956000000,21010000000,10383000000,8083000000,0,0,9937000000,4403000000,9605000000,629000000,629000000,1.48,1.46,0.3,652000000,-702000000,-618000000,-668000000,2288000000,190000000,79.23,86.45,72.01,0.3003,0.0833,19.07,4.38,16.07,8.59,0.2175,0.5447,0.2778,0.0607,1.37,1.09,1.0552
2006-06-30,423867513,423867513,1,28436000000,10963000000,20778000000,9903000000,7658000000,0,0,9352000000,4746000000,9961000000,580000000,580000000,1.35,1.34,0.3,1613000000,-415000000,-924000000,274000000,2956000000,165000000,73.91,77.95,69.87,0.2777,0.0774,18.07,4.02,16.03,8.29,0.2294,0.6197,0.2693,0.0561,1.38,3.42,1.107
2006-03-31,431882361,431882361,1,28439000000,11228000000,20503000000,9767000000,7936000000,0,0,9072000000,4762000000,9214000000,591000000,591000000,1.36,1.34,0.3,1185000000,-117000000,-630000000,438000000,2682000000,98000000,70.15,77.78,62.52,0.2606,0.0738,18.38,3.9,17.11,7.99,0.2348,0.6001,0.2791,0.054,1.37,2.52,1.1496
2005-12-31,436911542,436911542,1,27744000000,10529000000,19877000000,9428000000,7867000000,0,0,9007000000,4784000000,10229000000,568000000,568000000,1.31,1.29,0.3,56000000,-498000000,-454000000,-896000000,2244000000,503000000,61.39,64.28,58.5,0.236,0.0667,18.01,3.46,16.87,7.69,0.2532,0.6081,0.2836,0.049,1.36,-1.02,1.1168
2005-09-30,436056619,436056619,1,27357000000,11037000000,19624000000,9534000000,7733000000,0,0,8894000000,4874000000,9201000000,427000000,427000000,0.97,0.96,0.25,893000000,-168000000,-647000000,78000000,3140000000,154000000,62.53,65.24,59.82,0.2166,0.0608,17.73,3.52,18.55,7.39,0.2709,0.6303,0.2827,0.0441,1.38,1.69,1.1576
2005-06-30,443781409,443781409,1,27393000000,11176000000,19507000000,9749000000,7886000000,0,0,8932000000,4874000000,9295000000,461000000,461000000,1.03,1.02,0.25,697000000,-85000000,-277000000,335000000,3062000000,119000000,61.87,65.46,58.28,0.204,0.0567,17.77,3.69,20.55,7.14,0.2847,0.6181,0.2879,0.0417,1.36,1.3,1.1464
2005-03-31,443990087,443990087,1,26878000000,10732000000,19437000000,9142000000,7441000000,0,0,8971000000,5104000000,8488000000,369000000,369000000,0.84,0.83,0.25,1548000000,252000000,-133000000,1667000000,2727000000,89000000,57,61.47,52.54,0.1871,0.051,16.76,3.58,20.14,6.89,0.3099,0.6859,0.2768,0.0377,1.35,3.29,1.1739
2004-12-31,441141338,441141338,1,25554000000,8953000000,18533000000,8566000000,7021000000,0,0,8564000000,5104000000,9965000000,372000000,372000000,0.84,0.83,0.25,89000000,-508000000,-1344000000,-1763000000,1060000000,376000000,56.98,61.77,52.19,0.1788,0.0481,15.92,3.48,20.57,6.64,0.3193,0.727,0.2748,0.0356,1.35,-0.65,1.0452
2004-09-30,442676492,442676492,1,26644000000,10252000000,19404000000,8573000000,7240000000,0,0,8579000000,6070000000,8438000000,307000000,307000000,0.69,0.69,0.22,1039000000,-212000000,-247000000,580000000,2823000000,133000000,53.52,56,51.05,0.1765,0.0468,16.36,3.39,20.91,6.39,0.317,0.8384,0.2717,0.0358,1.3,2.05,1.1958
2004-06-30,444885823,444885823,1,26240000000,9619000000,19206000000,8136000000,7034000000,0,0,8615000000,6070000000,8776000000,296000000,296000000,0.67,0.66,0.22,734000000,-135000000,-480000000,119000000,2243000000,154000000,49.11,52.5,45.73,0.1694,0.0441,15.81,3.14,20.13,6.17,0.3041,0.863,0.2681,0.0336,1.31,1.3,1.1823
2004-03-31,448791412,448791412,1,26823000000,10157000000,19799000000,8902000000,7024000000,0,0,8650000000,6072000000,8347000000,291000000,291000000,0.66,0.65,0.22,1062000000,147000000,-95000000,1114000000,2124000000,106000000,47.64,52.19,43.1,0.1672,0.0426,15.65,3.15,20.36,5.95,0.2791,0.8645,0.2619,0.033,1.29,2.13,1.141
2003-12-31,447252536,447252536,1,26175000000,9401000000,19419000000,8893000000,6756000000,0,0,8686000000,6072000000,8978000000,344000000,344000000,0.77,0.77,0.22,135000000,-646000000,-314000000,-825000000,1010000000,320000000,48.13,51.47,44.78,0.1686,0.0418,15.11,3.45,60.16,5.73,0.2475,0.8988,0.2581,0.0331,1.26,-0.41,1.0571
2003-09-30,450875015,450875015,1,24880000000,9714000000,18582000000,8312000000,6298000000,0,0,8101000000,6073000000,8078000000,217000000,217000000,0.49,0.48,0.12,285000000,-172000000,-187000000,-74000000,1835000000,165000000,49.55,55,44.09,0.0601,0.0144,13.97,3.67,51.61,5.51,0.5866,0.9643,0.2531,0.0118,1.22,0.27,1.1687
2003-06-30,450871741,450871741,1,24795000000,9586000000,18704000000,8463000000,6091000000,0,0,8132000000,6075000000,7709000000,242000000,242000000,0.54,0.54,0.12,845000000,-411000000,-615000000,-181000000,1909000000,124000000,47.49,51.66,43.32,0.0682,0.0167,13.51,3.66,40.59,5.39,0.4791,0.9974,0.2457,0.015,1.11,1.6,1.1327
2003-03-31,450098028,450098028,1,25015000000,9894000000,19176000000,8913000000,5839000000,0,0,8171000000,6201000000,7059000000,250000000,250000000,0.56,0.55,0.12,544000000,-232000000,-960000000,-648000000,2090000000,78000000,49.8,58.95,40.64,0.0794,0.0197,12.97,3.87,44.86,5.27,0.3841,1.062,0.2334,0.0192,1.02,1.04,1.1101
2002-12-31,455709443,455709443,1,25758000000,10626000000,19893000000,9821000000,5865000000,0,0,8194000000,6217000000,7780000000,-347000000,-347000000,-0.77,-0.77,0.11,-440000000,-194000000,-118000000,-752000000,2738000000,266000000,57.09,65.55,48.64,0.0719,0.0181,12.87,3.38,None,5.15,0.3998,1.06,0.2277,0.0188,0.96,-1.55,1.082
2002-09-30,456079806,456079806,1,28919000000,11947000000,21219000000,10257000000,7700000000,0,0,8217000000,6693000000,6542000000,290000000,290000000,0.65,0.64,0.11,1180000000,-104000000,-15000000,1061000000,3490000000,135000000,61.13,69.97,52.3,-0.0931,-0.0235,16.88,3.76,None,5.04,None,0.8692,0.2663,None,0.9,2.29,1.1648
2002-06-30,454909025,454909025,1,28331000000,11659000000,20937000000,10098000000,7394000000,0,0,8248000000,6687000000,6290000000,339000000,339000000,0.76,0.75,0.11,1120000000,-173000000,115000000,1062000000,2429000000,156000000,64.44,71.52,57.35,-0.1035,-0.0261,16.25,4.23,None,4.93,None,0.9044,0.261,None,0.89,2.12,1.1546
2002-03-31,450705995,450705995,1,27779000000,11063000000,20918000000,9669000000,6861000000,0,0,8279000000,7093000000,5966000000,218000000,218000000,0.5,0.49,0.11,428000000,-68000000,95000000,455000000,1367000000,105000000,52.91,59.96,45.85,-0.1307,-0.0329,15.22,3.64,None,4.82,None,1.0338,0.247,None,0.88,0.72,1.1442
2001-12-31,443385919,443385919,1,27654000000,10778000000,21211000000,9689000000,6443000000,0,0,8310000000,7422000000,6635000000,-1508000000,-1508000000,-3.5,-3.5,0.11,-369000000,-285000000,-235000000,-889000000,912000000,307000000,47.69,52.98,42.4,-0.1446,-0.036,14.53,2.68,37.26,4.71,None,1.1519,0.233,None,0.82,-1.52,1.1124
2001-09-30,440518418,440518418,1,29197000000,10508000000,21365000000,9817000000,7832000000,0,0,9596000000,7639000000,6384000000,213000000,213000000,0.5,0.49,0.11,997000000,705000000,-1123000000,579000000,1801000000,119000000,40.68,46,35.36,0.0743,0.0185,17.78,2.39,None,4.6,0.348,0.9754,0.2682,0.0221,0.84,1.99,1.0704
2001-06-30,435985378,435985378,1,28968000000,10019000000,21558000000,9108000000,7410000000,0,0,9723000000,8517000000,5961000000,144000000,144000000,0.34,0.33,0.11,148000000,-150000000,-1165000000,-1167000000,1222000000,121000000,36.92,39.8,34.05,-0.0506,-0.012,17,2.21,None,4.49,None,1.1494,0.2558,None,0.8,0.06,1.1
2001-03-31,434327261,434327261,1,30510000000,11523000000,23250000000,10231000000,7260000000,0,0,9829000000,9029000000,5010000000,105000000,105000000,0.25,0.25,0.11,1049000000,-131000000,-34000000,884000000,2389000000,72000000,35.25,39.5,31,-0.067,-0.0152,16.72,2.13,None,4.38,None,1.2437,0.238,None,0.81,2.25,1.1263
2000-12-31,432147713,432147713,1,30349000000,11259000000,23189000000,10175000000,7160000000,0,0,9943000000,9065000000,7595000000,89000000,89000000,0.21,0.21,0.11,271000000,1383000000,-2087000000,-433000000,1505000000,217000000,33.82,37.58,30.06,-0.0764,-0.017,16.57,2.06,None,4.27,None,1.2661,0.2359,None,0.83,0.12,1.1065
2000-09-30,430755869,430755869,1,32271000000,13338000000,25189000000,10337000000,7082000000,0,0,9917000000,10962000000,5960000000,-704000000,-704000000,-1.74,-1.74,0.11,147000000,607000000,-65000000,689000000,1938000000,98000000,28.83,33.6,24.06,-0.0478,-0.0103,16.44,1.8,18.25,4.16,None,1.5479,0.2195,None,0.81,0.11,1.2903
2000-06-30,401842266,401842266,1,29892000000,10977000000,23453000000,9531000000,6439000000,0,0,10208000000,10650000000,6212000000,42000000,42000000,0.11,0.11,0.11,1116000000,-114000000,-286000000,716000000,1249000000,101000000,23.56,27.31,19.81,0.0954,0.0204,16.02,1.46,17.32,4.05,0.4339,1.654,0.2154,0.0243,0.84,2.53,1.1517
2000-03-31,400252924,400252924,1,29603000000,10459000000,23128000000,8297000000,6475000000,0,0,10315000000,11411000000,5562000000,54000000,54000000,0.14,0.14,0.11,482000000,-114000000,-290000000,78000000,533000000,84000000,19.41,22.31,16.5,0.0839,0.0178,16.18,1.21,19.61,3.94,0.5845,1.7623,0.2187,0.021,0.85,0.99,1.2606
1999-12-31,398164999,398164999,1,30012000000,10696000000,23651000000,8812000000,6361000000,0,0,10421000000,11427000000,6982000000,293000000,293000000,0.77,0.76,0.22,694000000,-73000000,-166000000,455000000,455000000,227000000,24.88,33.38,16.38,0.0623,0.0131,15.98,1.61,44.43,3.83,0.912,1.7964,0.2119,0.015,0.88,1.17,1.2138
1999-09-30,395952944,395952944,1,29558000000,10129000000,23432000000,9734000000,6126000000,0,0,10529000000,10463000000,6157000000,217000000,217000000,0.57,0.57,0.22,559000000,-1474000000,915000000,0,0,166000000,35.06,39.94,30.19,0.0352,0.0074,15.47,2.32,42.5,3.61,1.6231,1.708,0.2073,0.0083,0.89,0.99,1.0406
1999-06-30,395156608,395156608,1,28382000000,10372000000,22411000000,9073000000,5971000000,0,0,10733000000,9984000000,6203000000,-41000000,-41000000,-0.11,-0.11,0.22,-23000000,-142000000,122000000,-43000000,0,145000000,39.88,46,33.75,0.0521,0.0109,15.11,2.6,23.53,3.39,1.0754,1.6721,0.2104,0.0122,0.9,-0.43,1.1432
1999-03-31,394325346,394325346,1,28596000000,10480000000,22543000000,10390000000,6053000000,0,0,10840000000,8788000000,6188000000,-87000000,-87000000,-0.23,-0.23,0.22,-153000000,51000000,-140000000,-242000000,43000000,131000000,38.81,43,34.63,0.1078,0.0221,15.35,2.49,14.73,3.17,0.5118,1.4518,0.2117,0.0246,0.9,-0.72,1.0087
1998-12-31,393414606,393414606,1,28744000000,10611000000,22607000000,10267000000,6137000000,0,0,10939000000,8957000000,7180000000,125000000,125000000,0.33,0.33,0.22,1324000000,-105000000,-1117000000,102000000,285000000,220000000,48.88,56.75,41,0.1717,0.0341,15.6,3.19,None,2.95,0.3212,1.4595,0.2135,0.0381,0.89,2.81,1.0335
1998-09-30,196256267,392512534,2,29762000000,11614000000,23754000000,10122000000,6008000000,0,0,11125000000,10183000000,6349000000,318000000,318000000,1.69,1.67,0.4,787000000,-131000000,-473000000,183000000,183000000,170000000,48.94,54.25,43.63,0.2231,0.0426,15.31,3.34,None,2.73,0.2509,1.6949,0.2019,0.0462,0.92,1.57,1.1474
1998-06-30,195719321,391438642,2,29557000000,11301000000,23821000000,10196000000,5736000000,0,0,11223000000,10183000000,6520000000,289000000,289000000,1.54,1.52,0.4,143000000,-173000000,30000000,0,0,179000000,54.23,58.5,49.97,0.2104,0.0431,14.65,3.9,None,2.52,0.2477,1.7753,0.1941,0.0463,0.93,-0.09,1.1084
1998-03-31,195539792,391079584,2,29376000000,11149000000,23940000000,10011000000,5436000000,0,0,11296000000,10494000000,6217000000,269000000,269000000,1.44,1.42,0.4,-223000000,-46000000,269000000,0,0,128000000,53.84,58.94,48.75,0.2007,0.0438,13.9,4.05,None,2.32,0.2435,1.9305,0.185,0.0463,0.95,-0.9,1.1137
1997-12-31,194701640,389403280,2,28361000000,10105000000,23185000000,9189000000,5176000000,0,0,11422000000,10528000000,7878000000,371000000,371000000,-7.86,-7.86,0.4,977000000,-124000000,-963000000,-110000000,0,215000000,49.14,54.22,44.06,0.1919,0.0446,13.29,2.51,15.43,2.12,0.2388,2.034,0.1825,0.0463,0.96,1.96,1.0997
1997-09-30,194379275,388758550,2,29577000000,10800000000,21923000000,9426000000,7654000000,0,50000000,11560000000,9388000000,6619000000,331000000,331000000,1.7,1.51,0.4,268000000,-197000000,39000000,110000000,110000000,178000000,52.95,56.72,49.19,0.1941,0.0474,19.56,2.82,16.97,1.92,0.2222,1.2346,0.2571,0.05,0.95,0.23,1.1458
1997-06-30,194014842,388029684,2,29398000000,10551000000,22068000000,9473000000,7330000000,0,50000000,11667000000,9376000000,6898000000,308000000,308000000,1.59,1.4,0.4,-144000000,303000000,-159000000,0,0,177000000,45.88,52.63,39.13,0.1944,0.0465,18.76,2.52,14.87,1.72,0.225,1.2879,0.2476,0.0486,0.96,-0.83,1.1138
1997-03-31,193128187,386256374,2,29367000000,10055000000,22275000000,9141000000,7092000000,0,50000000,12045000000,9889000000,6674000000,290000000,290000000,1.49,1.34,0.4,107000000,203000000,-310000000,0,0,180000000,43.72,46.44,41,0.1961,0.0458,18.23,2.48,14.45,1.52,0.2282,1.4043,0.2398,0.048,0.95,-0.19,1.1
1996-12-31,192888667,385777334,2,29257000000,9940000000,22401000000,8704000000,6856000000,0,50000000,12161000000,10188000000,7662000000,465000000,465000000,2.42,2.12,0.4,328000000,-145000000,-506000000,-323000000,0,156000000,45.47,48.31,42.63,0.1965,0.0501,17.64,2.46,16.9,1.32,0.233,1.4969,0.2326,0.0501,1,0.45,1.142
1996-09-30,192705594,385411188,2,30269000000,10193000000,23080000000,8044000000,7189000000,0,50000000,12659000000,11076000000,7028000000,311000000,311000000,1.55,1.38,0.4,901000000,-191000000,-777000000,-67000000,323000000,234000000,42.01,45.88,38.13,0.1768,0.0497,18.52,2.45,15.88,1.12,0.1984,1.5515,0.2359,0.0472,1.05,1.73,1.2672
1996-06-30,200105208,400210416,2,30328000000,10238000000,23416000000,8319000000,6912000000,0,50000000,12774000000,11086000000,7076000000,299000000,299000000,1.5,1.33,0.4,546000000,-7537000000,7225000000,234000000,390000000,224000000,39.94,43.38,36.5,0.1795,0.0557,17.15,2.41,22.19,0.92,0.1962,1.6156,0.2263,0.0491,1.13,0.8,1.2307
1996-03-31,199050823,398101646,2,17682000000,8020000000,11026000000,5229000000,6656000000,0,50000000,4532000000,3003000000,5109000000,272000000,272000000,1.35,1.22,0.4,-139000000,-156000000,-202000000,-497000000,156000000,123000000,38.5,40.44,36.56,0.1273,None,16.59,2.4,25.67,0.72,0.2736,0.4546,0.3736,0.0359,1.24,-0.66,1.5338
1995-12-31,198748774,397497548,2,17648000000,8177000000,11215000000,5291000000,6433000000,0,50000000,4625000000,3010000000,6052000000,311000000,311000000,1.45,None,0,673000000,-94000000,-48000000,531000000,653000000,137000000,35.63,39.75,31.5,0.1079,None,16.06,2.29,None,0.52,0.3144,0.4716,0.3617,0.0292,1.27,1.35,1.5455
1995-09-30,199152482,398304964,2,18366000000,8013000000,12111000000,5969000000,6255000000,0,50000000,4655000000,2892000000,5551000000,287000000,287000000,1.43,1.29,0.35,360000000,-188000000,-297000000,-125000000,122000000,125000000,31.88,34.06,29.69,None,None,15.58,2.13,None,0.52,None,0.4661,0.3379,None,None,0.59,1.3424
1995-06-30,200289477,400578954,2,18275000000,7861000000,12216000000,6003000000,6059000000,0,50000000,4710000000,2894000000,5606000000,-53000000,-68000000,-0.36,None,0.35,73000000,-149000000,-190000000,-266000000,247000000,142000000,28.72,32.44,25,None,None,15,1.87,None,0.35,None,0.4816,0.3288,None,None,-0.17,1.3095
1995-03-31,199747452,399494904,2,17958000000,8022000000,11780000000,5576000000,6178000000,0,50000000,4827000000,3596000000,5644000000,137000000,137000000,0.65,0.62,0.35,186000000,-268000000,-44000000,-126000000,513000000,127000000,26.16,27.19,25.13,None,None,15.34,1.73,None,0.17,None,0.5868,0.3412,None,None,0.15,1.4387
1994-12-31,199648000,399296000,2,18049000000,8143000000,11963000000,5635000000,6086000000,0,50000000,4802000000,3594000000,None,None,None,None,None,0,None,None,None,None,639000000,0,None,None,None,None,None,15.12,None,None,0,None,0.5954,0.3344,None,None,None,1.4451
