"Quarter end","Shares","Shares split adjusted","Split factor","Assets","Current Assets","Liabilities","Current Liabilities","Shareholders equity","Non-controlling interest","Preferred equity","Goodwill & intangibles","Long-term debt","Revenue","Earnings","Earnings available for common stockholders","EPS basic","EPS diluted","Dividend per share","Cash from operating activities","Cash from investing activities","Cash from financing activities","Cash change during period","Cash at end of period","Capital expenditures","Price","Price high","Price low","ROE","ROA","Book value of equity per share","P/B ratio","P/E ratio","Cumulative dividends per share","Dividend payout ratio","Long-term debt to equity ratio","Equity to assets ratio","Net margin","Asset turnover","Free cash flow per share","Current ratio"
2015-09-30,119992547,119992547,1,4426000000,2502000000,1068000000,505000000,3358000000,0,0,1026000000,300000000,703000000,114000000,114000000,0.95,0.94,0.23,196000000,-42000000,-13000000,125000000,1175000000,30000000,None,None,None,0.1521,0.1157,27.99,None,None,8.78,0.2234,0.0893,0.7587,0.1773,0.65,1.38,4.9545
2015-06-30,119803692,119803692,1,4306000000,2369000000,998000000,424000000,3308000000,0,0,1035000000,300000000,697000000,120000000,120000000,1,0.98,0.23,154000000,14000000,-18000000,163000000,1050000000,27000000,138.38,140.03,136.72,0.1533,0.1173,27.61,5.23,33.26,8.55,0.2257,0.0907,0.7682,0.1759,0.67,1.06,5.5873
2015-03-31,119658442,119658442,1,4110000000,2197000000,943000000,370000000,3167000000,0,0,1024000000,300000000,676000000,126000000,126000000,1.05,1.04,0.23,153000000,-37000000,-164000000,-71000000,887000000,28000000,137.79,138.83,136.75,0.1602,0.1228,26.47,5.26,33.04,8.32,0.2195,0.0947,0.7706,0.1804,0.68,1.04,5.9378
2014-12-31,119428462,119428462,1,4195000000,2247000000,1065000000,490000000,3130000000,0,0,1048000000,300000000,705000000,133000000,133000000,1.11,1.11,0.23,156000000,-205000000,140000000,72000000,958000000,29000000,135.04,137.64,132.45,0.1631,0.1248,26.21,5.18,32.54,8.09,0.2191,0.0958,0.7461,0.1795,0.69,1.06,4.5857
2014-09-30,119085357,119085357,1,3996000000,2182000000,894000000,375000000,3102000000,0,0,916000000,300000000,690000000,108000000,108000000,0.91,0.9,0.23,197000000,-33000000,-65000000,76000000,886000000,34000000,118.54,138.01,99.08,0.1656,0.1274,26.05,4.57,28.02,7.86,0.2152,0.0967,0.7763,0.1802,0.71,1.37,5.8187
2014-06-30,118974827,118974827,1,3985000000,2084000000,901000000,392000000,3084000000,0,0,945000000,300000000,701000000,133000000,133000000,1.12,1.11,0.23,115000000,-28000000,-8000000,83000000,810000000,26000000,96.76,101.91,91.61,0.1744,0.132,25.92,3.9,23.6,7.63,0.2085,0.0973,0.7739,0.1859,0.71,0.75,5.3163
2014-03-31,118841567,118841567,1,3853000000,1966000000,906000000,394000000,2947000000,0,0,942000000,300000000,689000000,126000000,126000000,1.06,1.05,0.23,172000000,-30000000,-138000000,5000000,727000000,29000000,93.54,96.87,90.21,0.1761,0.1311,24.8,3.86,23.04,7.4,0.2101,0.1018,0.7649,0.1821,0.72,1.2,4.9898
2013-12-31,119454220,119454220,1,3805000000,1921000000,910000000,383000000,2895000000,0,0,946000000,300000000,684000000,131000000,131000000,1.09,1.09,0.21,155000000,-20000000,-102000000,34000000,722000000,21000000,88.84,94.78,82.9,0.1803,0.1324,24.24,3.87,22.66,7.17,0.2101,0.1036,0.7608,0.1816,0.73,1.12,5.0157
2013-09-30,119665716,119665716,1,3779000000,1905000000,1031000000,462000000,2748000000,0,0,948000000,300000000,664000000,119000000,119000000,0.99,0.98,0.22,217000000,-16000000,-93000000,126000000,688000000,17000000,84.4,88.55,80.25,0.1806,0.1283,22.96,3.83,21.87,6.96,0.2146,0.1092,0.7272,0.1779,0.72,1.67,4.1234
2013-06-30,120239314,120239314,1,3666000000,1804000000,1013000000,446000000,2653000000,0,0,934000000,300000000,681000000,119000000,119000000,0.99,0.98,0.21,115000000,-13000000,-4000000,91000000,562000000,24000000,79.57,85.91,73.24,0.1833,0.1271,22.06,3.69,20.83,6.74,0.213,0.1131,0.7237,0.177,0.72,0.76,4.0448
2013-03-31,120334566,120334566,1,3581000000,1700000000,984000000,414000000,2597000000,0,0,945000000,300000000,675000000,122000000,122000000,1.02,1.01,0.22,154000000,-59000000,-334000000,-253000000,471000000,25000000,76.8,79.32,74.28,0.1872,0.1259,21.58,3.63,20.37,6.53,0.2124,0.1155,0.7252,0.1766,0.71,1.07,4.1063
2012-12-31,120444940,120444940,1,3820000000,1929000000,1274000000,701000000,2546000000,0,0,973000000,300000000,655000000,116000000,116000000,0.95,0.95,0.2,188000000,-31000000,-27000000,135000000,724000000,25000000,71.36,74.5,68.22,0.1905,0.1238,21.14,3.52,19.23,6.31,0.2097,0.1178,0.6665,0.1754,0.71,1.35,2.7518
2012-09-30,120325759,120325759,1,3694000000,1805000000,1253000000,677000000,2441000000,0,0,978000000,300000000,639000000,112000000,112000000,0.93,0.92,0.2,153000000,-7000000,-136000000,17000000,589000000,31000000,70.73,74.94,66.52,0.1942,0.1262,20.29,3.63,18.91,6.11,0.2082,0.1229,0.6608,0.1753,0.72,1.01,2.6662
2012-06-30,120760558,120760558,1,3675000000,1795000000,1321000000,738000000,2354000000,0,0,977000000,300000000,664000000,115000000,115000000,0.95,0.94,0.2,82000000,-54000000,-8000000,14000000,572000000,26000000,70.68,74.59,66.77,0.2026,0.1317,19.49,3.69,19.05,5.91,0.2007,0.1274,0.6405,0.1782,0.74,0.46,2.4322
2012-03-31,120888621,120888621,1,3671000000,1759000000,1355000000,768000000,2316000000,0,0,995000000,300000000,665000000,117000000,117000000,0.97,0.96,0.2,144000000,-419000000,165000000,-107000000,558000000,32000000,68,74.31,61.68,0.2036,0.1344,19.16,3.73,18.28,5.71,0.1968,0.1295,0.6309,0.1793,0.75,0.93,2.2904
2011-12-31,120732849,120732849,1,3281000000,1793000000,1082000000,538000000,2199000000,0,0,625000000,300000000,610000000,108000000,108000000,0.9,0.89,0.18,122000000,-33000000,-62000000,22000000,665000000,33000000,64.26,69.92,58.6,0.209,0.1401,18.21,3.59,17.9,5.51,0.1911,0.1364,0.6702,0.1824,0.77,0.74,3.3327
2011-09-30,120438430,120438430,1,3250000000,1779000000,1095000000,590000000,2155000000,0,0,629000000,300000000,626000000,117000000,117000000,0.97,0.95,0.18,119000000,-36000000,-75000000,-20000000,643000000,27000000,66.17,76.16,56.18,0.2079,0.1387,17.89,3.56,19.46,5.33,0.1921,0.1392,0.6631,0.1788,0.78,0.76,3.0153
2011-06-30,122082381,122082381,1,3339000000,1833000000,1068000000,546000000,2271000000,0,0,649000000,300000000,637000000,113000000,113000000,0.93,0.91,0.18,103000000,-95000000,14000000,40000000,663000000,26000000,68.19,73.6,62.77,0.203,0.1352,18.6,3.92,20.79,5.15,0.1977,0.1321,0.6801,0.1736,0.78,0.63,3.3571
2011-03-31,121826546,121826546,1,3174000000,1726000000,1054000000,537000000,2120000000,0,0,608000000,300000000,632000000,119000000,119000000,0.98,0.97,0.18,151000000,-27000000,-77000000,54000000,623000000,18000000,63.39,67.92,58.87,0.2097,0.1369,17.4,3.91,20.32,4.97,0.1992,0.1415,0.6679,0.1729,0.79,1.09,3.2142
2010-12-31,121935896,121935896,1,3014000000,1602000000,1038000000,530000000,1976000000,0,0,582000000,300000000,582000000,94000000,94000000,0.78,0.76,0.16,126000000,-108000000,43000000,69000000,569000000,34000000,63.34,67.76,58.93,0.2114,0.135,16.21,4.07,20.43,4.79,0.2025,0.1518,0.6556,0.1691,0.8,0.75,3.0226
2010-09-30,121298893,121298893,1,2869000000,1545000000,981000000,687000000,1888000000,0,0,523000000,100000000,563000000,93000000,93000000,0.77,0.76,0.16,150000000,-33000000,-94000000,47000000,500000000,28000000,55.15,61.5,48.8,0.2194,0.1382,15.56,3.93,18.14,4.63,0.2,0.053,0.6581,0.1692,0.82,1.01,2.2489
2010-06-30,121324703,121324703,1,2722000000,1437000000,1020000000,729000000,1702000000,0,0,513000000,100000000,554000000,97000000,97000000,0.8,0.79,0.16,96000000,-6000000,-50000000,32000000,453000000,19000000,55.26,61,49.52,0.2237,0.1382,14.03,3.95,18.86,4.47,0.1989,0.0588,0.6253,0.1683,0.82,0.63,1.9712
2010-03-31,121385537,121385537,1,2769000000,1454000000,1069000000,777000000,1700000000,0,0,523000000,100000000,572000000,100000000,100000000,0.82,0.81,0.16,151000000,-35000000,-60000000,48000000,421000000,18000000,50.91,55.33,46.5,0.2214,0.1347,14,3.68,18.18,4.31,0.2015,0.0588,0.6139,0.1647,0.82,1.1,1.8713
2009-12-31,121772581,121772581,1,2713800000,1383500000,1027800000,741900000,1686000000,0,0,530000000,100000000,572500000,92600000,92600000,0.75,0.74,0.15,153500000,-55200000,-17600000,80300000,372500000,53900000,53.3,56.29,50.31,0.2224,0.1319,13.85,3.98,19.52,4.15,0.2056,0.0593,0.6213,0.1614,0.82,0.82,1.8648
2009-09-30,121694782,121694782,1,2666400000,1360700000,1036300000,734500000,1630100000,0,0,521300000,100000000,533800000,86100000,86100000,0.71,0.7,0.145,147500000,-47400000,-71700000,33700000,292200000,32200000,50.72,55.65,45.8,0.2283,0.1307,13.39,4.04,19,4,0.2036,0.0613,0.6113,0.1623,0.8,0.95,1.8526
2009-06-30,121814222,121814222,1,2612600000,1332800000,1084200000,688900000,1528400000,0,0,518500000,200000000,522000000,83600000,83600000,0.69,0.68,0.145,100600000,-28100000,-57600000,31700000,258500000,26800000,44.16,51.41,36.91,0.2298,0.1298,12.55,3.87,16.42,3.86,0.2021,0.1309,0.585,0.1598,0.81,0.61,1.9347
2009-03-31,122088565,122088565,1,2525000000,1289200000,1132900000,745300000,1392100000,0,0,501500000,200000000,519300000,84400000,84400000,0.69,0.68,0.145,114100000,-28800000,-103400000,-25000000,226800000,26200000,37.45,43.45,31.45,0.2314,0.131,11.4,3.32,14.13,3.71,0.1941,0.1437,0.5513,0.1588,0.83,0.72,1.7298
2008-12-31,122130803,122130803,1,2556500000,1309200000,1177300000,793900000,1379200000,0,0,508900000,200100000,509800000,84300000,84300000,0.69,0.67,0.13,104200000,-21600000,-37100000,31200000,251800000,24700000,44.23,54.13,34.33,0.2193,0.1284,11.29,3.66,16.88,3.57,0.1912,0.1451,0.5395,0.1552,0.83,0.65,1.6491
2008-09-30,125357020,125357020,1,2606100000,1302700000,1089000000,712200000,1517100000,0,0,531200000,200100000,540600000,81900000,81900000,0.65,0.64,0.13,77800000,-24700000,-43100000,-19700000,220600000,22100000,56.38,62.74,50.02,0.2116,0.1277,12.1,4.4,22.37,3.44,0.1861,0.1319,0.5821,0.1539,0.83,0.44,1.8291
2008-06-30,125968276,125968276,1,2736700000,1385100000,1123400000,740600000,1613300000,0,0,557000000,200100000,580700000,90800000,90800000,0.71,0.7,0.13,132400000,-22200000,-102100000,13900000,240300000,22700000,58.39,63.04,53.75,0.2037,0.1239,12.81,4.38,24.13,3.31,0.1878,0.124,0.5895,0.1518,0.82,0.87,1.8702
2008-03-31,128913891,128913891,1,2742900000,1379700000,1024100000,636100000,1718800000,0,0,559300000,200100000,569600000,84500000,84500000,0.65,0.64,0.13,89600000,-18200000,-91600000,-11200000,226400000,19300000,53.59,60.04,47.13,0.2006,0.122,13.33,4.29,22.9,3.18,0.1901,0.1164,0.6266,0.1518,0.8,0.55,2.169
2007-12-31,129392693,129392693,1,2629100000,1282500000,1012500000,635000000,1616600000,0,0,557200000,207000000,532100000,84900000,84900000,0.65,0.64,0.11,149700000,-26300000,-88300000,34800000,237600000,26400000,52.26,56.59,47.92,0.2029,0.1209,12.49,4.34,23.43,3.05,0.1906,0.128,0.6149,0.1526,0.79,0.95,2.0197
2007-09-30,130022370,130022370,1,2603600000,1262100000,1037800000,643100000,1565800000,0,0,556100000,207200000,503200000,71600000,71600000,0.55,0.54,0.115,107100000,-27800000,-72200000,12700000,202800000,16600000,46.8,50.98,42.61,0.201,0.1191,12.04,4.09,21.27,2.94,0.1957,0.1323,0.6014,0.1511,0.79,0.7,1.9625
2007-06-30,130570067,130570067,1,2542000000,1226400000,1047100000,657400000,1494900000,0,0,542300000,209000000,507500000,79700000,79700000,0.61,0.6,0.115,74700000,-31600000,-27100000,17300000,190100000,16100000,42.34,43.82,40.87,0.2064,0.1213,11.45,3.82,19.97,2.82,0.1941,0.1398,0.5881,0.1543,0.79,0.45,1.8655
2007-03-31,131316450,131316450,1,2522000000,1181900000,1067000000,639500000,1455000000,0,0,519700000,210200000,495900000,74900000,74900000,0.57,0.56,0.115,87600000,-65400000,-24400000,-1000000,172800000,19300000,40.16,42.91,37.4,0.2057,0.1199,11.08,3.76,19.59,2.71,0.1967,0.1445,0.5769,0.1541,0.78,0.52,1.8482
2006-12-31,132065692,132065692,1,2334300000,1112900000,923400000,442600000,1410900000,0,0,487300000,337900000,464500000,71600000,71600000,0.54,0.53,0.1,104400000,-33100000,-36200000,36800000,173800000,27000000,36.89,39.68,34.09,0.2066,0.1202,10.68,3.61,19.02,2.59,0.1989,0.2395,0.6044,0.154,0.78,0.59,2.5145
2006-09-30,65940385,131880770,2,2316400000,1071100000,967000000,571200000,1349400000,0,0,482200000,237500000,441400000,68400000,68400000,1.04,1.02,0.21,91700000,-31200000,-88300000,-28900000,137000000,16300000,35.77,38.15,33.38,0.2026,0.1166,10.23,3.57,18.83,2.49,0.2078,0.176,0.5825,0.1506,0.77,0.57,1.8752
2006-06-30,66374265,132748530,2,2343500000,1104400000,1014100000,598800000,1329400000,0,0,475100000,255600000,448500000,70300000,70300000,1.06,1.04,0.21,77500000,-19300000,-14200000,47600000,165900000,15000000,34.52,36.5,32.54,0.2048,0.1157,10.01,3.64,18.81,2.39,0.2073,0.1923,0.5673,0.1505,0.77,0.47,1.8444
2006-03-31,66947020,133894040,2,2214900000,1013600000,944200000,534000000,1270700000,0,0,465500000,253400000,443100000,66500000,66500000,0.99,0.98,0.21,56800000,-20800000,-17500000,19700000,118300000,13400000,32.24,33.22,31.27,0.2048,0.1139,9.49,3.5,17.15,2.28,0.2093,0.1994,0.5737,0.1463,0.78,0.32,1.8981
2005-12-31,66873062,133746124,2,2131300000,950200000,897900000,460700000,1233400000,0,0,466000000,283200000,410500000,57300000,57300000,0.85,0.84,0.19,65300000,-11300000,-111000000,-56700000,98600000,18100000,32.04,33.55,30.53,0.2122,0.1174,9.22,3.58,17.27,2.18,0.199,0.2296,0.5787,0.155,0.76,0.35,2.0625
2005-09-30,67239088,134478176,2,2227900000,1046200000,1022700000,540000000,1205200000,0,0,348800000,326200000,412200000,63900000,63900000,0.95,0.94,0.19,89800000,-20300000,-42900000,25300000,155300000,20100000,30.27,32.8,27.75,0.211,0.1216,8.96,3.48,16.91,2.08,0.1971,0.2707,0.541,0.159,0.76,0.52,1.9374
2005-06-30,67498549,134997098,2,2211800000,1031600000,1035400000,548500000,1176400000,0,0,350400000,326400000,444000000,62500000,62500000,0.92,0.91,0.19,47700000,-73800000,-3800000,-34100000,130000000,20300000,29.27,30.86,27.67,0.208,0.1268,8.71,3.22,16.63,1.99,0.1989,0.2775,0.5319,0.1615,0.79,0.2,1.8808
2005-03-31,68863889,137727778,2,2226200000,1062500000,972800000,487200000,1253400000,0,0,344200000,326100000,399800000,74600000,74600000,1.08,1.07,0.19,77700000,-407800000,328800000,-5100000,164100000,29700000,30.57,32.4,28.75,0.2097,0.1353,9.1,3.47,18.31,1.89,0.1969,0.2602,0.563,0.1702,0.8,0.35,2.1808
2004-12-31,68844544,137689088,2,1745000000,893400000,533300000,230900000,1211700000,0,0,158100000,177100000,351900000,54700000,54700000,0.8,0.79,0.17,84400000,-24200000,-32900000,34900000,169200000,21000000,28.72,30.81,26.63,0.2084,0.1416,8.8,3.51,17.89,1.8,0.2016,0.1462,0.6944,0.1653,0.86,0.46,3.8692
2004-09-30,69039908,138079816,2,1642500000,836200000,513300000,214400000,1129200000,0,0,149900000,177800000,340600000,56300000,56300000,0.82,0.81,0.17,75500000,-20700000,-59700000,-4400000,134300000,18700000,28.52,29.93,27.12,0.2113,0.141,8.18,3.64,18.64,1.71,0.2059,0.1575,0.6875,0.163,0.86,0.41,3.9002
2004-06-30,69103422,138206844,2,1635600000,841700000,553400000,252400000,1082200000,0,0,178900000,179000000,348600000,59600000,59600000,0.86,0.85,0.17,83100000,-91500000,23000000,13300000,138700000,17700000,28.43,29.98,26.88,0.2095,0.1389,7.83,3.76,19.74,1.63,0.212,0.1654,0.6617,0.1592,0.87,0.47,3.3348
2004-03-31,69137069,138274138,2,1556500000,836700000,510000000,219300000,1046500000,0,0,112400000,176300000,368100000,62300000,62300000,0.9,0.89,0.17,80800000,-11200000,-72400000,-2200000,125400000,11000000,28.24,29.87,26.61,0.2036,0.1365,7.57,3.91,20.84,1.54,0.1976,0.1685,0.6723,0.1531,0.89,0.5,3.8153
2003-12-31,69194224,138388448,2,1548242000,815030000,548981000,257378000,999261000,0,0,113022000,176259000,322193000,46722000,46722000,0.67,0.66,0.16,83443000,-19121000,-58673000,9038000,127628000,19602000,27.27,28.73,25.82,0.1988,0.1324,7.22,3.84,18.36,1.46,0.1808,0.1764,0.6454,0.1488,0.89,0.46,3.1667
2003-09-30,69337761,138675522,2,1462431000,762215000,477823000,228491000,984608000,0,0,109393000,176425000,314185000,46823000,46823000,0.66,0.66,0.16,87397000,-11208000,-11999000,65108000,118590000,10617000,27.24,28.5,25.99,0.2262,0.1502,7.1,3.95,18.53,1.38,0.1419,0.1792,0.6733,0.1696,0.89,0.55,3.3359
2003-06-30,70781730,141563460,2,1408887000,711485000,433512000,187990000,975375000,0,0,108768000,176549000,327051000,48042000,48042000,0.68,0.67,0.09,79017000,-13255000,-65340000,-713000,53482000,13891000,24.91,28.32,21.5,0.2344,0.152,6.89,3.81,25.29,1.3,0.1186,0.181,0.6923,0.1706,0.89,0.46,3.7847
2003-03-31,70873468,141746936,2,1415992000,725837000,488977000,244643000,927015000,0,0,106611000,176687000,334717000,51515000,51515000,0.73,0.72,0.09,59112000,-9919000,-47737000,1813000,54195000,9685000,22.57,24.55,20.59,0.162,0.1017,6.54,3.64,25.22,1.25,0.1762,0.1906,0.6547,0.1163,0.87,0.35,2.9669
2002-12-31,71122634,142245268,2,1389656000,694887000,507482000,265653000,882174000,0,0,105548000,176805000,280971000,66759000,66759000,0.93,0.92,0.09,95475000,25730000,-107604000,12664000,52382000,15330000,23.31,25.86,20.77,0.1525,0.0928,6.2,3.94,35.32,1.21,0.1908,0.2004,0.6348,0.1083,0.86,0.56,2.6158
2002-09-30,71693447,143386894,2,1386238000,703178000,539191000,304330000,847047000,0,0,102652000,176708000,304830000,46504000,46504000,0.64,0.63,0.085,95631000,-17292000,-93020000,-12707000,39718000,12289000,22.95,26.4,19.5,0.1158,0.0684,5.91,3.9,40.26,1.16,0.2585,0.2086,0.611,0.0798,0.86,0.58,2.3106
2002-06-30,73256422,146512844,2,1412726000,732786000,550186000,315993000,862540000,0,0,102547000,176870000,304288000,-22284000,-22284000,-0.3,-0.3,0.085,107311000,-16573000,-62926000,17024000,52425000,15389000,23.79,25.73,21.84,0.1015,0.0586,5.89,4.17,24.65,1.12,0.2969,0.2051,0.6106,0.0703,0.83,0.63,2.319
2002-03-31,73191473,146382946,2,1447129000,742754000,610777000,376946000,836352000,0,0,126450000,176810000,316893000,39735000,39735000,0.54,0.54,0.085,52825000,-13349000,-44160000,-2236000,35401000,13554000,21.59,24.1,19.08,0.175,0.0993,5.71,3.9,23.09,1.08,0.1738,0.2114,0.5779,0.1208,0.82,0.27,1.9705
2001-12-31,73100217,146200434,2,1439802000,727311000,630087000,397563000,809715000,0,0,127602000,177700000,292335000,33232000,33232000,0.45,0.45,0.09,56225000,-26081000,-30903000,364000,37637000,30009000,20.95,23.82,18.09,0.1714,0.098,5.54,3.75,23.02,1.03,0.1778,0.2195,0.5624,0.1193,0.82,0.18,1.8294
2001-09-30,73359503,146719006,2,1469946000,756021000,650157000,492148000,819789000,0,0,127240000,103528000,287733000,33783000,33783000,0.46,0.45,0.0825,46836000,-21639000,-19951000,-558000,37273000,21662000,21.4,23.61,19.19,0.166,0.0979,5.59,3.88,24.88,0.99,0.1769,0.1263,0.5577,0.1184,0.83,0.17,1.5362
2001-06-30,74406028,148812056,2,1434027000,743464000,613630000,458647000,820397000,0,0,126011000,100746000,293733000,37047000,37047000,0.49,0.49,0.0825,47336000,-43763000,5290000,7527000,37831000,34433000,22.41,25.6,19.23,0.1564,0.096,5.51,4.07,11.95,0.95,0.1842,0.1228,0.5721,0.1158,0.83,0.09,1.621
2001-03-31,75668575,151337150,2,1401875000,731894000,568275000,414331000,833600000,0,0,129954000,100779000,305646000,36643000,36643000,0.49,0.48,0.0825,8692000,-56880000,39728000,-754000,30304000,22128000,21.83,25.11,18.55,0.3474,0.2283,5.51,3.83,11.49,0.91,0.0797,0.1209,0.5946,0.2749,0.83,-0.09,1.7664
2000-12-31,75399947,150799894,2,1347707000,713625000,488432000,335280000,859275000,0,0,118158000,100846000,281063000,30843000,30843000,0.4,0.4,0.08,2213000,-21262000,11982000,-8546000,31058000,21374000,18.17,20.44,15.9,0.3462,0.2359,5.7,3.2,9.59,0.87,0.0777,0.1174,0.6376,0.2921,0.81,-0.13,2.1284
2000-09-30,77217448,154434896,2,1335453000,721544000,460143000,294441000,875310000,0,0,117255000,100175000,263417000,27946000,27946000,0.35,0.35,0.0775,12669000,-47794000,53453000,17426000,39604000,17772000,14.88,17.07,12.69,0.3203,0.2382,5.67,2.47,7.67,0.83,0.0794,0.1144,0.6554,0.374,0.64,-0.03,2.4506
2000-06-30,80593512,161187024,2,1298588000,712934000,328788000,270708000,969800000,0,0,89270000,190000,267840000,211886000,211886000,2.53,2.52,0.0775,36991000,402617000,-456759000,-17704000,22178000,16742000,15.44,18.13,12.75,0.3036,0.2422,6.02,2.64,17.16,0.79,0.0795,0.0002,0.7468,0.3673,0.66,0.13,2.6336
2000-03-31,85239585,170479170,2,1447240000,801686000,451762000,386156000,995478000,0,0,87971000,190000,283950000,49523000,49523000,0.53,0.53,0.0775,63103000,-13999000,-51065000,-3965000,39882000,12455000,13.86,17.63,10.1,0.1465,0.1214,5.84,1.99,16.21,0.75,0.1606,0.0002,0.6878,0.1792,0.68,0.3,2.0761
1999-12-31,90353918,180707836,2,1432001000,774571000,172650000,105612000,1259351000,0,0,90938000,205000,62728000,38995000,38995000,0.39,0.39,0.08,53209000,-26637000,-73234000,-46974000,43847000,22918000,14.93,16.59,13.28,0.1356,0.1175,6.97,2.29,17.46,0.71,0.1693,0.0002,0.8794,0.166,0.71,0.17,7.3341
1999-09-30,100893818,201787636,2,1513830000,857584000,197382000,137773000,1316448000,0,0,105430000,362000,323863000,44246000,44246000,0.44,0.44,0.0725,77346000,-16916000,-667000,59398000,90821000,20823000,16.41,17.63,15.19,0.1373,0.1179,6.52,2.61,19.54,0.67,0.1676,0.0003,0.8696,0.1364,0.86,0.28,6.2246
1999-06-30,100857804,201715608,2,1445557000,796113000,177808000,118659000,1267749000,0,0,105843000,358000,318393000,44427000,44427000,0.44,0.44,0.0725,52900000,-22846000,-42589000,-19963000,31423000,23313000,15.97,17.63,14.31,0.1386,0.1189,6.28,2.6,19.36,0.63,0.1688,0.0003,0.877,0.1367,0.87,0.15,6.7093
1999-03-31,100782504,201565008,2,1475169000,822737000,236902000,175439000,1238267000,0,0,112224000,785000,332961000,44602000,44602000,0.44,0.44,0.0725,47474000,-32334000,4663000,27041000,51386000,23766000,13.82,15.38,12.25,0.1398,0.1193,6.14,2.29,16.85,0.6,0.1705,0.0006,0.8394,0.1366,0.87,0.12,4.6896
1998-12-31,100662804,201325608,2,1432835000,772681000,216455000,142372000,1216380000,0,0,113737000,415000,293093000,39681000,39681000,0.39,0.39,0.07,62397000,-72936000,18439000,-732000,24345000,35752000,15.36,16.88,13.85,0.1438,0.123,6.04,2.6,18.4,0.56,0.1693,0.0003,0.8489,0.1393,0.88,0.13,5.4272
1998-09-30,100619004,201238008,2,1370815000,764742000,184373000,119989000,1186442000,0,0,0,1020000,300440000,41406000,41406000,0.41,0.41,0.07,44302000,-29834000,-9376000,6517000,25077000,29288000,15.44,18,12.88,0.151,0.1294,5.9,2.75,18.38,0.53,0.1668,0.0009,0.8655,0.1425,0.91,0.07,6.3734
1998-06-30,100589265,201178530,2,1311572000,733654000,180662000,116859000,1130910000,0,0,0,1020000,294558000,41100000,41100000,0.41,0.41,0.07,23997000,-44486000,-5626000,-25858000,18560000,35016000,18.55,20.82,16.28,0.1568,0.1338,5.62,3.41,22.08,0.49,0.1618,0.0009,0.8623,0.1446,0.93,-0.05,6.2781
1998-03-31,100562715,201125430,2,1293381000,744604000,199747000,135361000,1093634000,0,0,0,1044000,306199000,44160000,44160000,0.44,0.43,0.07,31374000,-27939000,-4782000,-1810000,44418000,27939000,19.63,21.38,17.88,0.1614,0.1378,5.44,3.72,23.65,0.46,0.1576,0.001,0.8456,0.1463,0.94,0.02,5.5009
1997-12-31,100486867,200973734,2,1243822000,706674000,183488000,119479000,1060334000,0,0,0,552000,283403000,42167000,42167000,0.42,None,0.07,43075000,-35338000,-4463000,1456000,46228000,35338000,18.23,20.57,15.88,0.1639,0.1406,5.28,3.54,22.65,0.42,0.1555,0.0005,0.8525,0.1473,0.95,0.04,5.9146
1997-09-30,100331297,200662594,2,1209306000,695785000,175774000,114689000,1033532000,0,0,0,551000,286046000,41811000,41811000,0.42,None,0.0625,40983000,-28704000,-4171000,7618000,44772000,24210000,16.79,17.88,15.69,0.1637,0.1406,5.15,3.38,21.53,0.39,0.154,0.0005,0.8546,0.1463,0.96,0.08,6.0667
1997-06-30,100253135,200506270,2,1153609000,657849000,157436000,97103000,996173000,0,0,0,3458000,278575000,40725000,40725000,0.41,None,0.0625,27135000,-76489000,-7398000,-57112000,37154000,29900000,15.72,18,13.44,0.1638,0.141,4.97,3.27,20.68,0.35,0.1538,0.0035,0.8635,0.1459,0.97,-0.01,6.7748
1997-03-31,100117715,200235430,2,1119115000,689950000,156062000,106717000,963053000,0,0,0,4174000,279060000,41356000,41356000,0.41,None,0.0625,20884000,-17329000,-10723000,-9419000,94266000,17329000,15.47,16.5,14.44,0.1648,0.1413,4.81,3.28,20.91,0.32,0.1525,0.0043,0.8605,0.1451,0.97,0.02,6.4652
1996-12-31,100099885,200199770,2,1099958000,666637000,157684000,110317000,942274000,0,0,0,3787000,257497000,37161000,37161000,0.37,None,0.06,49981000,-36982000,-4662000,7203000,103685000,36982000,15.02,16.03,14,0.1646,0.14,4.71,3.29,20.93,0.29,0.1522,0.004,0.8566,0.1429,0.98,0.06,6.0429
1996-09-30,49990620,199962480,4,1061057000,656915000,148175000,91943000,912882000,0,0,0,13448000,255837000,37004000,37004000,0.74,None,0.11,41417000,-25211000,-5729000,10154000,96482000,25211000,13.13,14.38,11.88,0.1645,0.1392,4.57,2.97,18.82,0.26,0.1538,0.0147,0.8604,0.1416,0.98,0.08,7.1448
1996-06-30,49968610,199874440,4,1035007000,640543000,152300000,94986000,882707000,0,0,0,14030000,258832000,36964000,36964000,0.74,None,0.11,32465000,-30266000,-8054000,-8199000,86328000,17629000,13.78,15,12.56,0.1656,0.1391,4.42,3.22,20.26,0.23,0.1507,0.0159,0.8529,0.1401,0.99,0.07,6.7436
1996-03-31,49961360,199845440,4,1027265000,645909000,171160000,112436000,856105000,0,0,0,14424000,262399000,36727000,36727000,0.74,None,0.11,29557000,-15330000,-4447000,10558000,94527000,12838000,13.69,15.06,12.31,0.167,0.1397,4.28,3.31,20.74,0.21,0.1472,0.0168,0.8334,0.1388,1.01,0.08,5.7447
1995-12-31,49945160,199780640,4,985188000,610001000,160454000,108011000,824734000,0,0,0,13834000,232592000,32254000,32254000,0.65,None,0.11,55617000,-23318000,-5748000,26425000,83969000,23318000,11.85,12.63,11.06,0.1681,0.1398,4.13,2.96,18.81,0.18,0.1439,0.0168,0.8371,0.1372,1.02,0.16,5.6476
1995-09-30,49863207,199452828,4,953488000,590822000,155451000,102307000,798037000,0,0,0,14084000,239103000,33204000,33204000,0.66,None,0.09,49647000,-12592000,1740000,38202000,57544000,12592000,12.31,12.94,11.69,0.1676,0.1387,4,3.18,20.52,0.15,0.1424,0.0176,0.837,0.1341,1.03,0.19,5.775
1995-06-30,49856107,199424428,4,919735000,561559000,148491000,95572000,771244000,0,0,0,14344000,243325000,33484000,33484000,0.67,None,0.09,26308000,-14843000,-12518000,-700000,19342000,14843000,10.97,12.38,9.56,0.1658,0.1357,3.87,2.96,19.33,0.13,0.1466,0.0186,0.8386,0.1305,1.04,0.06,5.8758
1995-03-31,49851257,199405028,4,909870000,554541000,170042000,121348000,739828000,0,0,0,14550000,244802000,32741000,32741000,0.66,None,0.09,29683000,-7375000,-13593000,10297000,20042000,7375000,9.38,10.63,8.13,0.1635,None,3.71,2.67,16.98,0.11,0.1517,0.0197,0.8131,0.1277,1.03,0.11,4.5698
1994-12-31,49850757,199403028,4,851973000,502345000,152468000,105037000,699505000,0,0,0,14478000,212912000,26608000,26608000,0.53,None,0.09,45860000,-15209000,-31454000,-544000,9745000,15270000,8.5,9.25,7.75,0.1661,None,3.51,2.49,None,0.08,0.1524,0.0207,0.821,0.1296,1.02,0.15,4.7826
1994-09-30,49830779,199323116,4,851365000,510201000,169924000,122346000,681441000,0,0,0,14991000,217367000,27029000,27029000,0.54,None,0.0825,36076000,-18948000,-20727000,-2863000,10289000,16947000,8.88,10.25,7.5,None,None,3.42,2.71,None,0.06,None,0.022,0.8004,None,None,0.1,4.1701
1994-06-30,49829779,199319116,4,843069000,512539000,189861000,141330000,653208000,0,0,0,15971000,212453000,26975000,26975000,0.54,None,0.0825,11884000,-19869000,6525000,-578000,13152000,18964000,11.22,12.69,9.75,None,None,3.28,3.58,None,0.04,None,0.0245,0.7748,None,None,-0.04,3.6265
1994-03-31,49827779,199311116,4,801724000,485980000,178599000,129061000,623125000,0,0,0,16379000,208458000,29728000,29728000,0.6,None,0.0825,16192000,-21137000,7793000,3478000,13730000,20110000,12.75,13.81,11.69,None,None,3.13,4.29,None,0.02,None,0.0263,0.7772,None,None,-0.02,3.7655
1993-12-31,49827529,199310116,4,753431000,450807000,162291000,111357000,591140000,0,0,0,17266000,None,None,None,None,None,0,None,None,None,None,10252000,0,11.94,12.5,11.38,None,None,2.97,None,None,0,None,0.0292,0.7846,None,None,None,4.0483
