"Quarter end","Shares","Shares split adjusted","Split factor","Assets","Current Assets","Liabilities","Current Liabilities","Shareholders equity","Non-controlling interest","Preferred equity","Goodwill & intangibles","Long-term debt","Revenue","Earnings","Earnings available for common stockholders","EPS basic","EPS diluted","Dividend per share","Cash from operating activities","Cash from investing activities","Cash from financing activities","Cash change during period","Cash at end of period","Capital expenditures","Price","Price high","Price low","ROE","ROA","Book value of equity per share","P/B ratio","P/E ratio","Cumulative dividends per share","Dividend payout ratio","Long-term debt to equity ratio","Equity to assets ratio","Net margin","Asset turnover","Free cash flow per share","Current ratio"
2016-04-03,202935277,202935277,1,9511856000,6153380000,3872028000,3692609000,5330075000,309753000,0,1097972000,0,1365736000,78353000,78353000,0.39,0.37,0,355143000,1416432000,11988000,1792979000,3271927000,59458000,None,None,None,0.0767,0.0463,26.26,None,None,2.4,0.2841,0,0.5604,0.0764,0.61,1.46,1.6664
2016-01-03,201014443,201014443,1,9230761000,5659786000,3411349000,2003480000,5738924000,80488000,0,1128054000,1237776000,1543150000,135469000,135469000,0.69,0.64,0,433979000,342054000,5686000,780875000,1478948000,131385000,63.54,78.83,48.25,0.0681,0.0421,28.55,2.26,30.84,2.4,0.4734,0.2157,0.6217,0.0698,0.6,1.51,2.825
2015-09-27,200691494,200691494,1,9073003000,3613646000,3438928000,1139010000,5634075000,0,0,1174606000,2137737000,1452285000,133011000,133011000,0.65,0.65,0.3,274972000,26759000,-290280000,12283000,698073000,88594000,54.52,64.76,44.28,0.077,0.0479,28.07,1.98,21.81,2.4,0.5448,0.3794,0.621,0.079,0.61,0.93,3.1726
2015-06-28,204438958,204438958,1,9149431000,3657356000,3422782000,2037060000,5621983000,104666000,0,1221683000,1222642000,1237196000,80973000,80973000,0.39,0.38,0.3,28864000,317126000,-309841000,35850000,685790000,95562000,66.83,72.19,61.46,0.0939,0.059,27.5,2.38,20.5,2.1,0.4342,0.2175,0.6145,0.0966,0.61,-0.33,1.7954
2015-03-29,207888232,207888232,1,9461221000,3752986000,3509107000,2090676000,5837392000,114722000,0,1269186000,1211097000,1332241000,39025000,39025000,0.18,0.17,0.3,308865000,341729000,-808761000,-159063000,649940000,98287000,82.68,101.79,63.56,0.1176,0.0755,28.08,2.7,19.55,1.81,0.3124,0.2075,0.617,0.1206,0.63,1.01,1.7951
2014-12-28,213013780,213013780,1,10289957000,4200125000,3636133000,2190883000,6528059000,125765000,0,1373679000,1199696000,1735254000,201891000,201891000,0.93,0.86,0.3,487813000,-60486000,-543155000,-121832000,809003000,67145000,93.45,106.64,80.26,0.1456,0.0952,30.65,2.98,19.43,1.51,0.2298,0.1838,0.6344,0.152,0.63,1.97,1.9171
2014-09-28,220648812,220648812,1,10708261000,4354134000,3645793000,2214946000,6926334000,136134000,0,1454859000,1188356000,1746491000,262661000,262661000,1.18,1.09,0.3,587696000,-71028000,-467423000,45720000,930835000,86975000,99.72,108.77,90.66,0.1626,0.1076,31.39,3.13,20.35,1.21,0.192,0.1716,0.6468,0.1727,0.62,2.27,1.9658
2014-06-29,224228963,224228963,1,10729699000,4614712000,3429793000,1956783000,7152975000,146931000,0,512473000,1177273000,1634011000,273946000,273946000,1.21,1.14,0.225,240860000,-228483000,-245600000,-231823000,885115000,44149000,88.56,104,73.11,0.1666,0.1136,31.9,2.84,18.37,0.91,0.1764,0.1646,0.6667,0.1781,0.64,0.88,2.3583
2014-03-30,226688648,226688648,1,10586371000,4508023000,3356226000,1878395000,7072438000,157707000,0,539029000,1166497000,1511945000,268948000,268948000,1.19,1.14,0.225,382079000,-154692000,-96670000,130692000,1116938000,34517000,74.67,82.55,66.8,0.1637,0.1156,31.2,2.42,17.13,0.68,0.1342,0.1649,0.6681,0.1806,0.64,1.53,2.3999
2013-12-29,225507475,225507475,1,10488717000,4650718000,3523026000,1230580000,6967872000,-2181000,0,566015000,1985363000,1727858000,337780000,337780000,1.5,1.44,0.23,616815000,-1767443000,1236013000,83481000,986246000,42700000,64.75,70.93,58.58,0.1477,0.1058,30.9,2.21,17.04,0.46,0.0985,0.2849,0.6643,0.169,0.63,2.55,3.7793
2013-09-29,225891469,225891469,1,8944531000,3947905000,2342070000,1192646000,6605535000,-3074000,0,593252000,819681000,1625153000,276859000,276859000,1.2,1.18,0.225,382413000,537597000,-1072909000,-151366000,902765000,50866000,58.53,63.97,53.09,0.1287,0.0935,29.24,1.91,19.98,0.23,0.0553,0.1241,0.7385,0.1535,0.61,1.47,3.3102
2013-06-30,240389588,240389588,1,9618996000,4294879000,2274190000,1107983000,7347844000,-3038000,0,413219000,809626000,1476263000,261789000,261789000,1.08,1.06,0,390793000,645899000,-1131282000,-93979000,1054131000,71497000,57.2,63.73,50.68,0.0985,0.0706,30.57,1.9,29.79,0,0,0.1102,0.7639,0.1275,0.55,1.33,3.8763
2013-03-31,243368566,243368566,1,10376439000,4850861000,3056675000,1873090000,7322432000,-2668000,0,430924000,799628000,1340729000,166229000,166229000,0.69,0.68,0,473651000,-338933000,11817000,152640000,1148110000,48352000,49.39,56.49,42.3,0.0651,0.0457,30.09,1.64,29.05,0,0,0.1092,0.7057,0.0905,0.5,1.75,2.5898
2012-12-30,241847337,241847337,1,10339127000,4606360000,3079527000,1881667000,7263901000,-4301000,0,448654000,789913000,1541503000,213543000,213543000,0.88,0.88,0,315626000,-399007000,-28146000,-115015000,995470000,105341000,42.66,46.84,38.47,0.0585,0.041,30.04,1.43,21.77,0,0,0.1087,0.7026,0.0826,0.5,0.87,2.448
2012-09-30,241788556,241788556,1,10321511000,4318628000,3113500000,1896914000,7212358000,-4347000,0,467611000,780464000,1273190000,76507000,76507000,0.32,0.31,0,127939000,-103214000,14297000,40031000,1110485000,142338000,39.53,46.99,32.08,0.0685,0.0478,29.83,1.36,15.15,0,0,0.1082,0.6988,0.0954,0.5,-0.06,2.2767
2012-07-01,241544624,241544624,1,10075749000,4136879000,3037868000,1824395000,7041844000,-3963000,0,482059000,771098000,1032255000,12969000,12969000,0.05,0.05,0,19115000,64241000,-105386000,-22809000,1070454000,96076000,40.53,50.07,30.99,0.0922,0.064,29.15,1.4,11.32,0,0,0.1095,0.6989,0.1227,0.52,-0.32,2.2675
2012-04-01,243604693,243604693,1,10012107000,4084546000,2983146000,904131000,7032635000,-3674000,0,485463000,1627234000,1205561000,114385000,114385000,0.47,0.46,0,67174000,-136386000,-5854000,-74233000,1093263000,144218000,49.25,53.08,45.43,0.1291,0.0888,28.87,1.69,12.19,0,0,0.2314,0.7024,0.1574,0.56,-0.32,4.5176
2012-01-01,242395082,242395082,1,10174648000,4355961000,3113809000,1093374000,7064358000,-3519000,0,442590000,1604911000,1576920000,281519000,281519000,1.17,1.14,0,209552000,-182393000,66385000,92646000,1167496000,78609000,45.55,53.46,37.63,0.151,0.1027,29.14,1.63,9.24,0,0,0.2272,0.6943,0.1743,0.59,0.54,3.984
2011-10-02,240296426,240296426,1,9860895000,3972799000,3145386000,1142380000,6719034000,-3525000,0,463808000,1583158000,1416032000,233148000,233148000,0.97,0.96,0,176335000,108345000,-183911000,99996000,1074850000,52914000,39.36,46.47,32.24,0.1916,0.1286,27.96,1.48,7.41,0,0,0.2356,0.6814,0.22,0.58,0.51,3.4777
2011-07-03,239225879,239225879,1,9487807000,3907479000,3127493000,1026700000,6363734000,-3420000,0,485026000,1759217000,1374993000,248287000,248287000,1.04,1.02,0,269246000,-292660000,21857000,404000,974854000,27608000,44.97,51.15,38.79,0.2195,0.1451,26.6,1.79,8.37,0,0,0.2764,0.6707,0.2447,0.59,1.01,3.8059
2011-04-03,238319651,238319651,1,8908073000,3935840000,2918177000,825794000,5993213000,-3317000,0,129466000,1734890000,1294200000,224036000,224036000,0.94,0.92,0,398639000,-300319000,48560000,145301000,974450000,33745000,47.36,53.61,41.1,0.2395,0.1585,25.15,1.94,8.71,0,0,0.2895,0.6728,0.2561,0.62,1.53,4.7661
2011-01-02,236700499,236700499,1,8776710000,4032692000,2997315000,960107000,5782624000,-3229000,0,37404000,1711032000,1327403000,485465000,485465000,2.07,2.03,0,359397000,-452837000,54538000,-36239000,829149000,46432000,44.13,52.31,35.94,0.264,0.1747,24.43,2,9.08,0,0,0.2959,0.6589,0.2694,0.65,1.32,4.2003
2010-10-03,234503364,234503364,1,8116138000,3928095000,2933863000,901777000,5185433000,-3158000,0,41690000,1687752000,1233673000,322092000,322092000,1.38,1.34,0,379150000,-1658016000,907547000,-371623000,865388000,22314000,39.91,46.8,33.03,0.259,0.171,22.11,2.03,8.85,0,0,0.3255,0.6389,0.2434,0.7,1.52,4.3559
2010-07-04,233071767,233071767,1,6740380000,3457466000,2171529000,887020000,4571810000,-2959000,0,47331000,963438000,1179068000,257894000,257894000,1.11,1.08,0,385066000,-254303000,77962000,214500000,1237011000,6701000,42.27,50.55,34,0.2626,0.1727,19.62,2.34,11.55,0,0,0.2107,0.6783,0.2394,0.72,1.62,3.8978
2010-04-04,229982746,229982746,1,6133605000,2842368000,1978878000,740293000,4157129000,-2402000,0,52703000,948937000,1086663000,234691000,234691000,1.02,0.99,0,328279000,-349437000,-54878000,-77853000,1022511000,14928000,30.57,36.25,24.9,0.2304,0.1484,18.08,1.79,17.47,0,0,0.2283,0.6778,0.2148,0.69,1.36,3.8395
2010-01-03,228717982,228717982,1,6001719000,2914774000,2093310000,871110000,3910298000,-1889000,0,58076000,934722000,1241591000,339505000,339505000,1.49,1.45,0,388030000,-48715000,6880000,347881000,1100364000,16379000,25.18,31.18,19.18,0.1194,0.0746,17.1,1.61,None,0,0,0.239,0.6515,0.1164,0.64,1.62,3.346
2009-09-27,228213584,228213584,1,5749284000,2512934000,2191081000,953787000,3559613000,-1410000,0,63663000,919470000,935171000,231293000,231293000,1.02,0.99,0,238372000,-379390000,7723000,-132044000,752483000,10687000,18.11,23.2,13.02,-0.539,-0.3201,15.6,1.26,None,0,None,0.2583,0.6191,None,0.57,1,2.6347
2009-06-28,227058773,227058773,1,5245982000,2293138000,1980530000,815176000,3266311000,-859000,0,61472000,905766000,730573000,52507000,52507000,0.23,0.23,0,-24287000,-184670000,1705000,-205552000,884527000,16170000,14.29,16.72,11.87,-0.5977,-0.3688,14.39,1.02,None,0,None,0.2773,0.6226,None,0.52,-0.18,2.8131
2009-03-29,226855067,226855067,1,5267800000,2387626000,2090708000,988913000,3177435000,-343000,0,58721000,892314000,659471000,-207995000,-207995000,-0.92,-0.92,0,-114261000,237950000,4570000,128018000,1090079000,16497000,10.52,13.5,7.53,-0.5648,-0.3606,14.01,0.75,None,0,None,0.2808,0.6032,None,0.5,-0.58,2.4144
2008-12-28,226149437,226149437,1,5926936000,2703345000,2751986000,1263009000,3174799000,151000,0,904052000,1225000000,863877000,-1851585000,-1851585000,-8.19,-8.19,0,64684000,171945000,244000,240954000,962061000,31673000,13.45,21.82,5.07,-0.4561,-0.3009,14.04,0.63,None,0,None,0.3859,0.5357,None,0.49,0.15,2.1404
2008-09-28,226038296,226038296,1,7013035000,2901421000,2161641000,752297000,4851243000,151000,0,1109584000,1225000000,821497000,-155194000,-155194000,-0.69,-0.69,0,136137000,-113406000,10368000,31529000,721107000,5768000,18.28,23.5,13.06,-0.0201,-0.0139,21.46,0.83,32.07,0,None,0.2525,0.6917,None,0.52,0.58,3.8567
2008-06-29,225010268,225010268,1,7110567000,2838634000,2147652000,731353000,4962764000,151000,0,1130788000,1225000000,816011000,-67877000,-67877000,-0.3,-0.3,0,-332646000,-205603000,3796000,-535707000,689578000,50138000,26.06,33.17,18.95,0.0281,0.0195,22.06,1.16,26.32,0,0,0.2468,0.6979,0.0356,0.55,-1.7,3.8813
2008-03-30,224739799,224739799,1,7286932000,3037206000,2235814000,830920000,5050967000,151000,0,1142061000,1225000000,849967000,17880000,17880000,0.08,0.08,0,218633000,176391000,-2554000,391536000,1225285000,56774000,26.63,33.73,19.54,0.0478,0.0332,22.47,1.2,29.26,0,0,0.2425,0.6932,0.0598,0.56,0.72,3.6552
2007-12-30,224260481,224260481,1,7234819000,3299657000,2274135000,913883000,4959617000,1067000,0,1162893000,1225000000,1245825000,105810000,105810000,0.47,0.43,0,149212000,-89758000,-194528000,-137171000,833749000,79051000,44.56,55.98,33.15,0.0446,0.0312,22.12,2.04,143.74,0,0,0.247,0.6855,0.056,0.56,0.31,3.6106
2007-09-30,229086886,229086886,1,7180706000,3605660000,2171279000,818275000,5008360000,1067000,0,1190557000,1225000000,1037423000,84638000,84638000,0.37,0.36,0,338917000,-544591000,51426000,-153293000,970920000,82102000,53.45,59.75,47.14,0.016,0.0112,21.86,2.53,116.2,0,0,0.2446,0.6975,0.0203,0.55,1.12,4.4064
2007-07-01,227844087,227844087,1,6828699000,4247537000,2019550000,663998000,4807942000,1207000,0,1203986000,1225000000,827032000,28484000,28484000,0.12,0.12,0,-90451000,-563731000,-32946000,-686896000,1124213000,54002000,45.55,49.61,41.48,0.0217,0.015,21.1,2.17,56.23,0,0,0.2548,0.7041,0.0272,0.55,-0.63,6.3969
2007-04-01,228212880,228212880,1,6750210000,4057480000,1950619000,610350000,4795940000,3651000,0,1229689000,1225000000,786086000,-575000,-575000,0,0,0,255249000,-20278000,-4950000,230409000,1811109000,43799000,41.03,46.24,35.82,0.0407,0.0277,21.02,1.96,41.87,0,0,0.2554,0.7105,0.0477,0.58,0.93,6.6478
2006-12-31,227362985,227362985,1,6967783000,4241861000,2193673000,896447000,4768134000,5976000,0,1299332000,1225000000,1163695000,-35141000,-35141000,-0.17,-0.17,0,194900000,-88497000,-982000,106545000,1580700000,53031000,52.12,62.24,42,0.0561,0.0392,20.97,3.09,28.48,0,0,0.2569,0.6843,0.0611,0.64,0.62,4.7319
2006-10-01,196691104,196691104,1,5050755000,3432990000,1737383000,550654000,3313372000,0,0,252980000,1150000000,751385000,103281000,103281000,0.53,0.51,0,291375000,-156056000,20315000,155676000,1474155000,33721000,49.14,60.94,37.34,0.1233,0.0894,16.85,3.04,26.28,0,0,0.3471,0.656,0.1294,0.69,1.31,6.2344
2006-07-02,195956991,195956991,1,4840609000,3217028000,1671492000,480642000,3169117000,0,0,264480000,1150000000,719185000,95641000,95641000,0.49,0.47,0,59339000,-681657000,1089985000,467914000,1318479000,37125000,57.68,66.2,49.16,0.1368,0.1049,16.17,3.84,32.59,0,0,0.3629,0.6547,0.1387,0.76,0.11,6.6932
2006-04-02,195331052,195331052,1,3450733000,2583247000,519341000,483305000,2931392000,0,0,269406000,0,623260000,35115000,35115000,0.18,0.17,0,52449000,-51851000,87970000,88507000,850565000,52597000,65.97,79.8,52.15,0.1414,0.1163,15.01,5.07,33.15,0,0,0,0.8495,0.14,0.83,-0,5.345
2006-01-01,194010547,194010547,1,3120187000,2575735000,596396000,571137000,2523791000,0,0,0,0,750567000,133914000,133914000,0.71,0.68,0,78871000,-149224000,67155000,-2554000,762058000,53977000,55.57,65.49,45.65,0.1734,0.1413,13.01,4.53,31.94,0,0,0,0.8089,0.1676,0.84,0.13,4.5098
2005-10-02,184114750,184114750,1,2779524000,2287329000,520721000,501059000,2258803000,0,0,0,0,589631000,107458000,107458000,0.59,0.55,0,208507000,-57859000,32390000,183523000,764612000,24282000,35.99,48.58,23.41,0.1589,0.1305,12.27,3.11,24.32,0,0,0,0.8127,0.1572,0.83,1,4.565
2005-07-03,181750930,181750930,1,2586661000,2115463000,483632000,461400000,2103029000,0,0,0,0,514896000,70496000,70496000,0.39,0.37,0,59201000,-54293000,4581000,9284000,581089000,26067000,26.24,29.03,23.45,0.1434,0.1162,11.57,2.35,17.61,0,0,0,0.813,0.1443,0.81,0.18,4.5849
2005-04-03,181146960,181146960,1,2450064000,1981526000,424430000,400082000,2025634000,0,0,0,0,450975000,74516000,74516000,0.41,0.39,0,134276000,-38121000,11272000,108010000,571805000,30151000,24.34,28.42,20.25,0.1527,0.1218,11.18,2.27,16.9,0,0,0,0.8268,0.1508,0.81,0.57,4.9528
2005-01-02,180857543,180857543,1,2320180000,1880128000,380030000,353454000,1940150000,0,0,0,0,548883000,78335000,78335000,0.47,0.43,0,15041000,-159877000,6448000,-138388000,463795000,17903000,25.81,31.96,19.66,0.1565,0.1222,10.73,2.52,17.32,0,0,0,0.8362,0.15,0.81,-0.02,5.3193
2004-09-26,162909975,162909975,1,2192130000,1816675000,520926000,345118000,1671204000,0,0,0,0,407954000,54102000,54102000,0.33,0.29,0,155875000,-176983000,9327000,-11781000,602183000,82816000,23.99,28.7,19.28,0.1733,0.131,10.26,2.38,18.6,0,0,0,0.7624,0.1707,0.77,0.45,5.2639
2004-06-27,161944519,161944519,1,2149751000,1824187000,517356000,343039000,1632395000,0,0,0,0,433288000,70611000,70611000,0.44,0.38,0,3000000,-128255000,2858000,-122397000,613964000,15713000,26.52,33.25,19.79,0.1722,0.1267,10.08,2.73,22.67,0,0,0,0.7593,0.1588,0.8,-0.08,5.3177
2004-03-28,161481281,161481281,1,2062644000,1743893000,492595000,318165000,1570049000,0,0,0,0,386930000,63568000,63568000,0.39,0.34,0,53750000,-57883000,6015000,1882000,736361000,9410000,29.92,36.35,23.49,0.1816,0.1295,9.72,3.21,30.07,0,0,0,0.7612,0.1606,0.81,0.27,5.4811
2003-12-28,161271908,161271908,1,2023514000,1724904000,522826000,346834000,1500688000,0,0,0,0,389295000,87838000,87838000,0.55,0.48,0,108501000,-172645000,541136000,476992000,734479000,13215000,34.88,43.15,26.6,0.1855,0.127,9.31,6.25,53.66,0,0,0,0.7416,0.1564,0.81,0.59,4.9733
2003-09-28,71309211,142618422,2,1239667000,993276000,443329000,269380000,796338000,0,0,0,0,281400000,14770000,14770000,0.21,0.18,0,65555000,-115397000,29349000,-20493000,257487000,17414000,26.54,34.08,19,0.1454,0.0943,5.58,5.27,41.47,0,0,0,0.6424,0.1156,0.82,0.34,3.6873
2003-06-30,69813650,139627300,2,1082038000,881491000,378164000,202284000,703874000,0,0,0,0,234626000,41326000,41326000,0.59,0.52,0,62381000,-12607000,4245000,54019000,323830000,17017000,14.47,20.73,8.21,0.1507,0.0973,5.04,3.13,32.52,0,0,0,0.6505,0.1331,0.73,0.32,4.3577
2003-03-31,69358766,138717532,2,972474000,781830000,332231000,158165000,640243000,0,0,0,0,174480000,24925000,24925000,0.36,0.33,0,34003000,-32999000,2172000,3176000,269811000,7949000,9.79,12.2,7.39,0.1027,0.0669,4.62,2.16,38.39,0,0,0,0.6584,0.1041,0.64,0.19,4.9431
2002-12-31,69351698,138703396,2,976179000,757330000,348459000,172880000,627720000,0,0,0,0,179828000,19610000,19610000,0.29,0.27,0,40876000,-86807000,1279000,-44652000,266635000,3200000,10.3,14.6,6,0.0565,0.0373,4.53,2.34,33.23,0,0,0,0.643,0.067,0.56,0.27,4.3807
2002-09-30,68947115,137894230,2,963192000,737436000,355391000,176620000,607801000,0,0,0,0,141128000,11324000,11324000,0.16,0.16,0,45690000,7811000,1972000,55473000,311287000,5713000,7.29,9.05,5.53,0.0646,0.044,4.41,1.54,None,0,0,0,0.631,0.0932,0.47,0.29,4.1753
2002-06-30,68737378,137474756,2,968167000,722491000,317066000,158895000,651101000,0,0,0,0,127698000,9040000,9040000,0.13,0.13,0,22718000,68392000,307000,91417000,255814000,1902000,8.25,11.7,4.8,-0.2141,-0.1549,4.74,1.66,None,0,None,0,0.6725,None,0.42,0.15,4.547
2002-03-31,68674948,137349896,2,978071000,723702000,296806000,136674000,681265000,0,0,0,0,92619000,-3734000,-3734000,-0.05,-0.05,0,-3629000,-47818000,26345000,-25102000,164397000,6429000,8.66,11.11,6.22,-0.2344,-0.1793,4.96,1.76,None,0,None,0,0.6965,None,0.4,-0.07,5.2951
2001-12-31,68637117,137274234,2,932348000,542157000,256969000,127061000,675379000,0,0,0,0,91939000,25628000,25628000,0.38,0.38,0,-24793000,46369000,122047000,143623000,189499000,8072000,6.84,9.14,4.53,-0.4256,-0.3403,4.92,1.56,None,0,None,0,0.7244,None,0.42,-0.24,4.2669
2001-09-30,68288730,136577460,2,724834000,472950000,126016000,123510000,598818000,0,0,0,0,65887000,-170476000,-170476000,-2.5,-2.5,0,-34729000,-6910000,2606000,-39033000,45876000,2612000,9.13,13.97,4.3,-0.3937,-0.3198,4.38,1.66,None,0,None,0,0.8261,None,0.49,-0.27,3.8292
2001-06-30,68172991,136345982,2,902856000,583742000,152116000,122025000,750740000,0,0,0,0,107148000,-9994000,-9994000,-0.15,-0.15,0,11723000,-5655000,1354000,7422000,84909000,6464000,11.82,15,8.63,-0.1216,-0.0965,5.51,2.07,None,0,None,0,0.8315,None,0.55,0.04,4.7838
2001-03-31,67973928,135947856,2,941870000,627994000,166780000,139855000,775090000,0,0,0,0,101327000,-143102000,-143102000,-2.11,-2.11,0,-24267000,-8677000,4154000,-28790000,77487000,9075000,16.82,24.34,9.31,-0.0771,-0.06,5.7,2.65,8.2,0,None,0,0.8229,None,0.56,-0.25,4.4903
2000-12-31,67957788,135915576,2,1107907000,697307000,244849000,171357000,863058000,0,0,0,0,177655000,29530000,29530000,0.44,0.42,0,46613000,-114870000,2273000,-65984000,106277000,-12440000,25.57,37.38,13.75,0.3579,0.2752,6.35,4.13,13.35,0,0,0,0.779,0.4963,0.55,0.43,4.0693
2000-09-30,67304244,134608488,2,1107019000,804873000,273586000,203410000,833433000,0,0,0,0,170839000,25603000,25603000,0.38,0.35,0,-2655000,-3615000,2702000,-3568000,172261000,28104000,36.41,47.25,25.57,0.3664,0.287,6.19,5.84,20.31,0,0,0,0.7529,0.5507,0.52,-0.23,3.9569
2000-06-30,66965574,133931148,2,1091635000,834166000,256903000,188586000,834732000,0,0,0,0,143949000,24268000,24268000,0.36,0.33,0,40725000,25407000,2139000,68271000,175829000,7246000,41.94,63.25,20.63,0.4255,0.3365,6.23,6.92,25.04,0,0,0,0.7647,0.6443,0.52,0.25,4.4233
2000-03-31,66558905,133117810,2,1033911000,794844000,226633000,158316000,807278000,0,0,0,0,109369000,219271000,219271000,3.32,3,0,169000,-44854000,6073000,-38612000,107558000,3676000,51.77,84.81,18.73,0.5279,0.4227,6.06,12.04,243.62,0,0,0,0.7808,0.7735,0.55,-0.03,5.0206
1999-12-31,66531812,133063624,2,657724000,568390000,85597000,85597000,572127000,0,0,0,0,82771000,10028000,10028000,0.17,0.15,0,1262000,-198793000,321232000,123701000,146170000,4133000,17.3,25.16,9.44,0.0859,0.07,4.3,8.24,101.76,0,0,0,0.8699,0.1075,0.65,-0.02,6.6403
1999-09-30,27506245,110024980,4,308203000,223358000,77557000,77557000,230646000,0,0,0,0,67534000,6505000,6505000,0.24,0.21,0,-1392000,6943000,4152000,9703000,22469000,8639000,16.91,23.94,9.88,0.0922,0.072,2.1,8.37,120.79,0,0,0,0.7484,0.0993,0.73,-0.09,2.8799
1999-06-30,27156980,108627920,4,285505000,211093000,65634000,65634000,219871000,0,0,0,0,52549000,5694000,5694000,0.21,0.19,0,4746000,-8753000,1343000,-2664000,12766000,5583000,7.71,11.17,4.25,0.0763,0.0609,2.02,3.87,75.22,0,0,0,0.7701,0.0964,0.63,-0.01,3.2162
1999-03-31,26865588,107462352,4,266587000,195838000,53203000,53203000,213384000,0,0,0,0,44136000,4323000,4323000,0.16,0.15,0,12347000,-13776000,1475000,46000,15430000,3036000,6.27,9.4,3.13,0.0557,0.0451,1.99,3.23,58.33,0,0,0,0.8004,0.0786,0.57,0.09,3.681
1998-12-31,26819100,107276400,4,255741000,186374000,47903000,47903000,207838000,0,0,0,0,38220000,3574000,3574000,0.14,0.13,0,8334000,-8707000,1877000,1504000,15384000,-8236000,2.52,3.75,1.28,0.0587,0.0477,1.94,1.33,14.2,0,0,0,0.8127,0.0872,0.55,0.15,3.8907
1998-09-30,26588350,106353400,4,249378000,181010000,47106000,47106000,202272000,0,0,0,0,32078000,2506000,2506000,0.09,0.09,0,6743000,-7426000,1096000,413000,13880000,12860000,2.79,3.69,1.88,0.0785,0.0631,1.9,1.48,12.54,0,0,0,0.8111,0.1123,0.56,-0.06,3.8426
1998-06-30,26209294,104837176,4,244686000,187670000,46219000,46219000,198467000,0,0,0,0,31361000,1053000,1053000,0.04,0.04,0,5114000,-2362000,73000,2825000,13467000,1040000,4.67,6.28,3.06,0.1148,0.0894,1.89,2.47,18.68,0,0,0,0.8111,0.1394,0.64,0.04,4.0605
1998-03-31,26126629,104506516,4,242122000,184449000,44800000,44800000,197322000,0,0,0,0,34102000,4703000,4703000,0.18,0.17,0,-6841000,-4525000,1120000,-10246000,10642000,1825000,5.25,6.57,3.94,0.1533,0.1191,1.89,2.87,22.83,0,0,0,0.815,0.1625,0.73,-0.08,4.1172
1997-12-31,26125986,104503944,4,245467000,188391000,54093000,54093000,191374000,0,0,0,0,40318000,7222000,7222000,0.41,None,0,-3717000,-75816000,82084000,2551000,20888000,3754000,6.97,10,3.94,0.166,0.1283,1.83,6.17,None,0,0,0,0.7796,0.1584,0.81,-0.07,3.4827
1997-09-30,22653908,90615632,4,152819000,98815000,50793000,50793000,102026000,0,0,0,0,36144000,6802000,6802000,0.27,None,0,31107000,-34846000,958000,-2781000,18337000,2902000,6.42,9.16,3.69,None,None,1.13,6.11,None,0,None,0,0.6676,None,None,0.31,1.9454
1997-06-30,22481804,89927216,4,112463000,100563000,18202000,18202000,94261000,0,0,0,0,27347000,3690000,3690000,0.15,None,0,3766000,3457000,20000,7243000,21118000,1752000,3.07,3.72,2.41,None,None,1.05,3.04,None,0,None,0,0.8382,None,None,0.02,5.5248
1997-03-31,22468844,89875376,4,107771000,96609000,17296000,17296000,90475000,0,0,0,0,21444000,2125000,2125000,0.09,None,0,-4368000,-1706000,626000,-5448000,13875000,1184000,2.85,3.47,2.22,None,None,1.01,2.91,None,0,None,0,0.8395,None,None,-0.06,5.5856
1996-12-31,22457713,89830852,4,108268000,97487000,20458000,20458000,87810000,0,0,0,0,None,None,None,None,None,0,1286000,-8348000,84000,-6978000,19323000,2353000,3.42,4.03,2.81,None,None,0.98,3.68,None,0,None,0,0.811,None,None,-0.01,4.7652
1996-09-30,22269016,89076064,4,103866000,94881000,20589000,20589000,83277000,0,0,0,0,26048000,3643000,3643000,0.15,0.15,0,9701000,388000,513000,10602000,26301000,2023000,3.23,4.06,2.41,None,None,0.93,3.63,None,0,None,0,0.8018,None,None,0.09,4.6083
1996-06-30,22167645,88670580,4,99056000,91434000,20019000,20019000,79037000,0,0,0,0,24562000,3405000,3405000,0.14,0.14,0,None,None,None,None,15699000,0,3.46,4.25,2.66,None,None,0.89,None,None,0,None,0,0.7979,None,None,None,4.5674
