"Quarter end","Shares","Shares split adjusted","Split factor","Assets","Current Assets","Liabilities","Current Liabilities","Shareholders equity","Non-controlling interest","Preferred equity","Goodwill & intangibles","Long-term debt","Revenue","Earnings","Earnings available for common stockholders","EPS basic","EPS diluted","Dividend per share","Cash from operating activities","Cash from investing activities","Cash from financing activities","Cash change during period","Cash at end of period","Capital expenditures","Price","Price high","Price low","ROE","ROA","Book value of equity per share","P/B ratio","P/E ratio","Cumulative dividends per share","Dividend payout ratio","Long-term debt to equity ratio","Equity to assets ratio","Net margin","Asset turnover","Free cash flow per share","Current ratio"
2016-12-31,702293575,702293575,1,36842000000,1772000000,25303000000,3905000000,7157000000,4382000000,0,4181000000,13624000000,1298000000,115000000,115000000,0.16,0.16,0.41,427000000,-1235000000,646000000,-159000000,305000000,1216000000,41.23,43.71,38.76,0.0943,0.0195,10.19,3.87,93.7,11.73,1.6351,1.9036,0.1943,0.141,0.14,-1.12,0.4538
2016-09-30,701483324,701483324,1,35937000000,1750000000,24518000000,3687000000,7468000000,3951000000,0,4203000000,13094000000,1075000000,195000000,195000000,0.28,0.28,0.405,360000000,-851000000,716000000,224000000,464000000,927000000,39.64,44,35.28,0.0438,0.0091,10.65,3.66,94.38,11.32,3.4718,1.7533,0.2078,0.0638,0.14,-0.81,0.4746
2016-06-30,701100679,701100679,1,35047000000,1637000000,23824000000,2786000000,7598000000,3625000000,0,4217000000,13584000000,1159000000,149000000,149000000,0.21,0.21,0.405,682000000,-1028000000,306000000,-39000000,240000000,848000000,32.74,36.65,28.84,0.0413,0.0087,10.84,3.13,136.42,10.92,3.5984,1.7878,0.2168,0.0593,0.15,-0.24,0.5876
2016-03-31,684209559,684209559,1,34091000000,1475000000,23731000000,3163000000,7163000000,3197000000,0,4211000000,13190000000,1384000000,234000000,234000000,0.35,0.35,0.405,557000000,-716000000,222000000,66000000,279000000,712000000,27.25,31.22,23.29,0.0229,0.0049,10.47,2.8,93.97,10.51,6.2723,1.8414,0.2101,0.0326,0.15,-0.23,0.4663
2015-12-31,671500270,671500270,1,32923000000,1648000000,23391000000,3392000000,6526000000,3006000000,0,4154000000,12892000000,1316000000,-263000000,-263000000,-0.4,-0.4,0.37,424000000,-1279000000,731000000,-125000000,213000000,1031000000,25.99,30.55,21.43,0.027,0.0059,9.72,2.42,22.41,10.11,5.0698,1.9755,0.1982,0.0374,0.16,-0.9,0.4858
2015-09-30,671410743,671410743,1,33259000000,1839000000,23328000000,3407000000,7216000000,2715000000,0,4534000000,13698000000,1103000000,174000000,174000000,0.26,0.26,0.37,367000000,-527000000,215000000,51000000,338000000,828000000,29.03,32.84,25.22,0.101,0.0233,10.75,2.57,24.19,9.74,1.282,1.8983,0.217,0.1404,0.17,-0.69,0.5398
2015-06-30,671363087,671363087,1,33044000000,1737000000,22965000000,3137000000,7596000000,2483000000,0,4615000000,12783000000,1192000000,18000000,18000000,0.03,0.03,0.37,690000000,-572000000,-242000000,-122000000,287000000,601000000,35.33,38.47,32.19,0.1008,0.0239,11.31,3.08,25.42,9.37,1.2093,1.6829,0.2299,0.1427,0.17,0.13,0.5537
2015-03-31,671327206,671327206,1,32920000000,2063000000,22889000000,2717000000,7707000000,2324000000,0,4595000000,13178000000,1623000000,267000000,267000000,0.4,0.4,0.37,766000000,-404000000,-164000000,194000000,409000000,388000000,34.66,36.9,32.43,0.1132,0.0276,11.48,2.85,21.53,9,1.0175,1.7099,0.2341,0.1636,0.17,0.56,0.7593
2014-12-31,671089528,671089528,1,34040000000,2332000000,23642000000,3809000000,8160000000,2238000000,0,4714000000,12769000000,1600000000,316000000,316000000,0.46,0.47,0.37,675000000,-582000000,-97000000,-6000000,215000000,599000000,36.25,40,32.5,0.1287,0.032,12.16,2.91,24.33,8.63,0.8526,1.5648,0.2397,0.1833,0.17,0.11,0.6122
2014-09-30,671000273,671000273,1,34001000000,2252000000,23463000000,3491000000,8356000000,2182000000,0,4768000000,13072000000,1207000000,201000000,201000000,0.3,0.3,0.335,337000000,-809000000,397000000,-79000000,221000000,596000000,40.83,43.12,38.55,0.118,0.0297,12.45,3.17,25.84,8.26,0.8735,1.5644,0.2458,0.1708,0.17,-0.39,0.6451
2014-06-30,670893796,670893796,1,33946000000,2205000000,23201000000,3156000000,8652000000,2093000000,0,4841000000,13141000000,1253000000,146000000,146000000,0.22,0.22,0.335,523000000,-210000000,-209000000,107000000,300000000,459000000,39.89,42.61,37.17,0.1232,0.0312,12.9,3.16,24.03,7.92,0.8034,1.5188,0.2549,0.1833,0.17,0.1,0.6987
2014-03-31,670685199,670685199,1,33384000000,2172000000,23039000000,3687000000,8466000000,1879000000,0,4788000000,12600000000,1843000000,419000000,419000000,0.63,0.62,0.335,686000000,-402000000,-290000000,-8000000,193000000,374000000,36.48,38.73,34.23,0.129,0.0331,12.62,2.88,23.54,7.59,0.7469,1.4883,0.2536,0.1935,0.17,0.47,0.5891
2013-12-31,670171444,670171444,1,33533000000,2081000000,23210000000,4039000000,8494000000,1829000000,0,4810000000,12969000000,1565000000,236000000,236000000,0.35,0.35,0.3,630000000,1564000000,-2151000000,41000000,201000000,471000000,34.48,36.16,32.8,0.1183,0.031,12.67,2.59,22.68,7.25,0.7839,1.5268,0.2533,0.1881,0.16,0.24,0.5152
2013-09-30,670039114,670039114,1,35353000000,1921000000,25356000000,6159000000,8933000000,1064000000,0,4869000000,12268000000,1144000000,263000000,263000000,0.39,0.39,0.305,200000000,-2265000000,2006000000,-57000000,160000000,517000000,34.84,37.11,32.57,0.1141,0.031,13.33,2.67,24.89,6.95,0.801,1.3733,0.2527,0.1915,0.16,-0.47,0.3119
2013-06-30,669337440,669337440,1,32660000000,1727000000,22931000000,4511000000,8744000000,985000000,0,4806000000,11656000000,1220000000,199000000,199000000,0.3,0.3,0.305,618000000,-761000000,174000000,29000000,217000000,533000000,32.23,34.83,29.62,0.1057,0.0297,13.06,2.41,22.54,6.65,0.8502,1.333,0.2677,0.1781,0.17,0.13,0.3828
2013-03-31,669196502,669196502,1,32538000000,1736000000,22728000000,3763000000,8940000000,870000000,0,4887000000,12280000000,1589000000,340000000,340000000,0.51,0.51,0.305,582000000,-1774000000,1287000000,94000000,188000000,426000000,28.9,30.94,26.86,0.1088,0.0313,13.36,2.15,20.21,6.34,0.8133,1.3736,0.2748,0.185,0.17,0.23,0.4613
2012-12-31,668132135,668132135,1,30587000000,1663000000,20744000000,3791000000,8972000000,871000000,0,4513000000,10653000000,1347000000,213000000,213000000,0.33,0.32,0.3,484000000,-1224000000,689000000,-52000000,94000000,607000000,28.38,30.22,26.55,0.1097,0.0322,13.43,2.16,18.43,6.04,0.7967,1.1874,0.2933,0.1852,0.17,-0.18,0.4387
2012-09-30,653019303,653019303,1,29582000000,1621000000,20164000000,4023000000,8590000000,828000000,0,4541000000,9892000000,1072000000,179000000,179000000,0.27,0.27,0.28,295000000,-658000000,379000000,16000000,146000000,629000000,29.51,31,28.02,0.1218,0.0355,13.15,2.32,17.78,5.74,0.7192,1.1516,0.2904,0.1971,0.18,-0.51,0.4029
2012-06-30,652870488,652870488,1,28375000000,1395000000,19227000000,3444000000,8319000000,829000000,0,4435000000,9632000000,1112000000,215000000,215000000,0.33,0.33,0.28,613000000,-390000000,-200000000,23000000,127000000,446000000,29.57,31.79,27.36,0.1334,0.0389,12.74,2.3,16.71,5.46,0.6572,1.1578,0.2932,0.2095,0.19,0.26,0.4051
2012-03-31,652738453,652738453,1,28359000000,1437000000,19135000000,3269000000,8388000000,836000000,0,4492000000,9749000000,1544000000,333000000,333000000,0.51,0.51,0.28,546000000,-402000000,-214000000,-69000000,105000000,343000000,31.22,32.27,30.17,0.1413,0.0416,12.85,2.52,17.25,5.18,0.6063,1.1623,0.2958,0.2196,0.19,0.31,0.4396
2011-12-31,651150825,651150825,1,28138000000,1764000000,19242000000,3101000000,8065000000,831000000,0,4420000000,10146000000,1428000000,289000000,289000000,0.44,0.43,0.28,499000000,-552000000,153000000,100000000,174000000,616000000,27.25,31.33,23.17,0.145,0.0429,12.39,2.23,14.57,4.9,0.5823,1.258,0.2866,0.2213,0.19,-0.18,0.5688
2011-09-30,650345460,650345460,1,27215000000,1608000000,18449000000,2513000000,7939000000,827000000,0,4337000000,10234000000,1123000000,254000000,254000000,0.39,0.39,0.26,349000000,-975000000,173000000,-464000000,74000000,560000000,25.4,28,22.8,0.1499,0.0446,12.21,1.96,14.27,4.62,0.5509,1.2891,0.2917,0.229,0.19,-0.32,0.6399
2011-06-30,650279848,650279848,1,27939000000,1942000000,18656000000,2189000000,8446000000,837000000,0,4421000000,10640000000,1188000000,284000000,284000000,0.44,0.44,0.26,616000000,-239000000,21000000,398000000,538000000,410000000,27.7,29.24,26.17,0.145,0.0432,12.99,2.19,17.2,4.36,0.5719,1.2598,0.3023,0.2226,0.19,0.32,0.8872
2011-03-31,649889656,649889656,1,27151000000,1517000000,18250000000,2317000000,8218000000,683000000,0,4396000000,10257000000,1612000000,357000000,357000000,0.55,0.55,0.26,722000000,-332000000,-382000000,10000000,140000000,329000000,25.97,27.5,24.44,0.1365,0.0405,12.65,2.16,16.13,4.1,0.6252,1.2481,0.3027,0.2064,0.2,0.6,0.6547
2010-12-31,648616985,648616985,1,26686000000,1638000000,18199000000,2523000000,7809000000,678000000,0,4305000000,10169000000,1383000000,320000000,320000000,0.5,0.49,0.25,401000000,-680000000,250000000,-26000000,130000000,1811000000,23.91,25.45,22.37,0.1399,0.0417,12.04,2.08,16.49,3.84,0.6179,1.3022,0.2926,0.2121,0.2,-2.17,0.6492
2010-09-30,648221917,648221917,1,25516000000,1422000000,17487000000,3065000000,7470000000,559000000,0,4236000000,9277000000,1019000000,197000000,197000000,0.3,0.3,0.25,176000000,-900000000,774000000,50000000,156000000,384000000,21.24,22.81,19.67,0.1294,0.0387,11.52,1.91,14.65,3.59,0.6835,1.2419,0.2928,0.1951,0.2,-0.32,0.4639
2010-06-30,648019147,648019147,1,24069000000,1240000000,16308000000,2606000000,7209000000,552000000,0,3917000000,8670000000,1063000000,174000000,174000000,0.27,0.27,0.25,361000000,-315000000,-66000000,-20000000,106000000,321000000,21.21,23.85,18.57,0.131,0.039,11.12,1.83,15.15,3.34,0.6874,1.2027,0.2995,0.1973,0.2,0.06,0.4758
2010-03-31,647987459,647987459,1,24447000000,1269000000,16393000000,2203000000,7497000000,557000000,0,4062000000,9088000000,1480000000,358000000,358000000,0.55,0.55,0.25,470000000,-206000000,-302000000,-38000000,158000000,176000000,21.68,23.06,20.3,0.1297,0.0382,11.57,1.97,16.42,3.09,0.7126,1.2122,0.3067,0.1954,0.2,0.45,0.576
2009-12-31,647483298,647483298,1,24079000000,1429000000,16414000000,2495000000,7125000000,540000000,0,3948000000,8947000000,1298000000,219000000,219000000,0.33,0.33,0.25,493000000,-268000000,-514000000,-254000000,196000000,267000000,19.52,20.78,18.26,0.1258,0.0368,11,1.82,15.49,2.84,0.7621,1.2557,0.2959,0.1863,0.2,0.35,0.5727
2009-09-30,646755342,646755342,1,23938000000,1527000000,16458000000,2257000000,6938000000,542000000,0,3901000000,9347000000,933000000,191000000,191000000,0.3,0.3,0.25,248000000,-188000000,113000000,149000000,450000000,338000000,17.77,19.73,15.81,0.126,0.0356,10.73,1.78,12.34,2.59,0.8066,1.3472,0.2898,0.1778,0.2,-0.14,0.6766
2009-06-30,645907507,645907507,1,22658000000,1231000000,15667000000,2325000000,6447000000,544000000,0,3654000000,8605000000,937000000,140000000,140000000,0.22,0.22,0.25,463000000,-402000000,3000000,80000000,301000000,228000000,15.68,17.61,13.75,0.1455,0.0404,9.98,1.56,9.28,2.34,0.7031,1.3347,0.2845,0.1948,0.21,0.36,0.5295
2009-03-31,644974494,644974494,1,21417000000,1224000000,14476000000,2359000000,6464000000,477000000,0,3294000000,8031000000,1384000000,298000000,298000000,0.47,0.47,0.25,556000000,-142000000,-405000000,7000000,221000000,147000000,14.34,17.47,11.21,0.1676,0.047,10.02,1.67,7.97,2.09,0.5814,1.2424,0.3018,0.2186,0.21,0.63,0.5189
2008-12-31,643339758,643339758,1,21924000000,1450000000,15689000000,3044000000,5540000000,695000000,0,3381000000,8290000000,1245000000,171000000,171000000,0.28,0.27,0.25,409000000,-324000000,-140000000,-67000000,214000000,464000000,18.56,23.77,13.36,0.1752,0.0491,8.61,1.77,9.33,1.84,0.532,1.4964,0.2527,0.2225,0.22,-0.09,0.4763
2008-09-30,611049032,611049032,1,23507000000,1818000000,16385000000,2555000000,6421000000,701000000,0,3767000000,9369000000,1080000000,296000000,296000000,0.48,0.48,0.25,255000000,-540000000,477000000,192000000,281000000,430000000,25.56,29.13,22,0.1844,0.0537,10.51,2.29,13.6,1.59,0.4635,1.4591,0.2732,0.239,0.22,-0.29,0.7115
2008-06-30,614835860,614835860,1,23400000000,1519000000,15911000000,2867000000,6869000000,620000000,0,3880000000,8490000000,1141000000,295000000,295000000,0.47,0.47,0.23,468000000,-652000000,16000000,-163000000,89000000,363000000,25.93,29.18,22.67,0.1734,None,11.17,2.36,15.08,1.34,0.4762,1.236,0.2935,0.2325,0.22,0.17,0.5298
2008-03-31,632956414,632956414,1,23112000000,1530000000,15359000000,2756000000,6945000000,808000000,0,3864000000,8080000000,1608000000,367000000,367000000,0.58,0.58,0.23,673000000,-372000000,-139000000,158000000,252000000,245000000,23.84,26.26,21.41,0.1631,None,10.97,2.2,15.79,1.11,0.5174,1.1634,0.3005,0.2198,0.22,0.68,0.5552
2007-12-31,632536965,632536965,1,22970000000,1379000000,15307000000,2422000000,6857000000,806000000,0,3948000000,8345000000,1397000000,291000000,291000000,0.46,0.46,0.22,615000000,-427000000,-230000000,-41000000,94000000,423000000,25.16,26.34,23.98,None,None,10.84,2.37,None,0.88,0.5813,1.217,0.2985,None,None,0.3,0.5694
2007-09-30,632297898,632297898,1,22859000000,1595000000,15360000000,1996000000,6709000000,790000000,0,3977000000,8593000000,959000000,234000000,234000000,0.37,0.37,0.22,198000000,-613000000,10000000,-394000000,135000000,355000000,24.48,27.73,21.24,None,None,10.61,2.51,None,0.66,None,1.2808,0.2935,None,None,-0.25,0.7991
2007-06-30,632124577,632124577,1,21764000000,1615000000,15000000000,2785000000,6170000000,594000000,0,3755000000,7734000000,985000000,196000000,196000000,0.31,0.31,0.22,403000000,-330000000,-191000000,-67000000,529000000,313000000,26.12,27.34,24.89,None,None,9.76,2.94,None,0.44,None,1.2535,0.2835,None,None,0.14,0.5799
2007-03-31,631828569,631828569,1,20712000000,1616000000,14537000000,2379000000,5606000000,569000000,0,3527000000,7723000000,1401000000,236000000,236000000,0.37,0.37,0.22,251000000,-174000000,220000000,297000000,596000000,111000000,26.77,30,23.55,None,None,8.87,None,None,0.22,None,1.3776,0.2707,None,None,0.22,0.6793
