"Quarter end","Shares","Shares split adjusted","Split factor","Assets","Current Assets","Liabilities","Current Liabilities","Shareholders equity","Non-controlling interest","Preferred equity","Goodwill & intangibles","Long-term debt","Revenue","Earnings","Earnings available for common stockholders","EPS basic","EPS diluted","Dividend per share","Cash from operating activities","Cash from investing activities","Cash from financing activities","Cash change during period","Cash at end of period","Capital expenditures","Price","Price high","Price low","ROE","ROA","Book value of equity per share","P/B ratio","P/E ratio","Cumulative dividends per share","Dividend payout ratio","Long-term debt to equity ratio","Equity to assets ratio","Net margin","Asset turnover","Free cash flow per share","Current ratio"
2019-04-30,149899115,149899115,1,6194223000,1643883000,2278788000,1732927000,3909572000,5863000,0,3450722000,126152000,836242000,118210000,118210000,0.79,0.77,0,352820000,-36533000,-275656000,38842000,633048000,39955000,107.14,121.37,92.9,0.1691,0.0989,26.08,4.24,28.19,0,0,0.0323,0.6312,0.1874,0.53,2.09,0.9486
2019-01-31,149675824,149675824,1,6344486000,1797630000,2559821000,2025638000,3778802000,5863000,0,3477887000,127140000,820401000,153514000,153514000,1.03,1.01,0,-144019000,-29744000,38086000,-130795000,594206000,29007000,86.79,94.44,79.14,0.1725,0.0983,25.25,3.73,31.33,0,0,0.0336,0.5956,0.1859,0.53,-1.16,0.8874
2018-10-31,149515012,149515012,1,6145974000,1543797000,2660959000,2102415000,3479152000,5863000,0,3503653000,125535000,795082000,254328000,254328000,1.7,1.6,0,130961000,-37615000,-104207000,-18121000,723115000,684100000,94.2,103.4,85,0.1328,0.0741,23.27,4.43,247.89,0,0,0.0361,0.5661,0.1386,0.53,-3.7,0.7343
2018-07-31,148588107,148588107,1,5795215000,1465583000,2631213000,2083405000,3158139000,5863000,0,3533151000,123750000,779714000,79409000,79409000,0.53,0.52,0,289206000,-26112000,-83060000,170435000,741236000,21857000,88.84,93.66,84.01,0.0181,0.0103,21.25,4.07,145.64,0,0,0.0392,0.545,0.0192,0.53,1.8,0.7035
2018-04-30,149010904,149010904,1,5699071000,1370186000,2438674000,1881922000,3256293000,4104000,0,3569319000,127500000,776836000,102472000,102472000,0.69,0.67,0,63430000,-54780000,-37959000,-35091000,570801000,18634000,86.53,92.94,80.13,0.0292,0.017,21.85,4.1,309.04,0,0,0.0392,0.5714,0.0325,0.52,0.3,0.7281
2018-01-31,148725114,148725114,1,5717549000,1332346000,2576916000,1950414000,3136529000,4104000,0,3565137000,131250000,769426000,-3691000,-3691000,-0.02,-0.02,0,-59365000,-625018000,230364000,-442464000,605892000,28316000,89.92,94.8,85.05,0.014,0.0083,21.09,4.08,104.56,0,0,0.0418,0.5486,0.0163,0.51,-0.59,0.6831
2017-10-31,148713662,148713662,1,5396414000,1682593000,2116690000,1614109000,3275620000,4104000,0,2960817000,134063000,696644000,-120082000,-120082000,-0.79,-0.79,0,184854000,55717000,-347230000,-106630000,1048356000,91775000,81.5,87.47,75.53,0.0408,0.0251,22.03,3.58,38.44,0,0,0.0409,0.607,0.0501,0.5,0.63,1.0424
2017-07-31,150247663,150247663,1,5678939000,1894632000,2255771000,1764398000,3423168000,0,0,2909015000,137813000,695381000,116751000,116751000,0.78,0.75,0,279854000,-26544000,-92729000,163661000,1154986000,20096000,73.92,77.29,70.55,0.0989,0.0608,22.78,3.29,41.3,0,0,0.0403,0.6028,0.1237,0.49,1.73,1.0738
2017-04-30,150310618,150310618,1,5466558000,1682012000,2089063000,1593347000,3377495000,0,0,2936147000,139688000,680069000,53306000,53306000,0.35,0.34,0,122975000,-15666000,50962000,163616000,991325000,14050000,68.23,74.22,62.24,0.0852,0.0526,22.47,3.09,35.91,0,0,0.0414,0.6178,0.1074,0.49,0.72,1.0556
2017-01-31,150497680,150497680,1,5264254000,1484043000,1939569000,1456555000,3324685000,0,0,2954179000,142500000,652786000,86588000,86588000,0.57,0.56,0,46882000,-202789000,15877000,-148911000,827709000,206835000,59.49,62.95,56.03,0.0917,0.057,22.09,2.79,34.39,0,0,0.0429,0.6316,0.117,0.49,-1.06,1.0189
2016-10-31,150101203,150101203,1,5240365000,1716938000,2045219000,1714946000,3195146000,0,0,2784906000,0,633719000,72697000,72697000,0.48,0.47,0,147662000,-17056000,-101316000,30303000,976620000,19832000,57.34,60.56,54.13,0.0857,0.0532,21.29,2.78,36.29,0,0,0,0.6097,0.1101,0.48,0.85,1.0012
2016-07-31,151338876,151338876,1,5108789000,1552038000,1988043000,1663596000,3120746000,0,0,2810527000,0,615204000,64718000,64718000,0.43,0.42,0,251709000,-46922000,-86854000,118371000,946317000,34291000,51.18,54.91,47.45,0.0787,0.0491,20.62,2.47,33.89,0,0,0,0.6109,0.1026,0.48,1.44,0.9329
2016-04-30,151826274,151826274,1,4965263000,1403197000,1815258000,1485212000,3150005000,0,0,2820880000,0,605005000,69376000,69376000,0.46,0.45,0,222434000,-49216000,63488000,244960000,827946000,41775000,45.12,49.28,40.96,0.0756,0.0476,20.75,2.29,32,0,0,0,0.6344,0.1013,0.47,1.19,0.9448
2016-01-31,151527833,151527833,1,4747523000,1200528000,1757140000,1433282000,2990383000,0,0,2810224000,0,568604000,60035000,60035000,0.39,0.39,0,-35170000,-29481000,-182255000,-253202000,582986000,35198000,46.53,52.52,40.53,0.0716,0.0453,19.73,2.25,32.54,0,0,0,0.6299,0.0973,0.47,-0.46,0.8376
2015-10-31,151452864,151452864,1,5045739000,1563801000,1911750000,1578353000,3133989000,0,0,2834900000,0,587159000,49762000,49762000,0.32,0.32,0,152417000,-225893000,-75444000,-150235000,836188000,233411000,48.64,52.3,44.98,0.0736,0.0465,20.69,2.42,32.43,0,0,0,0.6211,0.1008,0.46,-0.53,0.9908
2015-07-31,155947407,155947407,1,4953972000,1627537000,1815724000,1459343000,3138248000,0,0,2654315000,22500000,555805000,55387000,55387000,0.36,0.35,0,275007000,-149466000,-5092000,117578000,986423000,149242000,48.88,51.15,46.62,0.0783,0.0498,20.12,2.47,31.13,0,0,0.0072,0.6335,0.1088,0.46,0.81,1.1153
2015-04-30,155086820,155086820,1,4756167000,1544975000,1691169000,1325038000,3064998000,0,0,2554501000,30000000,557204000,55596000,55596000,0.36,0.35,0,155079000,-43339000,-39339000,72021000,868845000,27631000,45.58,47.96,43.19,0.0826,0.0531,19.76,2.39,28.14,0,0,0.0098,0.6444,0.1152,0.46,0.82,1.166
2015-01-31,153686533,153686533,1,4662349000,1416273000,1725328000,1343104000,2937021000,0,0,2578305000,37500000,542043000,65189000,65189000,0.42,0.41,0,-87343000,-140931000,57805000,-188938000,796824000,20516000,42.91,44.65,41.16,0.0862,0.0554,19.11,2.15,26.16,0,0,0.0128,0.6299,0.121,0.46,-0.7,1.0545
2014-10-31,153103327,153103327,1,4775499000,1504735000,1719329000,1386759000,3056170000,0,0,2620738000,45000000,539012000,62455000,62455000,0.4,0.39,0,172912000,-67153000,-11031000,82716000,985762000,46016000,39.52,41.75,37.28,0.0879,0.0574,19.96,2.06,24.55,0,0,0.0147,0.64,0.1259,0.46,0.83,1.0851
2014-07-31,155825554,155825554,1,4544929000,1314783000,1548876000,1227284000,2996053000,0,0,2628313000,52500000,521812000,65656000,65656000,0.42,0.42,0,340130000,-37660000,-220034000,81413000,903046000,29121000,38.11,39.37,36.84,0.088,0.0574,19.23,2.02,25.07,0,0,0.0175,0.6592,0.1253,0.46,2,1.0713
2014-04-30,154734978,154734978,1,4560536000,1328271000,1641417000,1304732000,2919119000,0,0,2653014000,60000000,517697000,63317000,63317000,0.41,0.4,0,111803000,-383073000,198401000,-71420000,821633000,15621000,38.74,41.1,36.38,0.0853,0.0552,18.87,2.11,24.83,0,0,0.0206,0.6401,0.121,0.46,0.62,1.018
2014-01-31,154083614,154083614,1,4192156000,1320865000,1368941000,1036703000,2823215000,0,0,2274731000,67500000,478951000,67696000,67696000,0.44,0.43,0,-73892000,-9364000,-41025000,-129388000,893053000,16155000,38.64,41.57,35.72,0.0889,0.058,18.32,2.14,24.46,0,0,0.0239,0.6735,0.1249,0.46,-0.58,1.2741
2013-10-31,154342900,154342900,1,4358935000,1447977000,1570658000,1222919000,2788277000,0,0,2311396000,75000000,504875000,56890000,56890000,0.37,0.36,0,191335000,-17996000,-45755000,130071000,1022441000,18763000,36.96,38.4,35.52,0.0916,0.0591,18.07,2.09,26.4,0,0,0.0269,0.6397,0.1263,0.47,1.12,1.184
2013-07-31,154408347,154408347,1,4288472000,1330084000,1552342000,1171682000,2736130000,0,0,2340969000,82500000,482945000,52297000,52297000,0.34,0.33,0,263078000,-19092000,-31270000,211352000,892370000,19092000,36.58,38.03,35.12,0.0833,0.053,17.72,2.08,23.3,0,0,0.0302,0.638,0.1148,0.46,1.58,1.1352
2013-04-30,153764405,153764405,1,4098888000,1106369000,1399956000,1012922000,2698932000,0,0,2377231000,90000000,499257000,68691000,68691000,0.45,0.44,0,133730000,-14186000,15457000,130653000,681018000,14408000,34.8,35.88,33.72,0.0953,0.0602,17.55,2.06,27.4,0,0,0.0333,0.6585,0.1297,0.46,0.78,1.0923
2013-01-31,153796717,153796717,1,4020546000,999782000,1418387000,1022012000,2602159000,0,0,2402451000,97500000,475137000,69922000,69922000,0.46,0.45,0,-91438000,-14805000,-36417000,-150017000,550365000,14805000,32.59,33.92,31.27,0.0798,0.0495,16.92,1.97,26.93,0,0,0.0375,0.6472,0.1081,0.46,-0.69,0.9782
2012-10-31,151200000,151200000,1,4147656000,1140656000,1603685000,1252639000,2501686000,42285000,0,2443309000,105000000,454213000,28577000,28577000,0.2,0.18,0,102932000,-408138000,38765000,-263385000,700382000,22467000,32.2,34.1,30.29,0.0778,0.0483,16.55,2.01,24.58,0,0,0.042,0.6032,0.1036,0.47,0.53,0.9106
2012-07-31,149126370,149126370,1,3869271000,1293702000,1478171000,1138215000,2391100000,0,0,1989777000,112500000,443747000,75656000,75656000,0.51,0.5,0,295680000,-33286000,-93413000,167173000,963767000,13902000,29.28,31.07,27.49,0.0863,0.0541,16.03,1.88,25.24,0,0,0.047,0.618,0.1142,0.47,1.89,1.1366
2012-04-30,147089645,147089645,1,3744482000,1173541000,1454506000,1073217000,2289976000,0,0,1994528000,120000000,432561000,20971000,20971000,0.14,0.14,0,126774000,-436185000,298111000,-14745000,796594000,9373000,30.05,31.04,29.06,0.0782,0.0493,15.57,2.02,19.39,0,0,0.0524,0.6116,0.1038,0.47,0.8,1.0935
2012-01-31,145795657,145795657,1,3299000000,1289650000,1127195000,863828000,2171805000,0,0,1477000000,0,425496000,56694000,56694000,0.39,0.39,0,-39318000,-1514000,25000,-43738000,811339000,11751000,27.87,29.63,26.1,0.1076,0.0694,14.9,1.91,18.96,0,0,0,0.6583,0.144,0.48,-0.35,1.4929
2011-10-31,144200000,144200000,1,3367334000,1338055000,1266034000,1008810000,2101300000,0,0,1485317000,0,390534000,39942000,39942000,0.28,0.28,0,73026000,-49734000,-57868000,-34809000,855077000,15125000,24.43,27.49,21.37,0.1038,0.0673,14.57,1.66,17.96,0,0,0,0.624,0.1442,0.47,0.4,1.3264
2011-07-31,144053580,144053580,1,3368638000,1362296000,1247131000,982090000,2121507000,0,0,1462025000,0,386795000,52082000,52082000,0.36,0.35,0,310435000,-27666000,-92299000,195854000,889886000,22993000,25.7,27.9,23.51,0.097,0.0633,14.73,1.76,20.24,0,0,0,0.6298,0.136,0.47,2,1.3871
2011-04-30,146679418,146679418,1,3209469000,1206622000,1062071000,807836000,2147398000,0,0,1477095000,0,393670000,81114000,81114000,0.55,0.53,0,96488000,7160000,-114264000,-6580000,694032000,11182000,27.6,29.35,25.85,0.0918,0.0605,14.64,1.93,27.6,0,0,0,0.6691,0.132,0.46,0.58,1.4936
2011-01-31,150936792,150936792,1,3213288000,1194277000,1055415000,785082000,2157873000,0,0,1499194000,0,364644000,48226000,48226000,0.32,0.31,0,-39633000,-18579000,-13188000,-74795000,700612000,10930000,26.03,27.6,24.46,0.0729,0.0483,14.3,1.85,16.58,0,0,0,0.6715,0.1078,0.45,-0.33,1.5212
2010-10-31,149300000,149300000,1,3286541000,1247755000,1186359000,921768000,2100182000,0,0,1515499000,0,375459000,25401000,25401000,0.17,0.17,0,96892000,-213903000,-1437000,-108034000,775407000,12366000,23.57,25.71,21.42,0.1159,0.077,14.07,1.71,15.31,0,0,0,0.639,0.1717,0.45,0.57,1.3537
2010-07-31,148561589,148561589,1,3114649000,1495974000,1064839000,837054000,2049810000,0,0,1120592000,0,336929000,39327000,39327000,0.27,0.26,0,207916000,64343000,-63232000,214010000,883441000,14506000,21.63,22.99,20.27,0.1167,0.0773,13.8,1.55,13.52,0,0,0,0.6581,0.1721,0.45,1.3,1.7872
2010-04-30,147969296,147969296,1,3005336000,1379894000,947175000,720597000,2058161000,0,0,1118716000,0,338106000,39549000,39549000,0.27,0.26,0,81645000,-76013000,39475000,42941000,669431000,6446000,22.08,23.45,20.71,0.1254,0.0816,13.91,1.68,13.22,0,0,0,0.6848,0.177,0.46,0.51,1.9149
2010-01-31,149632315,149632315,1,2909765000,1398521000,939022000,723184000,1970743000,0,0,1023764000,0,330167000,132786000,132786000,0.9,0.88,0,-45417000,-13160000,-17868000,-75123000,626490000,8757000,22.06,23.74,20.39,0.1364,0.0869,13.17,1.76,19.02,0,0,0,0.6773,0.1837,0.47,-0.36,1.9338
2009-10-31,147356167,147356167,1,2938854000,1463800000,1094688000,814593000,1844166000,0,0,1029501000,0,338278000,19528000,19528000,0.13,0.14,0,63910000,-29792000,41871000,79332000,701613000,15189000,21.53,23.58,19.49,0.0971,0.0602,12.52,1.78,16.07,0,0,0,0.6275,0.1233,0.49,0.33,1.797
2009-07-31,145742213,145742213,1,2877744000,1448957000,1114826000,816092000,1762918000,0,0,1036236000,0,345177000,47436000,47436000,0.33,0.32,0,232464000,-122372000,1913000,115882000,622281000,10643000,20.06,22.29,17.83,0.1181,0.071,12.1,1.71,14.23,0,0,0,0.6126,0.1415,0.5,1.52,1.7755
2009-04-30,144164393,144164393,1,2696051000,1294997000,1002105000,726098000,1693946000,0,0,1016630000,0,336835000,48288000,48288000,0.34,0.33,0,24711000,-7415000,25008000,36234000,506399000,7241000,19.63,22.04,17.22,0.1289,0.0763,11.75,1.76,14.54,0,0,0,0.6283,0.1492,0.51,0.12,1.7835
2009-01-31,143436108,143436108,1,2636658000,1221367000,1032543000,739346000,1604115000,0,0,1027664000,0,339755000,52429000,52429000,0.37,0.37,0,-81926000,-32323000,660000,-107467000,470165000,8978000,16.81,19.68,13.94,0.1285,0.0749,11.18,1.56,13.03,0,0,0,0.6084,0.144,0.52,-0.63,1.652
2008-10-31,141976386,141976386,1,2742478000,1322290000,1214107000,908983000,1528371000,0,0,1014400000,0,352805000,46397000,46397000,0.32,0.32,0,115885000,-60490000,-28937000,32143000,577632000,13129000,20.11,24.99,15.22,0.1281,0.0738,10.76,1.89,16.35,0,0,0,0.5573,0.1421,0.52,0.72,1.4547
2008-07-31,144092022,144092022,1,2658857000,1254171000,1128453000,846097000,1530404000,0,0,1020546000,0,344128000,57749000,57749000,0.41,0.39,0,231346000,-278555000,19650000,-29400000,545489000,7708000,24.88,26.61,23.16,0.1264,0.0726,10.62,2.48,24.63,0,0,0,0.5756,0.1421,0.51,1.55,1.4823
2008-04-30,142702930,142702930,1,2430159000,1216897000,995333000,709104000,1434826000,0,0,820354000,0,324553000,39387000,39387000,0.28,0.27,0,35038000,173041000,-63787000,146834000,574889000,10476000,22.98,24.82,21.13,0.1078,0.0609,10.05,2.26,22.53,0,0,0,0.5904,0.1205,0.51,0.17,1.7161
2008-01-31,141884489,141884489,1,2464871000,1221502000,1024945000,710555000,1439926000,0,0,836021000,0,315465000,46445000,46445000,0.32,0.31,0,-51181000,-35082000,-70768000,-151272000,428055000,10430000,24.8,27.98,21.61,0.1115,0.0621,10.15,2.54,28.51,0,0,0,0.5842,0.1251,0.5,-0.43,1.7191
2007-10-31,146898612,146898612,1,2617337000,1327539000,1180944000,1031076000,1436393000,0,0,845879000,0,315233000,41014000,41014000,0.29,0.26,0,173146000,-75340000,46000000,143473000,579327000,8754000,25.56,29.11,22.01,0.0978,0.0538,9.78,2.81,37.59,0,0,0,0.5488,0.1076,0.5,1.12,1.2875
2007-07-31,144922335,144922335,1,2455046000,1206467000,1137091000,989016000,1317955000,0,0,832762000,0,304098000,24855000,24855000,0.17,0.17,0,116101000,-104984000,-37982000,-25220000,435854000,12423000,26.14,28.67,23.6,0.0787,0.0431,9.09,2.85,46.68,0,0,0,0.5368,0.0844,0.51,0.72,1.2199
2007-04-30,143360501,143360501,1,2351004000,1121097000,1037380000,897443000,1313624000,0,0,817929000,0,292928000,41265000,41265000,0.29,0.28,0,88166000,8080000,-14667000,83918000,461074000,-12479000,26.14,28.27,24.02,0.0672,0.0372,9.16,2.99,81.69,0,0,0,0.5588,0.0713,0.52,0.7,1.2492
2007-01-31,145145337,145145337,1,2275764000,1023991000,1007904000,874958000,1267860000,0,0,828031000,0,300210000,23357000,23357000,0.16,0.16,0,56065000,-73325000,63513000,46397000,377156000,12293000,24.66,27.49,21.84,0.0388,0.0215,8.74,3.05,145.06,0,0,0,0.5571,0.0409,0.53,0.3,1.1703
2006-10-31,144013064,144013064,1,2157822000,894490000,994655000,871096000,1163167000,0,0,841787000,0,283384000,10120000,10120000,0.07,0.07,0,99747000,-35350000,-4021000,61042000,330759000,14936000,20.02,22.5,17.53,0.0211,0.0117,8.08,2.44,None,0,0,0,0.539,0.0226,0.52,0.59,1.0269
2006-07-31,141087721,141087721,1,2065381000,781225000,908842000,787859000,1156539000,0,0,858088000,0,277208000,7550000,7550000,0.05,0.05,0,59465000,-22344000,-65807000,-25214000,269717000,11812000,19.54,21.9,17.18,0.001,0.0005,8.2,2.34,279.14,0,0,0,0.56,0.0011,0.51,0.34,0.9916
2006-04-30,143509103,143509103,1,2131760000,940437000,933285000,818687000,1198475000,0,0,859196000,0,274779000,5375000,5375000,0.04,0.04,0,26877000,-56567000,9951000,-19567000,294931000,16358000,22,22.96,21.04,0.0091,0.0051,8.35,2.71,None,0,0,0,0.5622,0.0105,0.49,0.07,1.1487
2006-01-31,143884846,143884846,1,2070031000,868424000,900174000,794214000,1169857000,0,0,879684000,0,260189000,1697000,1697000,0.01,0.01,0,19801000,-39516000,-70549000,-89938000,314498000,8301000,20.13,21.83,18.44,0.0005,0.0003,8.13,2.39,None,0,0,0,0.5651,0.0005,0.48,0.08,1.0934
2005-10-31,144372085,144372085,1,2141476000,947479000,922540000,816680000,1218936000,0,0,871498000,0,254838000,-13475000,-13475000,-0.1,-0.1,0,74335000,-15273000,24193000,84482000,404436000,9573000,18.08,19.18,16.98,-0.0129,-0.0073,8.44,2.17,None,0,None,0,0.5692,None,0.47,0.45,1.1602
2005-07-31,144316671,144316671,1,2122463000,801803000,920289000,824164000,1202174000,0,0,922100000,0,251450000,17294000,17294000,0.12,0.12,0,64247000,-92387000,3967000,-23175000,319954000,14031000,17.7,18.8,16.61,-0.0251,-0.0144,8.33,2.17,None,0,None,0,0.5664,None,0.46,0.35,0.9729
2005-04-30,143702268,143702268,1,2102297000,866127000,930066000,842164000,1172231000,0,0,818704000,0,244339000,-4972000,-4972000,-0.03,-0.03,0,-11467000,8970000,-30039000,-33238000,343129000,15844000,17.62,18.8,16.44,-0.0046,-0.0027,8.16,2.11,125.86,0,None,0,0.5576,None,0.47,-0.19,1.0285
2005-01-31,145129608,145129608,1,2145122000,892392000,934791000,845241000,1210331000,0,0,855820000,0,241304000,-14325000,-14325000,-0.1,-0.1,0,142075000,-72785000,-37892000,29658000,376367000,7068000,18.02,19.55,16.49,0.0211,0.0128,8.34,2.08,41.91,0,0,0,0.5642,0.0266,0.48,0.93,1.0558
2004-10-31,146017235,146017235,1,2092187000,913033000,827138000,741155000,1265049000,0,0,791775000,0,230555000,-28382000,-28382000,-0.2,-0.2,0,33567000,-63430000,-120143000,-152525000,346709000,10615000,17.96,21.28,14.65,0.0542,0.0339,8.66,1.93,19.74,0,0,0,0.6047,0.0681,0.5,0.16,1.2319
2004-07-31,152099509,152099509,1,2221556000,1164761000,808014000,727278000,1413542000,0,0,783202000,0,281681000,41828000,41828000,0.27,0.26,0,128753000,-60548000,-26102000,43111000,499234000,11629000,27.2,30.5,23.91,0.1042,0.0655,9.29,3.04,28.63,0,0,0,0.6363,0.125,0.52,0.77,1.6015
2004-04-30,155984422,155984422,1,2238473000,1166298000,842587000,769704000,1395886000,0,0,815490000,0,294604000,28739000,28739000,0.19,0.18,0,90398000,-335000,-45540000,43395000,456123000,9835000,31.54,36.35,26.73,0.1112,0.0688,8.95,3.45,34.47,0,0,0,0.6236,0.1286,0.54,0.52,1.5153
2004-01-31,154809823,154809823,1,2231411000,1184783000,818675000,744826000,1412736000,0,0,803313000,0,285264000,32152000,32152000,0.21,0.19,0,11319000,-47720000,-74802000,-111580000,412728000,15665000,33.13,37.36,28.9,0.1104,0.0673,9.13,3.62,34.87,0,0,0,0.6331,0.1235,0.54,-0.03,1.5907
2003-10-31,156562816,156562816,1,2307353000,1239206000,873943000,804959000,1433410000,0,0,836315000,0,316453000,44575000,44575000,0.29,0.28,0,114355000,-43202000,21144000,98024000,524308000,17259000,30.77,34.47,27.07,0.117,0.07,9.16,3.68,2051.33,0,0,0,0.6212,0.1272,0.55,0.62,1.5395
2003-07-31,77660120,155320240,2,2169250000,1074009000,871508000,785962000,1297742000,0,0,868186000,0,300366000,48475000,48475000,0.63,0.6,0,125672000,-26030000,57414000,157462000,426284000,14492000,28.98,32.96,25,0.0061,0.0036,8.36,3.75,None,0,0,0,0.5982,0.0063,0.57,0.72,1.3665
2003-04-30,77659063,155318126,2,2064352000,930365000,865512000,767513000,1198840000,0,0,894149000,0,292028000,22289000,22289000,0.3,0.29,0,120045000,-167836000,-29529000,-78517000,268822000,8795000,21.63,25,18.25,-0.1487,-0.087,7.72,2.81,None,0,None,0,0.5807,None,0.54,0.72,1.2122
2003-01-31,77253625,154507250,2,2018015000,1007548000,829128000,742413000,1188887000,0,0,763419000,0,268136000,34385000,34385000,0.46,0.45,0,31462000,-21260000,25153000,34759000,347339000,12218000,22.84,26.43,19.24,-0.1702,-0.0977,7.69,3.17,None,0,None,0,0.5891,None,0.54,0.12,1.3571
2002-10-31,77253625,154507250,2,1978714000,929315000,865233000,777369000,1113481000,0,0,789888000,0,309256000,-97836000,-97836000,-1.31,-1.31,0,-102900000,181455000,-113631000,-35081000,312580000,13251000,19.98,23.63,16.32,-0.2229,-0.124,7.21,2.31,None,0,None,0,0.5627,None,0.56,-0.75,1.1955
2002-07-31,75639019,151278038,2,2159005000,903546000,850736000,737169000,1308269000,0,0,719317000,0,236095000,-137589000,-137589000,-1.93,-1.93,0,-68519000,-50358000,-14573000,-135909000,347661000,9758000,23.88,27.65,20.12,-0.1105,-0.0584,8.65,5.97,43.82,0,None,0,0.606,None,0.56,-0.52,1.2257
2002-04-30,76293192,152586384,2,1196289000,867098000,585268000,492331000,611021000,0,0,26974000,0,185638000,21380000,21380000,0.35,0.33,0,62328000,157891000,33604000,251601000,483570000,9116000,24.23,27.61,20.86,0.1331,0.0649,4,5.34,51.01,0,0,0,0.5108,0.0975,0.67,0.35,1.7612
2002-01-31,61210596,122421192,2,1114817000,768167000,558987000,457744000,555830000,0,0,30922000,0,175545000,14052000,14052000,0.23,0.22,0,-71958000,-13267000,42791000,-39727000,231969000,18222000,27.29,29.85,24.73,0.1198,0.0596,4.54,6.81,62.02,0,0,0,0.4986,0.0879,0.68,-0.74,1.6782
2001-10-31,60543491,121086982,2,1128907000,791382000,643251000,626127000,485656000,0,0,35077000,73000,183562000,20398000,20398000,0.34,0.32,0,172464000,-48995000,16045000,137607000,271696000,30760000,22.85,27.18,18.52,0.1101,0.0574,4.01,5.89,217.62,0,0,0.0002,0.4302,0.0835,0.69,1.17,1.2639
2001-07-31,59302014,118604028,2,894034000,539153000,433958000,408957000,460076000,0,0,39428000,123000,176110000,14450000,14450000,0.24,0.22,0,26441000,66359000,-102950000,-11086000,134504000,18638000,26.7,31.38,22.02,0.025,0.0146,3.88,5.93,92.07,0,0,0.0003,0.5146,0.0224,0.65,0.07,1.3184
2001-04-30,60856710,121713420,2,982426000,620291000,434257000,405270000,548169000,0,0,43677000,454000,163524000,12490000,12490000,0.21,0.19,0,82180000,-110726000,-26693000,-53978000,145590000,15588000,26.24,30.93,21.56,0.0615,0.039,4.5,5.63,61.02,0,0,0.0008,0.558,0.0601,0.65,0.55,1.5306
2001-01-31,61026347,122052694,2,955611000,573521000,386594000,362431000,569017000,0,0,48014000,504000,157154000,9464000,9464000,0.15,0.15,0,14741000,155187000,-119393000,46448000,199568000,18504000,22.37,27.68,17.06,0.0842,0.0568,4.66,4.02,33.89,0,0,0.0009,0.5954,0.0858,0.66,-0.03,1.5824
2000-10-31,61371640,122743280,2,1050993000,684521000,368164000,352664000,682829000,0,0,51776000,564000,133222000,-22270000,-22270000,-0.35,-0.35,0,-17378000,-106710000,-173927000,-297847000,153120000,23768000,17.22,19.75,14.69,0.12,0.085,5.56,2.56,14.41,0,0,0.0008,0.6497,0.1248,0.68,-0.34,1.941
2000-07-31,64890666,129781332,2,1223718000,871850000,351892000,335909000,871826000,0,0,52206000,719000,228835000,41371000,41371000,0.61,0.59,0,75755000,253095000,-27373000,300356000,450967000,17844000,20.72,25.97,15.47,0.2011,0.1465,6.72,3.58,17.56,0,0,0.0008,0.7124,0.1969,0.74,0.45,2.5955
2000-04-30,71509137,143018274,2,1148106000,838359000,320246000,303732000,827860000,0,0,53451000,1497000,204853000,33574000,33574000,0.49,0.47,0,62723000,-47339000,-85039000,-71631000,150611000,15923000,22.09,25.41,18.78,0.2023,0.1501,5.79,3.53,19.64,0,0,0.0018,0.7211,0.2018,0.74,0.33,2.7602
2000-01-31,70099051,140198102,2,1177854000,874411000,300850000,280306000,877004000,0,0,57488000,4123000,216868000,45103000,45103000,0.64,0.61,0,30015000,-51509000,-65154000,-87152000,222242000,11965000,29.51,37.34,21.67,0.1948,0.1456,6.26,4.87,26.83,0,0,0.0047,0.7446,0.1971,0.74,0.13,3.1195
1999-09-30,71379427,142758854,2,1173918000,914733000,308322000,287526000,865596000,0,0,57393000,11642000,228326000,52995000,52995000,0.76,0.72,0,114000000,59477000,-45033000,128332000,285314000,12751000,29.45,32.22,26.69,0.1954,0.1466,6.06,4.9,28.73,0,0,0.0134,0.7374,0.2002,0.73,0.71,3.1814
1999-07-03,70844636,141689272,2,1112400000,851577000,261014000,240385000,851386000,0,0,58251000,11446000,207360000,41355000,41355000,0.58,0.56,0,11154000,40720000,-13286000,38466000,156982000,14841000,24.85,28.63,21.07,0.1889,0.1401,6.01,4.31,24.97,0,0,0.0134,0.7654,0.1895,0.74,-0.03,3.5426
1999-04-03,70868097,141736194,2,1099446000,870319000,283175000,261133000,816271000,0,0,74012000,13486000,190186000,26621000,26621000,0.38,0.36,0,74103000,-54531000,13214000,32301000,118516000,20183000,26.61,30.28,22.94,0.1944,0.141,5.76,4.86,26.48,0,0,0.0165,0.7424,0.1876,0.75,0.38,3.3329
1999-01-02,70213616,140427232,2,1016298000,824347000,246874000,228893000,769424000,0,0,0,9797000,180226000,40391000,40391000,0.58,0.56,0,24054000,-142601000,39845000,-78333000,86215000,18041000,20.66,27.13,14.19,0.2116,0.1502,5.48,4.28,30.61,0,0,0.0127,0.7571,0.1913,0.78,0.04,3.6015
1998-09-30,68361000,136722000,2,946627000,768556000,286240000,268216000,660387000,0,0,0,13138000,194017000,37904000,37904000,0.58,0.57,0,26462000,-25110000,-9849000,-6407000,159687000,29566000,17.14,21.22,13.06,0.1553,0.1063,4.83,3.65,30.07,0,0,0.0199,0.6976,0.1277,0.83,-0.02,2.8654
1998-07-04,66801421,133602842,2,896398000,738588000,270351000,260641000,626047000,0,0,0,3842000,179606000,34671000,34671000,0.52,0.5,0,58070000,-12829000,28517000,73188000,166094000,10081000,19.2,22.91,15.48,0.1504,0.1014,4.69,4.51,37.65,0,0,0.0061,0.6984,0.1183,0.86,0.36,2.8337
1998-04-04,66060000,132120000,2,829794000,647678000,267151000,257849000,562643000,0,0,0,3604000,170105000,25527000,25527000,0.39,0.38,0,53287000,-75447000,7619000,-14381000,92906000,13278000,16.38,18,14.75,0.1406,0.0928,4.26,4.15,39.47,0,0,0.0064,0.6781,0.1053,0.88,0.3,2.5118
1998-01-03,64863000,129726000,2,777514000,615494000,265272000,254802000,512242000,0,0,0,5273000,174212000,-6400000,-6400000,-0.1,-0.1,0,6233000,-39880000,15839000,-19127000,107287000,7198000,20.28,23.03,17.53,0.1238,0.0802,3.95,5.24,30.96,0,0,0.0103,0.6588,0.0873,0.92,-0.01,2.4156
1997-09-30,53224000,106448000,2,629687000,486091000,217914000,205713000,411773000,0,0,0,8996000,147445000,25644000,25644000,0.36,0.36,0,47645000,-44487000,9025000,11879000,78278000,21426000,18.67,22.59,14.75,0.2124,0.1357,3.87,5.4,None,0,0,0.0218,0.6539,0.145,0.94,0.25,2.363
1997-06-28,52301000,104602000,2,562262000,443055000,200370000,187005000,361892000,0,0,0,10637000,125000000,20200000,20200000,0.38,0.38,0,27562000,-14566000,9358000,22652000,66399000,12230000,14.94,19,10.88,None,None,3.46,4.73,None,0,None,0.0294,0.6436,None,None,0.15,2.3692
1997-03-29,51434684,102869368,2,515643000,411941000,190443000,176207000,325200000,0,0,0,12263000,124200000,10400000,10400000,0.19,0.19,0,28851000,-35558000,4041000,-3011000,43747000,11425000,17.63,23.13,12.13,None,None,3.16,5.46,None,0,None,0.0377,0.6307,None,None,0.17,2.3378
1996-12-28,40930373,81860746,2,426277000,320337000,161997000,146291000,264280000,0,0,0,14125000,102500000,16150000,16150000,0.38,0.38,0,5524000,-5187000,-791000,-405000,33499000,10405000,22.44,25,19.88,None,None,3.23,7.85,None,0,None,0.0534,0.62,None,None,-0.06,2.1897
1996-09-30,40732478,81464956,2,408967000,317627000,176220000,160250000,232747000,0,0,0,15970000,None,None,None,None,None,0,18690000,-1572000,-4743000,12324000,33904000,11484000,20.32,25.25,15.38,None,None,2.86,7.58,None,0,None,0.0686,0.5691,None,None,0.09,1.9821
1996-06-29,40342833,80685666,2,383610000,303908000,167641000,149837000,215969000,0,0,0,17804000,91000000,12672000,12672000,0.3,0.3,0,30297000,-104994000,5423000,-69330000,21580000,9259000,19.13,23.38,14.88,None,None,2.68,8.04,None,0,None,0.0824,0.563,None,None,0.26,2.0283
1996-03-30,39702735,79405470,2,348791000,301667000,159690000,140065000,189101000,0,0,0,19625000,85000000,-14300000,-14300000,-0.36,-0.36,0,None,None,None,None,90910000,0,16.31,18.88,13.75,None,None,2.38,None,None,0,None,0.1038,0.5422,None,None,None,2.1538
