"Quarter end","Shares","Shares split adjusted","Split factor","Assets","Current Assets","Liabilities","Current Liabilities","Shareholders equity","Non-controlling interest","Preferred equity","Goodwill & intangibles","Long-term debt","Revenue","Earnings","Earnings available for common stockholders","EPS basic","EPS diluted","Dividend per share","Cash from operating activities","Cash from investing activities","Cash from financing activities","Cash change during period","Cash at end of period","Capital expenditures","Price","Price high","Price low","ROE","ROA","Book value of equity per share","P/B ratio","P/E ratio","Cumulative dividends per share","Dividend payout ratio","Long-term debt to equity ratio","Equity to assets ratio","Net margin","Asset turnover","Free cash flow per share","Current ratio"
2019-06-30,63527409,63527409,1,19855000000,8503000000,16188000000,10094000000,2749000000,918000000,0,4710000000,4155000000,5186000000,67000000,67000000,1.04,1.04,1.2,74000000,-109000000,51000000,14000000,1209000000,112000000,129.45,144.9,114,0.3599,0.0477,43.27,2.93,34.52,52.01,0.322,1.5115,0.1385,0.0439,1.09,-0.6,0.8424
2019-03-31,63339262,63339262,1,19686000000,8236000000,15967000000,9878000000,2802000000,917000000,0,4735000000,4137000000,4760000000,471000000,471000000,7.36,7.31,1.15,-895000000,-86000000,627000000,-343000000,1195000000,85000000,125.31,146.8,103.81,0.0788,0.0102,44.24,3.48,None,50.81,1.5133,1.4764,0.1423,0.0093,1.1,-15.47,0.8338
2018-12-31,63569688,63569688,1,18347000000,7898000000,15142000000,9678000000,2291000000,914000000,0,4747000000,4046000000,5660000000,170000000,170000000,2.67,2.72,1.15,1844000000,-127000000,-1268000000,456000000,1538000000,260000000,113.85,128.3,99.4,-0.0646,-0.0095,36.04,3.08,None,49.66,None,1.766,0.1249,None,1.09,24.92,0.8161
2018-09-30,63808275,63808275,1,19093000000,8461000000,15785000000,9674000000,2360000000,948000000,0,4803000000,4768000000,5326000000,210000000,210000000,3.25,3.22,1.15,-31000000,-163000000,181000000,-45000000,1082000000,136000000,137.43,156.51,118.35,-0.1875,-0.0316,36.99,3.7,None,48.51,None,2.0203,0.1236,None,1.07,-2.62,0.8746
2018-06-30,64563249,64563249,1,19070000000,8383000000,15726000000,9145000000,2398000000,946000000,0,4853000000,4781000000,5140000000,-657000000,-657000000,-9.5,-9.5,1.15,129000000,-106000000,47000000,3000000,1127000000,128000000,154.93,167.54,142.31,-0.142,-0.0277,37.14,2.56,40.77,47.36,None,1.9937,0.1257,None,1.05,0.02,0.9167
2018-03-31,70794593,70794593,1,20339000000,8091000000,15119000000,8943000000,4289000000,931000000,0,5761000000,4190000000,4911000000,94000000,94000000,1.31,1.3,1.1,-713000000,-3000000,522000000,-169000000,1124000000,66000000,168.84,187.47,150.22,0.0648,0.0143,60.58,2.84,37.44,46.21,1.0823,0.9769,0.2109,0.0136,1.05,-11,0.9047
2017-12-31,70688134,70688134,1,20038000000,7930000000,14910000000,8505000000,4198000000,930000000,0,5709000000,4392000000,5702000000,-268000000,-268000000,-3.74,-3.74,1.1,1297000000,-306000000,-888000000,109000000,1196000000,313000000,174.76,190.73,158.8,0.0757,0.0174,59.39,2.64,16.5,45.11,0.8887,1.0462,0.2095,0.0165,1.06,13.92,0.9324
2017-09-30,71862787,71862787,1,20838000000,8649000000,15151000000,9636000000,4752000000,935000000,0,5697000000,3669000000,5418000000,276000000,276000000,3.78,3.72,1.1,158000000,-147000000,22000000,46000000,1087000000,161000000,183.82,200.61,167.03,0.1674,0.0401,66.13,2.84,18.44,44.01,0.3857,0.7721,0.228,0.0376,1.06,-0.04,0.8976
2017-06-30,72979453,72979453,1,20206000000,8229000000,14526000000,9056000000,4731000000,949000000,0,5655000000,3631000000,5347000000,189000000,189000000,2.55,2.52,1.1,244000000,-139000000,-26000000,90000000,1041000000,122000000,183.9,202.99,164.81,0.1573,0.0385,64.83,2.82,15.85,42.91,0.3998,0.7675,0.2341,0.0361,1.06,1.67,0.9087
2017-03-31,73970348,73970348,1,19480000000,7704000000,13705000000,7972000000,4816000000,959000000,0,5518000000,3890000000,4786000000,153000000,153000000,2.05,2.01,1,-435000000,-63000000,339000000,-134000000,951000000,88000000,180.07,192,168.14,0.1831,0.0452,65.11,2.81,15.64,41.81,0.3356,0.8077,0.2472,0.0427,1.06,-7.07,0.9664
2016-12-31,74467790,74467790,1,19153000000,7339000000,13425000000,7662000000,4773000000,955000000,0,5508000000,3876000000,5656000000,180000000,180000000,2.4,2.34,1,1378000000,-285000000,-1007000000,60000000,1085000000,300000000,165.57,185.24,145.91,0.183,0.045,64.09,2.49,14.45,40.81,0.3304,0.8121,0.2492,0.0429,1.05,14.48,0.9578
2016-09-30,75108173,75108173,1,20190000000,8587000000,14223000000,8701000000,5004000000,963000000,0,5649000000,3718000000,5248000000,238000000,238000000,3.14,3.1,1,229000000,-151000000,-13000000,66000000,1025000000,154000000,176.82,194.1,159.55,0.1833,0.0451,66.62,2.74,15.63,39.81,0.3248,0.743,0.2478,0.0431,1.05,1,0.9869
2016-06-30,75444274,75444274,1,19968000000,8373000000,14135000000,8526000000,4872000000,961000000,0,5653000000,3712000000,5198000000,320000000,320000000,4.2,4.15,1,257000000,-59000000,72000000,260000000,959000000,121000000,172.89,193.59,152.19,0.184,0.0452,64.58,2.76,18.45,38.81,0.3206,0.7619,0.244,0.0429,1.06,1.8,0.9821
2016-03-31,75966856,75966856,1,19672000000,7894000000,13976000000,8687000000,4758000000,938000000,0,5751000000,3251000000,4616000000,150000000,150000000,1.94,1.92,0.9,-661000000,-93000000,670000000,-73000000,699000000,85000000,152.09,180.59,123.6,0.1538,0.0381,62.63,2.48,15.47,37.81,0.3758,0.6833,0.2419,0.0359,1.06,-9.82,0.9087
2015-12-31,77233402,77233402,1,19010000000,7325000000,13336000000,7744000000,4743000000,931000000,0,5684000000,3470000000,5560000000,180000000,180000000,2.31,2.29,0.9,1382000000,-274000000,-1003000000,74000000,772000000,298000000,154.11,167.72,140.5,0.1617,0.0405,61.41,2.48,18,36.91,0.3441,0.7316,0.2495,0.0375,1.08,14.04,0.9459
2015-09-30,78194437,78194437,1,19623000000,7879000000,13834000000,8211000000,4863000000,926000000,0,5744000000,3502000000,5277000000,235000000,235000000,2.98,2.95,0.9,240000000,-164000000,-46000000,7000000,698000000,123000000,165.28,186.82,143.75,0.1403,0.0349,62.19,2.63,19.47,36.01,0.3779,0.7201,0.2478,0.0321,1.09,1.5,0.9596
2015-06-30,78417980,78417980,1,19513000000,7873000000,13665000000,7796000000,4931000000,917000000,0,5499000000,3750000000,5208000000,177000000,177000000,2.24,2.21,0.9,172000000,-146000000,-45000000,-13000000,691000000,142000000,187.68,202.5,172.85,0.1369,0.0365,62.88,3.06,22,35.11,0.3631,0.7605,0.2527,0.0325,1.12,0.38,1.0099
2015-03-31,78644432,78644432,1,19208000000,7714000000,13464000000,7390000000,4829000000,915000000,0,5434000000,3977000000,4846000000,191000000,191000000,2.42,2.38,0.75,-569000000,-97000000,387000000,-322000000,704000000,126000000,201.63,217.11,186.14,0.1352,0.0386,61.4,3.22,24.68,34.21,0.3443,0.8236,0.2514,0.0335,1.15,-8.84,1.0438
2014-12-31,78102669,78102669,1,20002000000,8098000000,14206000000,8403000000,4885000000,911000000,0,5610000000,3632000000,6003000000,81000000,81000000,1.03,1.02,0.75,1607000000,-1708000000,194000000,39000000,1026000000,298000000,168.28,196.71,139.85,0.1273,0.0386,62.55,2.52,17.88,33.46,0.3447,0.7435,0.2442,0.0327,1.18,16.76,0.9637
2014-09-30,77871003,77871003,1,15708000000,6959000000,10397000000,6402000000,5198000000,113000000,0,3403000000,2450000000,4824000000,230000000,230000000,2.92,2.88,0.75,240000000,-458000000,296000000,42000000,987000000,157000000,145.75,156.13,135.37,0.1466,0.0477,66.75,2.17,16.28,32.71,0.2857,0.4713,0.3309,0.0396,1.21,1.07,1.087
2014-06-30,77992391,77992391,1,15608000000,7045000000,10257000000,6118000000,5240000000,111000000,0,3415000000,2461000000,4682000000,179000000,179000000,2.29,2.25,0.75,-29000000,-152000000,-555000000,-727000000,945000000,142000000,146.68,156.71,136.64,0.1437,0.0456,67.19,2.24,16.05,31.96,0.2862,0.4697,0.3357,0.038,1.2,-2.19,1.1515
2014-03-31,77741708,77741708,1,16040000000,7583000000,10827000000,6454000000,5099000000,114000000,0,3419000000,2662000000,4363000000,160000000,160000000,2.06,2.02,0.625,-339000000,-138000000,770000000,292000000,1672000000,123000000,142.2,160.01,124.39,0.1528,0.047,65.59,2.24,13.89,31.21,0.2667,0.5221,0.3179,0.0389,1.21,-5.94,1.1749
2013-12-31,77460942,77460942,1,15544000000,7022000000,10510000000,6794000000,4924000000,110000000,0,3426000000,1846000000,5090000000,181000000,181000000,2.3,2.26,0.63,1020000000,-229000000,-215000000,554000000,1380000000,261000000,144.22,159.22,129.22,0.1777,0.0535,63.57,2.42,15.18,30.59,0.2261,0.3749,0.3168,0.0441,1.21,9.8,1.0336
2013-09-30,78494914,78494914,1,15660000000,7003000000,10874000000,6679000000,4669000000,117000000,0,3431000000,1834000000,4683000000,196000000,196000000,2.46,2.42,0.625,438000000,-138000000,-150000000,156000000,826000000,137000000,131.77,151.84,111.7,0.1711,0.0498,59.48,2.3,16.43,29.96,0.2311,0.3928,0.2981,0.0416,1.2,3.83,1.0485
2013-06-30,79269458,79269458,1,15274000000,6608000000,10616000000,6231000000,4546000000,112000000,0,3432000000,1936000000,4748000000,198000000,198000000,2.48,2.44,0.625,109000000,-118000000,-55000000,-80000000,670000000,106000000,120.98,134.09,107.88,0.1467,0.0424,57.35,2.14,17.26,29.33,0.259,0.4259,0.2976,0.0353,1.2,0.04,1.0605
2013-03-31,79166263,79166263,1,15331000000,6715000000,10745000000,5801000000,4475000000,111000000,0,3439000000,2441000000,4248000000,252000000,252000000,3.18,3.12,0.5,-305000000,-97000000,-14000000,-418000000,750000000,74000000,110.87,120,101.74,0.1299,0.0372,56.53,2.04,21.91,28.71,0.2791,0.5455,0.2919,0.0311,1.2,-4.79,1.1576
2012-12-31,78542864,78542864,1,15396000000,6827000000,11029000000,6510000000,4260000000,107000000,0,3449000000,1944000000,4788000000,122000000,122000000,1.55,1.52,0.5,857000000,-220000000,13000000,650000000,1168000000,192000000,93.28,104.21,82.35,0.0935,0.0267,54.24,1.68,15.27,28.21,0.388,0.4563,0.2767,0.0221,1.21,8.47,1.0487
2012-09-30,77853759,77853759,1,14972000000,6604000000,10531000000,6360000000,4333000000,108000000,0,3460000000,1920000000,4495000000,74000000,74000000,0.95,0.94,0.5,194000000,-89000000,-24000000,92000000,518000000,89000000,73.16,86.47,59.85,0.1133,0.0324,55.66,1.35,9.83,27.71,0.3195,0.4431,0.2894,0.0265,1.22,1.35,1.0384
2012-06-30,77545523,77545523,1,14607000000,6277000000,10289000000,6060000000,4213000000,105000000,0,3465000000,1922000000,4511000000,113000000,113000000,1.45,1.43,0.5,68000000,-93000000,-103000000,-157000000,426000000,93000000,65.56,77.04,54.08,0.1382,0.0393,54.33,1.16,16.77,27.21,0.2622,0.4562,0.2884,0.0319,1.23,-0.32,1.0358
2012-03-31,77257324,77257324,1,15015000000,6277000000,10557000000,6509000000,4355000000,103000000,0,3479000000,1628000000,4349000000,92000000,92000000,1.19,1.17,0.5,-423000000,-92000000,-34000000,-526000000,583000000,92000000,63.55,79.39,47.72,0.0729,0.0205,56.37,1.16,12.94,26.71,0.4899,0.3738,0.29,0.0168,1.22,-6.67,0.9644
2011-12-31,76609609,76609609,1,15181000000,6422000000,10901000000,6297000000,4181000000,99000000,0,3484000000,2129000000,4910000000,205000000,205000000,2.65,2.57,0.5,872000000,-188000000,-62000000,598000000,1109000000,188000000,53.61,62,45.22,0.0903,0.0253,54.58,0.97,11.86,26.21,0.3782,0.5092,0.2754,0.0209,1.21,8.93,1.0199
2011-09-30,76439148,76439148,1,15003000000,6460000000,10666000000,6243000000,4239000000,98000000,0,3491000000,2133000000,4625000000,177000000,177000000,2.31,2.27,0.5,-108000000,-131000000,-46000000,-334000000,511000000,158000000,65.17,82.99,47.35,0.0822,0.0229,55.46,1.13,19.93,25.71,0.3986,0.5032,0.2825,0.0189,1.21,-3.48,1.0348
2011-06-30,76398669,76398669,1,15914000000,7215000000,11415000000,6869000000,4398000000,101000000,0,3509000000,2143000000,4730000000,-161000000,-161000000,-2.1,-2.1,0.5,-10000000,-158000000,-29000000,-181000000,845000000,127000000,82.24,92,72.48,0.0603,0.0165,57.57,1.4,10.27,25.21,0.5285,0.4873,0.2764,0.0138,1.19,-1.79,1.0504
2011-03-31,76224566,76224566,1,15609000000,7201000000,11037000000,5937000000,4467000000,105000000,0,3518000000,2193000000,4401000000,169000000,169000000,2.21,2.17,0.43,-224000000,-119000000,-29000000,-342000000,1026000000,112000000,85.72,92.28,79.15,0.152,0.0406,58.6,1.54,10.76,24.71,0.2097,0.4909,0.2862,0.0337,1.2,-4.41,1.2129
2010-12-31,76041915,76041915,1,15584000000,7315000000,11264000000,6149000000,4226000000,94000000,0,3520000000,2195000000,5041000000,171000000,171000000,2.22,2.18,0.43,701000000,-183000000,-64000000,467000000,1368000000,183000000,82.12,91.28,72.95,0.1573,0.0406,55.57,1.55,11.7,24.28,0.2106,0.5194,0.2712,0.0337,1.2,6.81,1.1896
2010-09-30,76019555,76019555,1,15599000000,7458000000,11470000000,6321000000,4028000000,101000000,0,3533000000,2197000000,4519000000,79000000,79000000,1.04,1.02,0.43,207000000,-147000000,-51000000,51000000,901000000,120000000,83.95,96.9,71,0.1422,0.0359,52.99,1.72,11.74,23.85,0.2391,0.5454,0.2582,0.0299,1.2,1.14,1.1799
2010-06-30,76009404,76009404,1,14732000000,6861000000,10941000000,5905000000,3699000000,92000000,0,3506000000,2195000000,4534000000,205000000,205000000,2.69,2.64,0.43,99000000,-126000000,-290000000,-341000000,850000000,112000000,102.65,118.44,86.86,0.1485,0.0369,48.67,2.03,18.5,23.42,0.2343,0.5934,0.2511,0.0303,1.22,-0.17,1.1619
2010-03-31,75113594,75113594,1,15078000000,7040000000,11191000000,5886000000,3791000000,96000000,0,3517000000,2498000000,4272000000,164000000,164000000,2.17,2.13,0.43,71000000,-150000000,-90000000,-189000000,1191000000,146000000,82.2,91.11,73.3,0.1168,0.0289,50.47,1.64,18.98,22.99,0.3024,0.6589,0.2514,0.0238,1.21,-1,1.1961
2009-12-31,74805277,74805277,1,15094000000,7025000000,11238000000,5941000000,3760000000,96000000,0,3525000000,2502000000,4864000000,95000000,95000000,1.25,1.23,0.43,898000000,-205000000,-40000000,655000000,1380000000,193000000,75.19,85.01,65.37,0.0957,0.0231,50.26,1.56,20.32,22.56,0.3893,0.6654,0.2491,0.0192,1.2,9.42,1.1825
2009-09-30,74277996,74277996,1,14857000000,6922000000,11165000000,5757000000,3590000000,102000000,0,3530000000,2503000000,4497000000,87000000,87000000,1.17,1.15,0.43,656000000,-89000000,-107000000,478000000,725000000,119000000,57.59,73.84,41.34,0.0855,0.0169,48.33,1.26,12.25,22.13,0.459,0.6972,0.2416,0.0167,1.2,7.23,1.2024
2009-06-30,74028677,74028677,1,13739000000,6039000000,10274000000,5032000000,3375000000,90000000,0,3537000000,2487000000,4169000000,78000000,78000000,1.05,1.04,0.43,268000000,-106000000,-129000000,54000000,247000000,117000000,39.2,49.96,28.44,0.1058,0.0108,45.59,0.97,7.55,21.7,0.3592,0.7369,0.2457,0.0208,1.23,2.04,1.2001
2009-03-31,73825859,73825859,1,13202000000,5820000000,10141000000,5401000000,2987000000,74000000,0,3536000000,1956000000,3569000000,68000000,68000000,0.92,0.91,0.43,-272000000,-99000000,420000000,47000000,193000000,112000000,34.13,49.08,19.19,0.1106,0.0052,40.46,0.84,6.21,21.27,0.3239,0.6548,0.2263,0.0219,1.27,-5.2,1.0776
2008-12-31,73550839,73550839,1,13532000000,6044000000,10459000000,5563000000,3006000000,67000000,0,3549000000,2002000000,4315000000,610000,44000000,0.61,0.6,0.43,333000000,-90000000,-466000000,-279000000,146000000,169000000,56.62,83.05,30.19,0.1096,0.0004,40.87,1.05,7.81,20.84,0.3051,0.666,0.2221,0.0221,1.32,2.23,1.0865
2008-09-30,73502666,73502666,1,14470000000,7167000000,10409000000,6401000000,3972000000,89000000,0,3581000000,1964000000,4902000000,2180000,163000000,2.18,2.15,0.43,-41000000,-126000000,186000000,-36000000,425000000,147000000,75.05,91.87,58.22,-0.0175,-0.0304,54.04,1.33,10.28,20.41,None,0.4945,0.2745,None,1.38,-2.56,1.1197
2008-06-30,74438528,74438528,1,14839000000,7326000000,10528000000,6179000000,4213000000,98000000,0,3598000000,1967000000,5076000000,1550000,117000000,1.55,1.53,0.43,373000000,-111000000,-136000000,140000000,461000000,124000000,77.16,92.59,61.73,-0.0147,-0.0185,56.6,1.42,9.93,19.98,None,0.4669,0.2839,None,1.37,3.35,1.1856
2008-03-31,75127365,75127365,1,14503000000,7002000000,10353000000,5711000000,4071000000,79000000,0,3603000000,2166000000,4614000000,1230000,94000000,1.23,1.22,0.43,-338000000,-106000000,557000000,120000000,321000000,107000000,82.59,98,67.19,-0.0039,-0.0075,54.19,1.6,10.31,19.55,None,0.5321,0.2807,None,1.37,-5.92,1.2261
2007-12-31,75830968,75830968,1,14009000000,6555000000,10029000000,5893000000,3911000000,69000000,0,3614000000,1668000000,5325000000,-444850000,-444850000,2.39,2.35,0.43,799000000,-220000000,-645000000,-57000000,201000000,226000000,83.52,94.89,72.15,0.0022,0.0006,51.58,1.71,11.85,19.12,16.3888,0.4265,0.2792,0.0004,1.37,7.56,1.1123
2007-09-30,77294429,77294429,1,14478000000,7010000000,10640000000,6347000000,3770000000,68000000,0,3635000000,1668000000,4840000000,175000000,175000000,2.24,2.2,0.43,134000000,-29000000,-199000000,-85000000,258000000,108000000,94.44,116.78,72.1,0.1593,0.0396,48.77,2.08,14.94,18.69,0.2407,0.4424,0.2604,0.0294,1.35,0.34,1.1045
2007-06-30,78580229,78580229,1,14289000000,6866000000,10665000000,6222000000,3567000000,57000000,0,3615000000,1677000000,4854000000,161000000,161000000,2.04,2,0.43,153000000,-83000000,20000000,102000000,343000000,106000000,101.09,118,84.17,0.1498,0.0359,45.39,2.32,18.51,18.26,0.2695,0.4701,0.2496,0.0263,1.36,0.6,1.1035
2007-03-31,78918509,78918509,1,13870000000,6453000000,10368000000,5897000000,3445000000,57000000,0,3621000000,1674000000,4389000000,117000000,117000000,1.48,1.46,0.43,-153000000,1000000,128000000,-21000000,241000000,96000000,89.99,96.77,83.21,0.1347,0.0309,43.65,2.16,15.79,17.83,0.3128,0.4859,0.2484,0.0228,1.36,-3.16,1.0943
2006-12-31,78697787,78697787,1,13878000000,6476000000,10547000000,6002000000,3283000000,48000000,0,3534000000,1798000000,4967000000,107000000,107000000,1.42,1.39,0.43,597000000,-95000000,-349000000,153000000,262000000,216000000,85.74,90.68,80.8,0.1414,0.0311,41.72,2.16,13.94,17.4,0.3111,0.5477,0.2366,0.0239,1.3,4.84,1.079
2006-09-30,78381222,78381222,1,13946000000,6811000000,10785000000,6318000000,3108000000,53000000,0,3279000000,1799000000,4843000000,117000000,117000000,1.49,1.47,0.43,198000000,-25000000,-367000000,-192000000,109000000,127000000,81.85,89.64,74.07,0.1689,0.0361,39.65,2.14,12.91,16.97,0.2879,0.5788,0.2229,0.0265,1.36,0.91,1.078
2006-06-30,78222609,78222609,1,14178000000,6941000000,11139000000,6627000000,2995000000,44000000,0,3411000000,1802000000,4734000000,91000000,91000000,1.16,1.14,0.43,295000000,-221000000,-22000000,57000000,301000000,135000000,86.12,94.12,78.12,0.1892,0.0404,38.29,2.35,13.01,16.54,0.2794,0.6017,0.2112,0.0284,1.42,2.05,1.0474
2006-03-31,77981543,77981543,1,13734000000,6250000000,10771000000,6426000000,2859000000,104000000,0,3540000000,1308000000,3536000000,118000000,118000000,1.73,1.7,0.43,-202000000,-856000000,767000000,-280000000,244000000,98000000,87.88,96,79.75,0.221,0.0472,36.66,3.43,14.22,16.11,0.2655,0.4575,0.2082,0.031,1.52,-3.85,0.9726
2005-12-31,68035716,68035716,1,8248000000,4710000000,6411000000,4301000000,1745000000,92000000,0,284000000,745000000,3954000000,126000000,126000000,1.88,1.84,0.43,612000000,-160000000,-155000000,296000000,524000000,199000000,77.2,86.52,67.89,0.2417,0.0513,25.65,2.75,13.59,15.68,0.2743,0.4269,0.2116,0.0295,1.74,6.07,1.0951
2005-09-30,67465586,67465586,1,8269000000,4627000000,6279000000,4194000000,1893000000,97000000,0,271000000,746000000,3599000000,114000000,114000000,1.7,1.66,0.43,378000000,-99000000,-243000000,40000000,228000000,120000000,77.36,85.7,69.01,0.2302,0.048,28.06,3.01,14.01,15.25,0.2925,0.3941,0.2289,0.0282,1.7,3.82,1.1032
2005-06-30,66797864,66797864,1,8198000000,4626000000,6388000000,3944000000,1719000000,91000000,0,272000000,1113000000,3556000000,96000000,96000000,1.44,1.42,0.43,176000000,-103000000,-67000000,4000000,188000000,106000000,67.41,74.05,60.78,0.2406,0.047,25.73,2.77,11.97,14.82,0.3013,0.6475,0.2097,0.0278,1.69,1.05,1.1729
2005-03-31,66895540,66895540,1,8183000000,4620000000,6486000000,4004000000,1628000000,69000000,0,273000000,1135000000,3208000000,86000000,86000000,1.28,1.26,0.43,-285000000,-68000000,298000000,-59000000,184000000,69000000,66.39,71.25,61.53,0.2665,0.0492,24.34,2.76,11.45,14.39,0.2932,0.6972,0.1989,0.0291,1.69,-5.29,1.1538
2004-12-31,66855693,66855693,1,8181000000,4514000000,6507000000,3985000000,1606000000,68000000,0,276000000,1160000000,3631000000,98000000,98000000,1.46,1.34,0.43,489000000,-247000000,-216000000,24000000,243000000,289000000,62.15,69.77,54.53,0.2902,0.0524,24.02,2.99,10.12,13.96,0.2845,0.7223,0.1963,0.0307,1.71,2.99,1.1327
2004-09-30,66425083,66425083,1,7847000000,4401000000,6402000000,3933000000,1380000000,65000000,0,269000000,1127000000,3318000000,101000000,101000000,1.53,1.5,0.43,223000000,-84000000,-117000000,26000000,219000000,91000000,63.52,68.88,58.15,0.3266,0.0573,20.78,3.36,10.38,13.53,0.2548,0.8167,0.1759,0.0334,1.72,1.99,1.119
2004-06-30,66386039,66386039,1,7569000000,4194000000,6258000000,3828000000,1254000000,57000000,0,273000000,1124000000,3264000000,106000000,106000000,1.56,1.53,0.43,223000000,-73000000,-142000000,5000000,193000000,77000000,66.02,70.98,61.05,0.3464,0.0591,18.89,3.36,11.11,13.1,0.2413,0.8963,0.1657,0.0342,1.73,2.2,1.0956
2004-03-31,68990498,68990498,1,7398000000,3934000000,5980000000,3534000000,1356000000,62000000,0,275000000,1125000000,3007000000,101000000,101000000,1.47,1.43,0.43,-141000000,-35000000,117000000,-61000000,188000000,54000000,73.3,80,66.6,0.3553,0.0583,19.65,3.86,12.57,12.67,0.236,0.8296,0.1833,0.034,1.71,-2.83,1.1132
2003-12-31,68588956,68588956,1,7361000000,3865000000,5997000000,3589000000,1301000000,63000000,0,250000000,1134000000,3359000000,124000000,124000000,1.81,1.68,0.34,478000000,-129000000,-336000000,18000000,249000000,204000000,69.44,73.35,65.52,0.3888,0.0581,18.97,4.31,None,12.24,0.2264,0.8716,0.1767,0.034,1.71,3.99,1.0769
2003-09-30,69656684,69656684,1,7176000000,3875000000,5991000000,3592000000,1123000000,62000000,0,346000000,1113000000,3113000000,105000000,105000000,1.51,1.48,0.34,285000000,-79000000,-165000000,41000000,231000000,75000000,67.1,71.95,62.25,-0.3808,-0.0507,16.12,4.65,None,11.9,None,0.9911,0.1565,None,1.69,3.01,1.0788
2003-06-30,68820129,68820129,1,7178000000,3906000000,6091000000,3700000000,994000000,93000000,0,342000000,1117000000,2988000000,94000000,94000000,1.37,1.35,0.34,210000000,-86000000,-94000000,33000000,190000000,86000000,57.03,65.66,48.41,-0.4129,-0.0526,14.44,4.65,None,11.56,None,1.1237,0.1385,None,1.68,1.8,1.0557
2003-03-31,68599586,68599586,1,6794000000,3611000000,5871000000,3522000000,841000000,82000000,0,342000000,1091000000,2716000000,91000000,91000000,1.33,1.32,0.34,-229000000,-58000000,250000000,-35000000,157000000,58000000,50.36,57.92,42.8,-0.4646,-0.0589,12.26,4.65,None,11.22,None,1.2973,0.1238,None,1.7,-4.18,1.0253
2002-12-31,68257062,68257062,1,6631000000,3327000000,5814000000,3505000000,739000000,78000000,0,343000000,1092000000,2946000000,-642000000,-642000000,-9.4,-9.4,0.34,577000000,-229000000,-326000000,9000000,192000000,225000000,47.61,55.99,39.23,-0.393,-0.0597,10.83,3.71,12.27,10.88,None,1.4777,0.1114,None,1.67,5.16,0.9492
2002-09-30,68198204,68198204,1,6488000000,3368000000,5537000000,3328000000,875000000,76000000,0,129000000,1085000000,2759000000,101000000,101000000,1.48,1.46,0.34,391000000,-236000000,-124000000,44000000,183000000,88000000,55.58,66.36,44.79,0.2275,0.0403,12.83,4.32,54.49,10.54,0.3425,1.24,0.1349,0.0251,1.6,4.44,1.012
2002-06-30,68183150,68183150,1,6361000000,3385000000,5395000000,3227000000,877000000,89000000,0,72000000,1087000000,2737000000,63000000,63000000,0.93,0.91,0.34,194000000,-90000000,-105000000,1000000,139000000,63000000,70.83,78.2,63.45,0.0559,0.0109,12.86,3.17,79.58,10.2,1.2392,1.2395,0.1379,0.007,1.55,1.92,1.049
2002-03-31,67947060,67947060,1,6901000000,3303000000,5281000000,3185000000,1519000000,101000000,0,678000000,1055000000,2574000000,84000000,84000000,1.25,1.21,0.34,-350000000,-54000000,232000000,-178000000,138000000,54000000,70.83,79.8,61.85,0.0428,0.0093,22.36,3.24,244.24,9.86,1.426,0.6945,0.2201,0.0062,1.51,-5.95,1.037
2001-12-31,66654106,66654106,1,6967000000,3311000000,5382000000,3082000000,1458000000,127000000,0,703000000,1295000000,2647000000,21000000,21000000,0.3,0.3,0.34,377000000,27000000,-245000000,159000000,316000000,182000000,63.73,74.2,53.25,0.0139,0.003,21.87,2.96,65.03,9.52,4.3241,0.8882,0.2093,0.002,1.5,2.93,1.0743
2001-09-30,66920471,66920471,1,6921000000,3318000000,5348000000,3157000000,1443000000,130000000,0,729000000,1270000000,2594000000,-94000000,-94000000,-1.4,-1.4,0.34,306000000,-78000000,-224000000,4000000,157000000,78000000,61.07,71.93,50.2,0.0427,0.0098,21.56,2.61,18.18,9.18,1.3549,0.8801,0.2085,0.0065,1.5,3.41,1.051
2001-06-30,66904815,66904815,1,6761000000,3156000000,5058000000,3125000000,1568000000,135000000,0,710000000,1000000000,2585000000,53000000,53000000,0.8,0.78,0.34,267000000,-60000000,-231000000,-24000000,153000000,60000000,57.16,65.5,48.81,0.1403,0.0332,23.44,2.4,13.48,8.84,0.3976,0.6378,0.2319,0.0222,1.49,3.09,1.0099
2001-03-31,66599779,66599779,1,6897000000,3172000000,5173000000,3239000000,1586000000,138000000,0,731000000,1005000000,2517000000,41000000,41000000,0.62,0.61,0.34,74000000,-58000000,47000000,63000000,177000000,58000000,51.63,57.38,45.88,0.1745,0.0427,23.81,2.04,10.03,8.5,0.3113,0.6337,0.23,0.0289,1.48,0.24,0.9793
2000-12-31,66578475,66578475,1,6902000000,3237000000,5071000000,3303000000,1684000000,147000000,0,762000000,795000000,2579000000,67000000,67000000,1,0.99,0.34,210000000,-144000000,-208000000,-142000000,114000000,144000000,42,49.44,34.56,0.2068,0.0528,25.29,1.68,7.41,8.16,0.2571,0.4721,0.244,0.0355,1.49,0.99,0.98
2000-09-30,66536283,66536283,1,6888000000,3314000000,5071000000,3353000000,1664000000,153000000,0,776000000,785000000,2570000000,67000000,67000000,0.98,0.98,0.34,316000000,-69000000,-140000000,107000000,266000000,69000000,42.78,54.06,31.5,0.2268,0.0596,25.01,1.65,7.02,7.82,0.2339,0.4718,0.2416,0.0396,1.51,3.71,0.9884
2000-06-30,71327423,71327423,1,7032000000,3413000000,5025000000,3310000000,1853000000,154000000,0,787000000,781000000,2586000000,121000000,121000000,1.68,1.66,0.34,2000000,-85000000,67000000,-16000000,159000000,85000000,57.47,68.31,46.63,0.2454,0.0651,25.98,2.21,10.03,7.48,0.2192,0.4215,0.2635,0.0428,1.52,-1.16,1.0311
2000-03-31,73041775,73041775,1,6964000000,3321000000,4911000000,3462000000,1899000000,154000000,0,797000000,520000000,2590000000,112000000,112000000,1.53,1.52,0.34,-83000000,-360000000,357000000,-86000000,175000000,77000000,56.59,64.56,48.63,0.2357,0.0618,26,2.22,12.38,7.14,0.2336,0.2738,0.2727,0.0406,1.52,-2.19,0.9593
1999-12-31,73243737,73243737,1,6826000000,3177000000,4543000000,2892000000,1867000000,416000000,0,795000000,714000000,2689000000,113000000,113000000,1.51,1.51,0.34,610000000,-156000000,-280000000,174000000,261000000,156000000,65.16,73.56,56.75,0.1934,0.0493,25.49,2.75,15.74,6.8,0.2924,0.3824,0.2735,0.033,1.49,6.2,1.0985
1999-09-30,74427978,74427978,1,6999000000,3389000000,4841000000,3130000000,1765000000,393000000,0,820000000,772000000,2719000000,107000000,107000000,1.42,1.4,0.34,306000000,-109000000,-232000000,-35000000,230000000,109000000,69.75,78.25,61.25,0.1734,0.0433,23.71,2.95,18.55,6.46,0.3235,0.4374,0.2522,0.03,1.44,2.65,1.0827
1999-06-30,75406540,75406540,1,7092000000,3514000000,4889000000,3190000000,1784000000,419000000,0,811000000,765000000,2617000000,99000000,99000000,1.32,1.3,0.34,134000000,-107000000,-172000000,-145000000,265000000,107000000,62.25,74,50.5,0.1536,0.0379,23.66,2.66,17.49,6.12,0.358,0.4288,0.2516,0.0278,1.37,0.36,1.1016
1999-03-31,75300474,75300474,1,7236000000,3566000000,5037000000,3078000000,1762000000,437000000,0,884000000,1031000000,2486000000,28000000,28000000,0.37,0.36,0.34,-249000000,-65000000,88000000,-226000000,410000000,65000000,48.97,57,40.94,0.1435,0.0348,23.4,1.87,11.52,5.78,0.3784,0.5851,0.2435,0.0264,1.32,-4.17,1.1585
1998-12-31,76494003,76494003,1,7935000000,3882000000,5320000000,3267000000,2001000000,614000000,0,936000000,1087000000,2735000000,83000000,83000000,1.09,1.08,0.34,449000000,-199000000,-215000000,35000000,636000000,183000000,51.59,59.5,43.69,0.1694,0.0406,26.16,2.01,11.7,5.44,0.3181,0.5432,0.2522,0.0315,1.29,3.48,1.1882
1998-09-30,76042411,76042411,1,8106000000,4037000000,5468000000,3219000000,1952000000,686000000,0,999000000,1218000000,2539000000,78000000,78000000,1.03,1.02,0.34,390000000,-209000000,-186000000,-5000000,601000000,122000000,57.47,69.94,45,0.1794,0.0413,25.67,2.3,124.93,5.1,0.3088,0.624,0.2408,0.0332,1.24,3.52,1.2541
1998-06-30,75992728,75992728,1,8072000000,4138000000,5415000000,3259000000,1895000000,762000000,0,916000000,1152000000,2585000000,84000000,84000000,1.11,1.1,0.34,-11000000,-59000000,58000000,-12000000,606000000,124000000,68.84,75.25,62.44,0.0211,0.0048,24.94,2.84,312.91,4.76,2.7047,0.6079,0.2348,0.004,1.2,-1.78,1.2697
1998-03-31,75544984,75544984,1,7893000000,3937000000,5278000000,3130000000,1828000000,787000000,0,919000000,1151000000,2464000000,80000000,80000000,1.06,1.05,0.34,-65000000,410000000,-305000000,40000000,618000000,94000000,60.19,70,50.38,0.0105,0.0024,24.2,2.57,None,4.42,5.3836,0.6296,0.2316,0.0021,1.14,-2.1,1.2578
1997-12-31,75740288,75740288,1,8270000000,4281000000,5726000000,3676000000,1771000000,773000000,0,916000000,1074000000,2462000000,92000000,92000000,1.24,None,0.34,None,None,None,488000000,578000000,211000000,59.41,66.94,51.88,-0.0082,-0.0019,23.38,2.6,None,4.08,None,0.6064,0.2141,None,1.09,None,1.1646
1997-09-30,75010784,75010784,1,7634000000,4287000000,5792000000,3993000000,1711000000,131000000,0,757000000,900000000,2043000000,-218000000,-218000000,-2.93,None,0.34,None,None,None,-82000000,90000000,62000000,58.75,69.5,48,-0.0331,-0.0079,22.81,2.25,24.68,3.74,None,0.526,0.2241,None,1.05,None,1.0736
1997-06-30,74552169,74552169,1,7959000000,3950000000,5838000000,4015000000,1947000000,174000000,0,795000000,900000000,2074000000,65000000,65000000,0.86,None,0.34,-31000000,21000000,30000000,20000000,172000000,64000000,50.25,55.25,45.25,0.0921,0.0221,26.12,1.96,22.64,3.4,0.5728,0.4622,0.2446,0.0211,1.05,-1.27,0.9838
1997-03-31,74465194,74465194,1,7874000000,3850000000,5782000000,3980000000,1912000000,180000000,0,814000000,881000000,2038000000,46000000,46000000,0.62,None,0.34,-33000000,-65000000,121000000,23000000,152000000,41000000,49.25,52.5,46,0.0857,0.0205,25.68,1.91,23.45,3.06,0.6177,0.4608,0.2428,0.0192,1.07,-0.99,0.9673
1996-12-31,74842729,74842729,1,8015000000,3812000000,5907000000,4022000000,1926000000,182000000,0,870000000,955000000,2126000000,45000000,45000000,0.62,None,0.34,222000000,-213000000,-52000000,-43000000,129000000,127000000,47.56,50.88,44.25,0.0817,0.0194,25.73,1.86,27.02,2.72,0.6488,0.4958,0.2403,0.0183,1.06,1.27,0.9478
1996-09-30,74345300,74345300,1,8129000000,3953000000,6053000000,3932000000,1905000000,171000000,0,882000000,1108000000,2155000000,21000000,21000000,0.28,None,0.34,308000000,-276000000,-1000000,31000000,172000000,73000000,50.51,53.13,47.88,0.068,0.0162,25.62,1.96,21.87,2.38,0.7838,0.5816,0.2343,0.0153,1.06,3.16,1.0053
1996-06-30,74290510,74290510,1,7989000000,3797000000,5902000000,3964000000,1911000000,176000000,0,894000000,932000000,2229000000,52000000,52000000,0.7,None,0.34,134000000,-104000000,-36000000,-6000000,141000000,75000000,54.69,61.38,48,0.0907,0.0219,25.72,2.14,23.68,2.04,0.5872,0.4877,0.2392,0.0205,1.07,0.79,0.9579
1996-03-31,74191097,74191097,1,7990000000,3766000000,5919000000,3966000000,1893000000,178000000,0,908000000,957000000,2013000000,38000000,38000000,0.5,None,0.34,-119000000,-52000000,169000000,-2000000,147000000,61000000,54.81,59.5,50.13,0.0913,None,25.52,2.18,19.65,1.7,0.5864,0.5055,0.2369,0.0209,1.06,-2.43,0.9496
1995-12-31,74569477,74569477,1,7800000000,3541000000,5744000000,3829000000,1877000000,179000000,0,931000000,983000000,2046000000,18000000,18000000,0.28,0.28,0.34,251000000,-350000000,104000000,5000000,149000000,220000000,54.38,58,50.75,0.1127,None,25.17,2.11,None,1.36,0.4818,0.5237,0.2406,0.0256,1.08,0.42,0.9248
1995-09-30,74006699,74006699,1,7614000000,3551000000,5569000000,3608000000,1905000000,140000000,0,931000000,978000000,2109000000,64000000,64000000,0.85,0.83,0.34,338000000,-220000000,-102000000,16000000,144000000,91000000,57.63,60.88,54.38,None,None,25.74,2.29,None,1.02,None,0.5134,0.2502,None,None,3.34,0.9842
1995-06-30,73859110,73859110,1,7702000000,3732000000,5675000000,3688000000,1861000000,166000000,0,930000000,1016000000,2069000000,52000000,52000000,0.7,0.7,0.34,-78000000,-162000000,281000000,41000000,128000000,102000000,54.06,58.25,49.88,None,None,25.2,2.25,None,0.68,None,0.5459,0.2416,None,None,-2.44,1.0119
1995-03-31,73754505,73754505,1,7165000000,3399000000,5294000000,3317000000,1775000000,96000000,0,794000000,1024000000,1939000000,75000000,75000000,1,0.98,0.34,-134000000,-203000000,352000000,15000000,87000000,70000000,52.38,55.5,49.25,None,None,24.07,2.25,None,0.34,None,0.5769,0.2477,None,None,-2.77,1.0247
1994-12-31,74163512,74163512,1,6655000000,3078000000,4882000000,2988000000,1723000000,50000000,0,730000000,885000000,None,None,None,None,None,0,None,None,None,None,72000000,0,50.06,55.5,44.63,None,None,23.23,None,None,0,None,0.5136,0.2589,None,None,None,1.0301
