"Quarter end","Shares","Shares split adjusted","Split factor","Assets","Current Assets","Liabilities","Current Liabilities","Shareholders equity","Non-controlling interest","Preferred equity","Goodwill & intangibles","Long-term debt","Revenue","Earnings","Earnings available for common stockholders","EPS basic","EPS diluted","Dividend per share","Cash from operating activities","Cash from investing activities","Cash from financing activities","Cash change during period","Cash at end of period","Capital expenditures","Price","Price high","Price low","ROE","ROA","Book value of equity per share","P/B ratio","P/E ratio","Cumulative dividends per share","Dividend payout ratio","Long-term debt to equity ratio","Equity to assets ratio","Net margin","Asset turnover","Free cash flow per share","Current ratio"
2019-06-30,795706564,795706564,1,43069000000,13042000000,21660000000,9242000000,20363000000,1046000000,0,24051000000,6804000000,6451000000,4192000000,4192000000,4.81,4.79,0.26,223000000,12629000000,-9468000000,3443000000,3701000000,113000000,38.55,41.4,35.69,0.2857,0.1239,25.59,1.73,15.12,25.71,0.1574,0.3341,0.4728,0.2238,0.55,0.14,1.4112
2019-03-31,898068721,898068721,1,48489000000,12836000000,27188000000,13441000000,20036000000,1265000000,0,24326000000,8418000000,5779000000,515000000,515000000,0.57,0.57,0.26,491000000,-210000000,-312000000,-54000000,258000000,122000000,33.2,37.25,29.16,0.1152,0.0486,22.31,1.51,13.55,25.45,0.4025,0.4201,0.4132,0.0852,0.57,0.41,0.955
2018-12-31,912713145,912713145,1,48016000000,11955000000,26609000000,11653000000,20102000000,1305000000,0,24371000000,9588000000,5464000000,355000000,355000000,0.39,0.38,0.26,114000000,-202000000,245000000,112000000,312000000,151000000,32.44,36.58,28.3,0.1103,0.0466,22.02,1.42,13.98,25.19,0.4193,0.477,0.4187,0.0777,0.6,-0.04,1.0259
2018-09-30,924058960,924058960,1,48797000000,11823000000,26339000000,11250000000,21164000000,1294000000,0,25821000000,9654000000,8370000000,771000000,771000000,0.84,0.82,0.26,1252000000,-89000000,-1224000000,-83000000,200000000,223000000,36.63,40.33,32.93,0.1038,0.0437,22.9,1.63,15.07,24.93,0.4451,0.4562,0.4337,0.0689,0.63,1.11,1.0509
2018-06-30,924922181,924922181,1,49406000000,12465000000,27366000000,11301000000,20773000000,1267000000,0,25936000000,10373000000,8120000000,723000000,723000000,0.78,0.78,0.26,728000000,-294000000,-274000000,15000000,283000000,272000000,34.89,36.89,32.89,0.1097,0.0451,22.46,1.55,15.58,24.67,0.4208,0.4994,0.4205,0.0727,0.62,0.49,1.103
2018-03-31,926204412,926204412,1,49952000000,12271000000,27837000000,10992000000,20874000000,1241000000,0,26431000000,10962000000,7475000000,438000000,438000000,0.47,0.47,0.26,662000000,-176000000,-814000000,-284000000,268000000,262000000,37.71,41.53,33.89,0.1029,0.0415,22.54,1.7,23.42,24.41,0.4509,0.5252,0.4179,0.0683,0.61,0.43,1.1164
2017-12-31,926105380,926105380,1,49767000000,12429000000,28041000000,11246000000,20535000000,1191000000,0,26374000000,10895000000,7435000000,230000000,230000000,0.25,0.25,0.26,-129000000,1774000000,-1440000000,231000000,552000000,225000000,38.55,42.6,34.51,0.0755,0.0299,22.17,1.75,22.54,24.15,0.6215,0.5306,0.4126,0.0495,0.6,-0.38,1.1052
2017-09-30,925435012,925435012,1,51884000000,12292000000,30306000000,11854000000,20447000000,1131000000,0,26429000000,11964000000,8136000000,875000000,875000000,0.95,0.93,0.25,1333000000,-305000000,-1198000000,-137000000,321000000,337000000,40.55,44.37,36.74,0.0814,0.0321,22.09,1.92,None,23.89,3.2313,0.5851,0.3941,0.0534,0.6,1.08,1.0369
2017-06-30,932398758,932398758,1,50686000000,13962000000,29882000000,11515000000,19731000000,1073000000,0,26346000000,11772000000,7683000000,555000000,555000000,0.59,0.59,0.25,215000000,-360000000,154000000,46000000,458000000,357000000,42.03,43.71,40.36,-0.021,-0.0082,21.16,2.03,None,23.64,None,0.5966,0.3893,None,0.61,-0.15,1.2125
2017-03-31,938108615,938108615,1,49607000000,13229000000,29238000000,10742000000,19388000000,981000000,0,26331000000,11810000000,7267000000,-148000000,-148000000,-0.16,-0.16,0.25,364000000,-141000000,-218000000,35000000,412000000,247000000,42.57,44.7,40.44,-0.0334,-0.0125,20.67,2.04,None,23.39,None,0.6091,0.3908,None,0.7,0.12,1.2315
2016-12-31,938685172,938685172,1,48788000000,10966000000,28233000000,11459000000,19577000000,978000000,0,28062000000,10351000000,7086000000,329000000,329000000,0.35,0.35,4.801,-1900000000,-331000000,1979000000,-202000000,377000000,369000000,42.28,46.17,38.38,-0.0625,-0.0226,20.86,1.64,None,23.14,None,0.5287,0.4013,None,0.82,-2.42,0.957
2016-09-30,936718105,936718105,1,63253000000,17109000000,37929000000,16293000000,24118000000,1206000000,0,31062000000,14606000000,10198000000,-1171000000,-1171000000,-1.11,-1.11,6.97,1199000000,-16000000,-973000000,217000000,684000000,423000000,45.59,48.97,42.22,-0.0641,-0.0221,25.75,2.53,38.48,18.34,None,0.6056,0.3813,None,0.96,0.83,1.0501
2016-06-30,637745892,532964241,0.8357,31879000000,11847000000,21105000000,12886000000,9599000000,1175000000,0,8661000000,5139000000,9516000000,383000000,383000000,0.59,0.59,0.29,75000000,-254000000,274000000,109000000,467000000,265000000,39.32,43.98,34.66,0.0645,0.0211,18.01,2.13,49.04,11.37,1.1186,0.5354,0.3011,0.0185,1.14,-0.36,0.9194
2016-03-31,648370147,541842931,0.8357,31199000000,11058000000,20080000000,11792000000,9984000000,1135000000,0,8618000000,5143000000,9031000000,-530000000,-530000000,-0.82,-0.82,0.29,634000000,-233000000,-448000000,-56000000,358000000,256000000,36.11,40.49,31.73,0.0431,0.0144,18.43,1.86,13.18,11.02,1.5984,0.5151,0.32,0.0127,1.14,0.7,0.9378
2015-12-31,648235276,541730220,0.8357,31019000000,10921000000,19582000000,11301000000,10506000000,931000000,0,8501000000,5301000000,8929000000,450000000,450000000,0.69,0.69,0.29,-13000000,-384000000,214000000,-183000000,414000000,273000000,51.35,56.62,46.08,0.143,0.0487,19.39,2.68,18.18,10.68,0.4626,0.5046,0.3387,0.0425,1.15,-0.53,0.9664
2015-09-30,647676732,541263444,0.8357,29673000000,11093000000,19134000000,10495000000,10376000000,163000000,0,8340000000,5745000000,7707000000,349000000,349000000,0.54,0.53,0.26,737000000,1172000000,-1468000000,384000000,597000000,303000000,54.05,62.04,46.05,0.1473,0.0503,19.17,2.77,19.72,10.33,0.4348,0.5537,0.3497,0.042,1.2,0.8,1.057
2015-06-30,654069431,546605823,0.8357,31968000000,12942000000,21128000000,12133000000,10655000000,185000000,0,8395000000,5734000000,9608000000,178000000,178000000,0.27,0.27,0.26,663000000,-248000000,-360000000,49000000,213000000,256000000,62.02,65.24,58.8,0.1405,0.0478,19.49,3.21,22.73,10.02,0.4319,0.5382,0.3333,0.038,1.26,0.74,1.0667
2015-03-31,654830612,547241942,0.8357,31050000000,12193000000,20268000000,11972000000,10583000000,199000000,0,8346000000,5448000000,9198000000,529000000,529000000,0.81,0.8,0.26,360000000,-200000000,-222000000,-4000000,164000000,291000000,57.63,62.22,53.03,0.1366,0.0473,19.34,2.93,25.75,9.71,0.417,0.5148,0.3408,0.0368,1.28,0.13,1.0185
2014-12-31,657293891,549300504,0.8357,31707000000,12381000000,20621000000,11387000000,10823000000,263000000,0,8610000000,6322000000,10666000000,507000000,507000000,0.77,0.76,0.26,-160000000,-254000000,229000000,-241000000,168000000,248000000,53.56,60.93,46.19,0.1098,0.0389,19.7,2.64,24.87,9.4,0.4869,0.5841,0.3413,0.0294,1.32,-0.74,1.0873
2014-09-30,666188889,556734054,0.8357,32804000000,13107000000,21242000000,11694000000,11311000000,251000000,0,8766000000,6357000000,10645000000,309000000,309000000,0.47,0.46,0.22,1232000000,-36000000,-952000000,249000000,409000000,305000000,57.04,61.74,52.34,0.1049,0.038,20.32,2.69,31.99,9.09,0.4817,0.562,0.3448,0.0284,1.34,1.67,1.1208
2014-06-30,666075391,556639204,0.8357,33074000000,13447000000,20979000000,12143000000,11815000000,280000000,0,9327000000,6416000000,10812000000,176000000,176000000,0.26,0.26,0.22,714000000,-1904000000,1144000000,-49000000,160000000,262000000,56.16,60.68,51.65,0.0854,0.0319,21.23,2.67,22.78,8.82,0.5627,0.543,0.3572,0.0234,1.37,0.81,1.1074
2014-03-31,664157910,555036765,0.8357,31217000000,13059000000,19258000000,12152000000,11686000000,273000000,0,7778000000,4733000000,10463000000,261000000,261000000,0.39,0.39,0.22,730000000,-222000000,-526000000,-36000000,209000000,229000000,57.64,62.82,52.47,0.118,0.0449,21.05,2.77,25.62,8.56,0.3929,0.405,0.3743,0.0325,1.38,0.9,1.0746
2013-12-31,664028370,554928508,0.8357,30832000000,12726000000,19040000000,11803000000,11531000000,261000000,0,7787000000,4866000000,10908000000,469000000,469000000,0.7,0.69,0.22,-281000000,-431000000,-78000000,-810000000,245000000,324000000,54.64,62.1,47.17,0.1083,0.0411,20.78,2.54,26.7,8.3,0.4149,0.422,0.374,0.0299,1.37,-1.09,1.0782
2013-09-30,685160911,572588973,0.8357,31518000000,13698000000,18944000000,12117000000,12314000000,260000000,0,7588000000,4560000000,11047000000,105000000,105000000,0.15,0.15,0.19,1137000000,383000000,-782000000,668000000,1055000000,385000000,47.22,52.04,42.4,0.098,0.0373,21.51,2.23,24.66,8.03,0.4417,0.3703,0.3907,0.0276,1.35,1.31,1.1305
2013-06-30,684159035,571751705,0.8357,31750000000,12669000000,19389000000,11784000000,12118000000,243000000,0,8190000000,4593000000,10831000000,571000000,571000000,0.83,0.83,0.19,1034000000,-268000000,-856000000,-90000000,391000000,258000000,42.05,45.87,38.23,0.0936,0.0353,21.19,2.04,25.46,7.8,0.4632,0.379,0.3817,0.0263,1.34,1.36,1.0751
2013-03-31,684995294,572450567,0.8357,31857000000,12826000000,19825000000,12101000000,11798000000,234000000,0,8223000000,4590000000,10430000000,148000000,148000000,0.22,0.21,0.19,217000000,-330000000,269000000,167000000,481000000,264000000,39.17,42.08,36.26,0.0815,0.0305,20.61,1.89,19.26,7.58,0.5308,0.389,0.3703,0.0228,1.34,-0.08,1.0599
2012-12-31,684321131,571887169,0.8357,31232000000,12828000000,19219000000,10768000000,11858000000,155000000,0,8047000000,5413000000,10422000000,354000000,354000000,0.52,0.52,0.19,298000000,-365000000,155000000,49000000,314000000,354000000,33.2,36.78,29.62,0.1004,0.0377,20.73,1.64,15.59,7.35,0.4262,0.4565,0.3797,0.0279,1.35,-0.1,1.1913
2012-09-30,683797753,571449782,0.8357,30884000000,12673000000,19181000000,10855000000,11555000000,148000000,0,7929000000,5321000000,10392000000,35000000,35000000,0.05,0.04,0.18,794000000,-334000000,-788000000,-337000000,265000000,352000000,31.68,35.41,27.96,0.1069,0.04,20.22,1.56,10.51,7.12,0.4006,0.4605,0.3741,0.0292,1.37,0.77,1.1675
2012-06-30,683909056,571542798,0.8357,31002000000,12566000000,19259000000,10811000000,11596000000,147000000,0,7902000000,5624000000,10581000000,417000000,417000000,0.61,0.61,0.18,619000000,-447000000,158000000,362000000,602000000,441000000,35.55,39.8,31.29,0.1524,0.057,20.29,1.74,12.23,6.91,0.2758,0.485,0.374,0.0408,1.4,0.31,1.1623
2012-03-31,680200626,568443663,0.8357,30973000000,12362000000,19228000000,10555000000,11595000000,150000000,0,8006000000,5645000000,10565000000,364000000,364000000,0.54,0.53,0.18,243000000,-380000000,156000000,-1000000,240000000,445000000,39.95,43.02,36.87,0.1479,0.0555,20.4,2.04,13.85,6.69,0.2771,0.4868,0.3744,0.0396,1.4,-0.36,1.1712
2011-12-31,680446203,568648891,0.8357,29683000000,11837000000,18405000000,10103000000,11137000000,141000000,0,7896000000,5526000000,10417000000,410000000,410000000,0.6,0.6,0.18,-97000000,-631000000,681000000,-16000000,241000000,535000000,34.81,40.56,29.07,0.1491,0.0563,19.59,1.79,12.33,6.48,0.2704,0.4962,0.3752,0.0398,1.42,-1.11,1.1716
2011-09-30,680381571,568594878,0.8357,29676000000,12015000000,18496000000,10782000000,11042000000,138000000,0,7961000000,4533000000,10788000000,538000000,538000000,0.79,0.78,0.16,515000000,-486000000,-118000000,-78000000,257000000,407000000,41.18,51.36,31,0.1483,0.0569,19.42,2.06,15.23,6.26,0.2676,0.4105,0.3721,0.0398,1.43,0.19,1.1144
2011-06-30,679738648,568057588,0.8357,29869000000,12558000000,18390000000,11154000000,11361000000,118000000,0,7915000000,4519000000,10364000000,357000000,357000000,0.53,0.52,0.16,393000000,-916000000,463000000,-66000000,335000000,347000000,46.61,50.89,42.32,0.1433,0.0557,20,2.41,16.58,6.07,0.2693,0.3978,0.3804,0.0393,1.42,0.08,1.1259
2011-03-31,678449119,566979928,0.8357,28668000000,12206000000,17562000000,10172000000,10976000000,130000000,0,7639000000,4382000000,10144000000,354000000,354000000,0.52,0.51,0.16,62000000,-866000000,888000000,80000000,401000000,268000000,47.48,50.76,44.21,0.1562,0.0611,19.36,2.58,17.71,5.88,0.2457,0.3992,0.3829,0.0428,1.43,-0.36,1.2
2010-12-31,677346824,566058740,0.8357,25993000000,10715000000,15445000000,9789000000,10431000000,117000000,0,7274000000,2684000000,9537000000,375000000,375000000,0.56,0.55,0.16,106000000,-369000000,6000000,-239000000,321000000,249000000,41.94,48.04,35.84,0.1543,0.0609,18.43,2.35,15.86,5.69,0.2447,0.2573,0.4013,0.0428,1.42,-0.25,1.0946
2010-09-30,674375572,563575665,0.8357,25743000000,10652000000,15566000000,9910000000,10071000000,106000000,0,7242000000,2652000000,9040000000,449000000,449000000,0.67,0.68,0.13,66000000,-313000000,-249000000,-496000000,560000000,238000000,34.23,37.26,31.2,0.156,0.0612,17.87,2.05,14.16,5.5,0.2347,0.2633,0.3912,0.0435,1.41,-0.31,1.0749
2010-06-30,673311804,562686674,0.8357,24086000000,10118000000,14604000000,9032000000,9395000000,87000000,0,6912000000,2638000000,8540000000,418000000,418000000,0.62,0.61,0.13,427000000,-285000000,-4000000,138000000,908000000,205000000,36.7,42.8,30.59,0.1439,0.056,16.7,2.19,18.37,5.34,0.2605,0.2808,0.3901,0.0405,1.38,0.39,1.1202
2010-03-31,672703016,562177910,0.8357,23809000000,9904000000,14183000000,8815000000,9407000000,219000000,0,7086000000,2636000000,8317000000,274000000,274000000,0.41,0.4,0.13,213000000,-185000000,-49000000,-21000000,770000000,129000000,36.39,40.21,32.56,0.1204,0.0462,16.73,2.18,32.35,5.18,0.3123,0.2802,0.3951,0.0344,1.34,0.15,1.1235
2009-12-31,671735812,561369618,0.8357,23805000000,9676000000,14249000000,8387000000,9353000000,203000000,0,7241000000,3077000000,8408000000,350000000,350000000,0.52,0.52,0.13,808000000,-185000000,-593000000,30000000,791000000,158000000,31.09,33.91,28.26,0.0716,0.0269,16.66,1.91,None,5.03,0.531,0.329,0.3929,0.021,1.28,1.16,1.1537
2009-09-30,671080237,560821754,0.8357,24088000000,9826000000,14749000000,8716000000,9138000000,201000000,0,7288000000,3168000000,7867000000,300000000,300000000,0.48,0.49,0.13,558000000,-154000000,-196000000,208000000,761000000,98000000,28.32,33.39,23.25,-0.0403,-0.0149,16.29,1.71,None,4.87,None,0.3467,0.3794,None,1.26,0.82,1.1274
2009-06-30,595457368,497623722,0.8357,22466000000,8739000000,14037000000,7943000000,8227000000,202000000,0,7165000000,4001000000,6979000000,163000000,163000000,0.27,0.26,0.13,494000000,-139000000,-123000000,232000000,543000000,98000000,20.6,27.1,14.1,-0.0735,-0.0272,16.53,1.29,None,4.72,None,0.4863,0.3662,None,1.31,0.8,1.1002
2009-03-31,594263055,496625635,0.8357,21724000000,8452000000,13824000000,7687000000,7900000000,0,0,7069000000,3994000000,6315000000,-193000000,-193000000,-0.33,-0.33,0.13,182000000,-178000000,105000000,109000000,311000000,158000000,22.95,35.91,9.99,-0.0388,-0.0147,15.91,1.37,87.18,4.56,None,0.5056,0.3637,None,1.39,0.05,1.0995
2008-12-31,594215653,496586021,0.8357,22304000000,8717000000,13991000000,8541000000,8313000000,0,0,7149000000,3176000000,7336000000,-608000000,-608000000,-1.02,-1.02,0.13,-317000000,-357000000,492000000,-182000000,202000000,265000000,26.12,35.91,16.33,0.0146,0.0056,16.74,1.38,13.39,4.41,2.2708,0.3821,0.3727,0.0038,1.48,-1.17,1.0206
2008-09-30,594179011,496555399,0.8357,24987000000,10676000000,15563000000,9810000000,9424000000,0,0,7282000000,3201000000,9307000000,16000000,16000000,0.02,0.03,0.13,900000000,-494000000,-225000000,181000000,384000000,246000000,37.09,43.08,31.11,0.1028,0.0397,18.98,1.84,13.08,4.25,0.3154,0.3397,0.3772,0.0257,1.54,1.32,1.0883
2008-06-30,593773517,496216528,0.8357,25243000000,11093000000,15247000000,9736000000,9996000000,0,0,7204000000,3247000000,9865000000,439000000,439000000,0.74,0.73,0.13,552000000,-288000000,-241000000,23000000,256000000,180000000,38.92,43.66,34.19,0.1522,0.0585,20.14,2.01,14.14,4.1,0.2077,0.3248,0.396,0.0378,1.55,0.75,1.1394
2008-03-31,593417685,495919159,0.8357,24619000000,10609000000,15024000000,9513000000,9595000000,0,0,7194000000,3301000000,9406000000,289000000,289000000,0.49,0.48,0.13,298000000,-242000000,-230000000,-174000000,233000000,157000000,39.48,43.7,35.26,0.1545,0.0579,19.35,2.16,15,3.94,0.2056,0.344,0.3897,0.0377,1.54,0.28,1.1152
2007-12-31,593770096,496213669,0.8357,23803000000,10229000000,14733000000,9252000000,9070000000,0,0,7026000000,3249000000,9484000000,235000000,235000000,0.4,0.39,0.13,178000000,-246000000,-199000000,-267000000,407000000,172000000,47.63,53.2,42.06,0.1554,0.0566,18.28,2.65,19.11,3.78,0.206,0.3582,0.381,0.0369,1.53,0.01,1.1056
2007-09-30,593815378,496251511,0.8357,24105000000,10872000000,15198000000,9920000000,8907000000,0,0,6904000000,3255000000,9011000000,466000000,466000000,0.78,0.77,0.11,1066000000,-414000000,-228000000,424000000,674000000,208000000,45.61,51.54,39.69,0.1536,0.0544,17.95,2.72,19.85,3.63,0.2081,0.3654,0.3695,0.0362,1.5,1.73,1.096
2007-06-30,197817239,495947599,2.5071,23279000000,10147000000,14970000000,9381000000,8309000000,0,0,6852000000,3257000000,8911000000,396000000,396000000,2.01,1.98,0.33,240000000,-194000000,-29000000,17000000,189000000,113000000,42.24,46.97,37.51,0.1475,0.051,16.75,2.67,19.29,3.5,0.2183,0.392,0.3569,0.0339,1.5,0.26,1.0817
2007-03-31,197300548,494652203,2.5071,22487000000,9443000000,14672000000,8777000000,7815000000,0,0,6802000000,3564000000,8492000000,228000000,228000000,1.16,1.14,0.33,455000000,-165000000,-370000000,-80000000,172000000,202000000,36.68,39.75,33.61,0.1467,0.0491,15.8,2.38,17.72,3.37,0.2202,0.456,0.3475,0.0327,1.5,0.51,1.0759
2006-12-31,196495494,492633853,2.5071,22196000000,9283000000,14618000000,8036000000,7578000000,0,0,6795000000,4255000000,8210000000,162000000,162000000,0.83,0.82,0.33,152000000,-278000000,85000000,-41000000,252000000,222000000,31.91,35.28,28.53,0.1451,0.0469,15.38,2.13,15.33,3.23,0.2235,0.5615,0.3414,0.0311,1.51,-0.14,1.1552
2006-09-30,195787050,490857713,2.5071,21921000000,9264000000,14566000000,8146000000,7355000000,0,0,6709000000,4166000000,8150400000,359600000,359600000,1.84,1.82,0.28,None,-97800000,-384400000,-126300000,293000000,195400000,30.75,34.22,27.28,0.1534,0.0476,14.98,2.18,15.86,3.1,0.2126,0.5664,0.3355,0.0319,1.49,None,1.1372
2006-06-30,195565351,490301891,2.5071,22056000000,9344000000,15147000000,8683000000,6909000000,0,0,6537000000,4180000000,8390000000,338000000,338000000,1.73,1.71,0.28,676000000,-207000000,-243000000,226000000,380000000,176000000,32.71,35.9,29.52,0.1493,0.0473,14.09,2.5,18.39,2.99,0.2226,0.605,0.3132,0.0309,1.53,1.02,1.0761
2006-03-31,194960736,488786061,2.5071,21192000000,8920000000,14797000000,8476000000,6395000000,0,0,6456000000,4185000000,8167000000,165000000,165000000,0.85,0.84,0.28,371000000,-229000000,-156000000,-14000000,154000000,186000000,28.75,30.88,26.62,0.1426,0.0472,13.08,2.28,15.47,2.88,0.2363,0.6544,0.3018,0.0295,1.6,0.38,1.0524
2005-12-31,194173204,486811639,2.5071,21147900000,8934200000,14836000000,8720800000,6144200000,167700000,0,6413100000,4001900000,7527600000,165400000,165400000,0.86,0.85,0.28,18600000,-2542200000,2524400000,-3700000,167600000,63600000,26.77,29.5,24.04,0.1532,0.0536,12.62,2.14,14.34,2.77,0.2193,0.6513,0.2905,0.0321,1.67,-0.09,1.0245
2005-09-30,192972870,483802282,2.5071,16144400000,7138800000,9890700000,6841400000,6058100000,195600000,0,4021600000,1577500000,6745000000,283800000,283800000,1.47,1.46,0.25,None,-461400000,45900000,-243400000,171300000,247600000,23.65,25.01,22.29,0.1574,0.0588,12.52,1.98,12.86,2.66,0.2113,0.2604,0.3752,0.0331,1.78,None,1.0435
2005-06-30,192541000,482719541,2.5071,15161300000,6724800000,9384200000,6281900000,5777100000,0,0,3944000000,1632100000,7062100000,254700000,254700000,1.33,1.31,0.25,347200000,-202400000,-4500000,140300000,385200000,101200000,22.09,23.21,20.97,0.1615,0.0591,11.97,1.87,12.45,2.56,0.2089,0.2825,0.381,0.0327,1.81,0.51,1.0705
2005-03-31,192037907,481458236,2.5071,15214800000,6598600000,9523200000,6180500000,5691600000,0,0,3961100000,1664600000,6899400000,202500000,202500000,1.06,1.04,0.25,192900000,575200000,-608300000,137000000,244900000,139100000,23.76,25.48,22.04,0.1619,0.0581,11.82,2.04,14.08,2.46,0.2106,0.2925,0.3741,0.0318,1.83,0.11,1.0676
2004-12-31,191174330,479293162,2.5071,15354800000,6534500000,9773200000,6456400000,5581600000,0,0,4042800000,1668500000,6772900000,168400000,168400000,0.88,0.87,0.25,168800000,-183800000,23700000,8700000,107900000,137000000,23.34,25.52,21.16,0.1605,0.0561,11.65,2.14,13.87,2.36,0.2157,0.2989,0.3635,0.0305,1.84,0.07,1.0121
2004-09-30,190346186,477216922,2.5071,15090800000,6376800000,9884500000,6601600000,5206300000,0,0,4100500000,1630600000,6756900000,273000000,273000000,1.43,1.39,0.23,440300000,-601600000,204400000,43100000,169500000,208100000,21.73,23.14,20.33,0.1675,0.0575,10.91,2.11,13.65,2.26,0.2106,0.3132,0.345,0.0307,1.87,0.49,0.9659
2004-06-30,190250015,476975812,2.5071,13972400000,5912400000,9054800000,5774600000,4917600000,0,0,3636600000,1834700000,6792300000,222300000,222300000,1.17,1.15,0.225,445900000,-206300000,-345200000,-105600000,120800000,184400000,21.89,24.01,19.77,0.1643,0.0557,10.31,2.19,14.29,2.16,0.2109,0.3731,0.352,0.0295,1.88,0.55,1.0239
2004-03-31,190026068,476414355,2.5071,14118300000,6002400000,9349000000,5986100000,4769300000,0,0,3676300000,1888900000,6620100000,157700000,157700000,0.83,0.82,0.225,353800000,-264500000,-165500000,-76200000,226400000,222400000,23.65,24.86,22.44,0.164,0.0544,10.01,2.44,15.94,2.08,0.2062,0.3961,0.3378,0.0291,1.86,0.28,1.0027
2003-12-31,188551068,472716382,2.5071,13670900000,5750100000,9089300000,5731500000,4581600000,0,0,3615100000,1830600000,6384100000,164500000,162700000,0.9,0.86,0.225,248000000,-237700000,156200000,166500000,302600000,196400000,21.09,23.18,18.99,0.1669,0.0547,9.69,2.24,14.69,1.99,0.199,0.3996,0.3351,0.0293,1.84,0.11,1.0032
2003-09-30,90315923,452862101,5.0142,13127300000,5620300000,8866000000,5584100000,4261300000,0,0,3479600000,1776600000,5999700000,220300000,218500000,2.43,2.32,0.36,412200000,-353800000,-185300000,-126900000,136100000,211400000,18.48,20.12,16.85,0.1705,0.0548,9.41,2.01,13.45,1.9,0.1907,0.4169,0.3246,0.0298,1.82,0.44,1.0065
2003-06-30,89537595,448959408,5.0142,12900400000,5619900000,8779900000,6194500000,4120500000,0,0,3394100000,1294900000,5959900000,190000000,188200000,2.11,2,0.36,114300000,-188900000,50200000,-24400000,253700000,170600000,16.06,17.81,14.32,0.1712,0.0546,9.18,1.89,11.95,1.82,0.1946,0.3143,0.3194,0.0295,1.83,-0.13,0.9072
2003-03-31,89162779,447080006,5.0142,12029900000,5244200000,8223800000,5529900000,3806100000,0,0,3329500000,1525800000,5503100000,132200000,130300000,1.46,1.4,0.36,228300000,-140600000,-161200000,-73500000,278100000,129600000,15.53,16.75,14.31,0.1764,0.0557,8.51,1.89,11.89,1.75,0.1946,0.4009,0.3164,0.0298,1.84,0.22,0.9483
2002-12-31,88987684,446202045,5.0142,11776000000,5151100000,8112300000,5489000000,3663700000,0,0,3251600000,1526500000,5183300000,140400000,138700000,1.56,1.48,0.36,14100000,-283500000,359000000,89600000,351600000,100600000,15.36,16.93,13.78,0.1799,0.0561,8.21,1.96,12.15,1.68,0.1954,0.4167,0.3111,0.03,1.85,-0.19,0.9384
2002-09-30,88957818,446052291,5.0142,11165300000,4946200000,7665600000,4806200000,3499700000,0,0,2998100000,1826600000,5218200000,190500000,188700000,2.12,2.01,0.33,342100000,-98900000,-180000000,63200000,262000000,147200000,15.92,17.55,14.29,0.1819,0.0559,7.85,2.12,13.33,1.61,0.1971,0.5219,0.3134,0.0295,1.87,0.44,1.0291
2002-06-30,88768240,445101709,5.0142,10914200000,4837000000,7569200000,4649600000,3345000000,0,0,2955200000,1936300000,5257000000,175300000,173400000,1.96,1.85,0.33,323500000,-183400000,-149400000,-9300000,206800000,93900000,16.85,18.59,15.11,0.1784,0.0543,7.52,2.39,15.11,1.54,0.2053,0.5789,0.3065,0.0286,1.87,0.52,1.0403
2002-03-31,88610685,444311696,5.0142,10392000000,4599400000,7257700000,4431100000,3134300000,0,0,2762000000,1908700000,4810500000,114800000,112900000,1.27,1.21,0.33,215900000,-112000000,-148800000,-44900000,216100000,115000000,16.75,18.54,14.96,0.1734,0.0521,7.05,2.41,15.94,1.48,0.2164,0.609,0.3016,0.0273,1.87,0.23,1.038
2001-12-31,87652738,439508358,5.0142,10499800000,4598600000,7444100000,4573700000,3055700000,0,0,2836100000,1927400000,4817700000,119900000,117800000,1.35,1.27,0.33,107500000,-687300000,466200000,-113600000,261000000,86000000,14.63,16.49,12.77,0.1685,0.0499,6.95,2.15,14.38,1.41,0.2258,0.6308,0.291,0.0259,1.89,0.05,1.0054
2001-09-30,87555585,439021214,5.0142,9911500000,4544000000,6926100000,4579700000,2985400000,0,0,2247300000,1394800000,4649100000,156300000,154200000,1.76,1.66,0.31,162600000,-89300000,18900000,92200000,374600000,46800000,13.62,16.29,10.95,0.1683,0.0493,6.8,2.12,13.47,1.35,0.2296,0.4672,0.3012,0.0255,1.9,0.26,0.9922
2001-06-30,87280780,437643287,5.0142,9729600000,4304500000,6923800000,4378200000,2805800000,0,0,2235700000,1443300000,4722100000,136500000,134400000,1.54,1.45,0.31,431000000,-308100000,-96800000,26100000,298800000,166000000,13.7,15.12,12.27,0.1726,0.0494,6.41,2.19,13.55,1.28,0.2258,0.5144,0.2884,0.026,1.87,0.61,0.9832
2001-03-31,86867122,435569123,5.0142,9590000000,4312900000,6869000000,4353700000,2721000000,0,0,2134000000,1464900000,4601600000,83000000,80900000,0.94,0.89,0.31,208900000,-148800000,-142600000,-82500000,272700000,134400000,12.2,14.03,10.36,0.1771,0.0506,6.25,1.99,11.92,1.22,0.221,0.5384,0.2837,0.0263,1.89,0.17,0.9906
2000-12-31,86088850,431666711,5.0142,9542400000,4237500000,6647700000,4588200000,2648500000,246200000,0,2159100000,1262300000,4454400000,102500000,100000000,1.16,1.1,0.31,170500000,-214200000,123300000,79600000,355200000,133300000,10.62,11.97,9.26,0.1849,0.0524,6.14,1.78,10.46,1.16,0.2121,0.4766,0.2776,0.027,1.9,0.09,0.9236
2000-09-30,86047604,431459895,5.0142,9428000000,4277200000,6851900000,4510000000,2576100000,0,0,2133300000,1315300000,4088700000,151200000,148700000,1.73,1.63,0.28,86500000,-230600000,201700000,57600000,275600000,133500000,10.41,11.69,9.14,0.189,0.0531,5.97,1.83,10.78,1.1,0.2077,0.5106,0.2732,0.027,1.93,-0.11,0.9484
2000-06-30,85870304,430570878,5.0142,8592700000,3904700000,6140100000,4097800000,2452600000,0,0,2010000000,1232300000,4389300000,133400000,130900000,1.53,1.45,0.28,320700000,-48800000,-282000000,-10100000,234100000,114100000,11.47,12.99,9.95,0.185,0.0519,5.7,2.05,12.56,1.04,0.2127,0.5024,0.2854,0.0254,1.99,0.48,0.9529
2000-03-31,85730637,429870560,5.0142,8781800000,4048000000,6379700000,4334700000,2402100000,0,0,2058400000,1229000000,4358300000,88800000,86400000,1.01,0.95,0.28,211200000,-144500000,-138400000,-71700000,244200000,132900000,11,12.65,9.35,0.1802,0.0498,5.59,2,11.79,0.99,0.2176,0.5116,0.2735,0.0244,1.98,0.18,0.9339
1999-12-31,85438727,428406864,5.0142,8793300000,3987800000,6434000000,4356600000,2359300000,0,0,2081800000,1249100000,4318300000,99000000,96600000,1.13,1.06,0.28,127500000,-126200000,38400000,39700000,315900000,123700000,11.95,14.12,9.77,0.1897,0.0515,5.51,2.25,13.37,0.93,0.2064,0.5294,0.2683,0.0257,1.95,0.01,0.9153
1999-09-30,85404246,428233970,5.0142,8614200000,3848500000,6344200000,4266600000,2270000000,0,0,2096900000,1283300000,4195000000,130500000,124800000,1.47,1.38,0.25,155400000,-139600000,14700000,30500000,276200000,141500000,13.82,14.73,12.91,0.1869,0.0494,5.3,2.67,15.16,0.87,0.2095,0.5653,0.2635,0.0252,1.9,0.03,0.902
1999-06-30,85324777,427835496,5.0142,8300600000,3647500000,6090200000,4060200000,2210400000,0,0,2086200000,1293900000,4191000000,111100000,108600000,1.27,1.19,0.25,239000000,-49700000,-209500000,-20200000,248600000,83300000,13.77,15.29,12.25,0.1985,0.051,5.17,2.75,16.13,0.82,0.2007,0.5854,0.2663,0.0272,1.83,0.36,0.8984
1999-03-31,85191289,427166161,5.0142,8372100000,3597900000,6232000000,4172200000,2140100000,0,0,2126500000,1292300000,3880300000,98300000,95900000,1.13,1.05,0.25,317700000,167000000,-545100000,-60400000,268800000,112000000,12.25,13.08,11.43,0.194,0.0507,5.01,2.51,16.21,0.77,0.2099,0.6039,0.2556,0.0272,1.82,0.48,0.8624
1998-12-31,84889922,425655046,5.0142,8717600000,3900400000,6638300000,4919800000,2079300000,0,0,2166400000,937800000,3873100000,79700000,77300000,0.91,0.86,0.25,299800000,-257000000,152400000,195200000,329200000,102500000,10.13,12.17,8.08,0.1792,0.0479,4.88,2.22,13.99,0.72,0.2326,0.451,0.2385,0.0256,1.82,0.46,0.7928
1998-09-30,84807704,425242789,5.0142,7942100000,3404200000,6000700000,4288400000,1941400000,0,0,2084500000,997500000,3333700000,136000000,133600000,1.57,1.47,0.23,125100000,-491400000,367000000,700000,134000000,152300000,10.02,11.62,8.41,0.1795,0.0498,4.57,2.3,15.95,0.68,0.2371,0.5138,0.2444,0.0261,1.86,-0.06,0.7938
1998-06-30,84688266,424643903,5.0142,6385500000,2808800000,4539400000,2985500000,1846100000,0,0,1532600000,963300000,3189500000,83900000,81500000,0.97,0.9,0.23,223600000,-98600000,-147600000,-22600000,139100000,96600000,11.52,12.34,10.69,0.1615,0.0467,4.35,2.75,18.88,0.63,0.2694,0.5218,0.2891,0.0237,1.91,0.3,0.9408
1998-03-31,84605206,424227423,5.0142,6375600000,2824900000,4596100000,3053400000,1779500000,0,0,1543000000,962600000,3007300000,52500000,50100000,0.59,0.56,0.23,150700000,-125600000,-111500000,-86400000,161700000,107600000,10.46,12.23,8.69,0.161,0.0458,4.19,2.53,16.19,0.58,0.2732,0.5409,0.2791,0.0236,1.88,0.1,0.9252
1997-12-31,84168986,422040129,5.0142,6408500000,2883900000,4660300000,3116000000,1748200000,0,0,1558000000,964800000,3056300000,65300000,63000000,0.75,0.7,0.23,58900000,-87100000,164500000,136300000,248100000,85600000,9.05,9.93,8.18,0.1752,0.0489,4.14,2.26,14.57,0.54,0.2537,0.5519,0.2728,0.0255,1.86,-0.06,0.9255
1997-09-30,84101403,421701254,5.0142,6048600000,2529300000,4360700000,2972700000,1687900000,0,0,1560300000,806400000,2761200000,92900000,90500000,1.06,0.99,0.22,170900000,-135900000,-116400000,-81400000,111800000,127000000,7.9,8.75,7.05,0.1729,0.0465,4,2.03,13.12,0.49,0.2595,0.4778,0.2791,0.025,1.8,0.1,0.8508
1997-06-30,83773063,420054892,5.0142,6072900000,2604100000,4440600000,3105100000,1632300000,0,0,1581300000,819700000,2879300000,74400000,72100000,0.85,0.81,0.215,293400000,-119500000,-150000000,23900000,200500000,90900000,8.48,9.11,7.85,0.1709,0.0465,3.89,2.26,14.34,0.45,0.2646,0.5022,0.2688,0.0242,1.85,0.48,0.8387
1997-03-31,83720343,419790543,5.0142,6092200000,2633200000,4512400000,3266200000,1579800000,0,0,1590300000,666700000,2743600000,68100000,65600000,0.77,0.74,0.215,169500000,468000000,-600300000,37200000,176600000,76300000,7.82,8.51,7.13,0.1729,0.0475,3.76,2.1,14.99,0.4,0.2659,0.422,0.2593,0.0241,1.9,0.22,0.8062
1996-12-31,41615821,417340099,10.0284,6614500000,3085600000,5059400000,3703000000,1555100000,0,0,1626800000,718600000,2761300000,53100000,50800000,1.22,1.15,0.43,-24900000,-1226200000,1225300000,-25800000,139400000,62200000,6.93,7.63,6.23,0.1566,0.0442,3.73,1.91,13.63,0.36,0.2977,0.4621,0.2351,0.0219,1.94,-0.21,0.8333
1996-09-30,41520242,416381594,10.0284,5122600000,2593500000,3614800000,2302200000,1507800000,0,0,602700000,756500000,2677100000,82000000,79600000,1.9,1.79,0.41,131000000,-122200000,-9300000,-500000,164100000,92700000,6.93,7.63,6.23,0.1571,0.0468,3.62,2,14.57,0.32,0.3013,0.5017,0.2943,0.0225,2,0.09,1.1265
1996-06-30,41428528,415461850,10.0284,5098900000,2644600000,3660600000,2358200000,1438300000,0,0,586700000,767300000,2705600000,69300000,66900000,1.6,1.51,0.41,182600000,-85200000,-58200000,39200000,164300000,89900000,7.08,7.49,6.68,0.1511,0.0456,3.46,2.09,15.88,0.28,0.318,0.5335,0.2821,0.022,1.99,0.22,1.1214
1996-03-31,41405870,415234626,10.0284,4950300000,2490800000,3542000000,2235800000,1408300000,0,0,592400000,762100000,2440400000,36400000,34100000,0.82,0.78,0.41,109800000,-93300000,-4100000,12400000,125100000,101200000,6.99,7.54,6.44,0.1447,None,3.39,2.09,15.97,0.24,0.3354,0.5411,0.2845,0.0217,1.96,0.02,1.1141
1995-12-31,41136188,412530147,10.0284,4884600000,2388400000,3505900000,2194700000,1378700000,0,0,606300000,775300000,2186300000,47000000,44600000,1.07,1.02,0.41,44200000,-206600000,171300000,8900000,112700000,69800000,6.36,6.96,5.76,0.1461,None,3.34,1.96,14.94,0.2,0.3371,0.5623,0.2823,0.0222,1.96,-0.06,1.0883
1995-09-30,41120558,412373403,10.0284,4320900000,2063900000,2980700000,1909500000,1340200000,0,0,519100000,630000000,2241300000,67000000,64700000,1.57,1.46,0.39,140200000,-97800000,-50700000,-8300000,103800000,106400000,6.1,6.58,5.62,None,None,3.25,1.93,None,0.16,0.3424,0.4701,0.3102,None,None,0.08,1.0809
1995-06-30,40937566,410538286,10.0284,4302500000,2052500000,3003300000,1922300000,1299200000,0,0,530800000,639600000,2180900000,55300000,52900000,1.28,1.21,0.39,150100000,-115900000,-51800000,-17600000,111600000,107400000,5.43,5.81,5.05,None,None,3.16,1.79,None,0.12,None,0.4923,0.302,None,None,0.1,1.0677
1995-03-31,40825722,409416670,10.0284,4177200000,2004200000,2931800000,1866500000,1245400000,0,0,513000000,631900000,2050500000,32300000,30000000,0.73,0.7,0.39,3800000,-131500000,105900000,-21800000,129200000,115200000,4.9,5.24,4.56,None,None,3.04,1.65,None,0.08,None,0.5074,0.2981,None,None,-0.27,1.0738
1994-12-31,40753781,408695217,10.0284,3896500000,1828700000,2682300000,1596500000,1214200000,0,0,489800000,666000000,1857600000,41200000,38800000,0.95,0.9,0.39,76100000,-106800000,49100000,18400000,151000000,104400000,4.79,5.02,4.57,None,None,2.97,None,None,0.03889,None,0.5485,0.3116,None,None,-0.07,1.1454
