"Quarter end","Shares","Shares split adjusted","Split factor","Assets","Current Assets","Liabilities","Current Liabilities","Shareholders equity","Non-controlling interest","Preferred equity","Goodwill & intangibles","Long-term debt","Revenue","Earnings","Earnings available for common stockholders","EPS basic","EPS diluted","Dividend per share","Cash from operating activities","Cash from investing activities","Cash from financing activities","Cash change during period","Cash at end of period","Capital expenditures","Price","Price high","Price low","ROE","ROA","Book value of equity per share","P/B ratio","P/E ratio","Cumulative dividends per share","Dividend payout ratio","Long-term debt to equity ratio","Equity to assets ratio","Net margin","Asset turnover","Free cash flow per share","Current ratio"
2019-06-30,1383005073,1383005073,1,70591000000,16333000000,34318000000,11773000000,35852000000,421000000,0,24950000000,3200000000,8269000000,492000000,492000000,0.36,0.35,0.5,1108000000,-644000000,-234000000,236000000,1466000000,404000000,41.67,48.88,34.46,0.058,0.0298,25.92,1.6,28.74,24.66,1.3206,0.0893,0.5079,0.0638,0.47,0.51,1.3873
2019-03-31,1385122272,1385122272,1,70321000000,15773000000,33797000000,11697000000,36103000000,421000000,0,33556000000,16449000000,7879000000,421000000,421000000,0.3,0.3,0.5,326000000,-230000000,-297000000,-203000000,1230000000,413000000,40.84,46.35,35.34,0.056,0.029,26.06,1.56,26.69,24.16,1.3611,0.4556,0.5134,0.0619,0.47,-0.06,1.3485
2018-12-31,1382964324,1382964324,1,70507000000,15731000000,33921000000,13486000000,36162000000,424000000,0,33658000000,14644000000,8179000000,539000000,539000000,0.39,0.38,0.5,2331000000,-315000000,-2069000000,-60000000,1433000000,621000000,49.32,63.65,34.99,0.0585,0.0303,26.15,1.87,None,23.66,1.2949,0.405,0.5129,0.0652,0.47,1.24,1.1665
2018-09-30,1384801810,1384801810,1,70046000000,16483000000,33098000000,14600000000,36533000000,415000000,0,34064000000,14159000000,8504000000,644000000,644000000,0.46,0.46,0.5,1827000000,-895000000,-900000000,32000000,1493000000,565000000,64.43,69.61,59.25,-0.0179,-0.0093,26.38,2.44,None,23.16,None,0.3876,0.5216,None,0.46,0.91,1.129
2018-06-30,1384118911,1384118911,1,70156000000,16900000000,33259000000,15066000000,36484000000,413000000,0,34213000000,13865000000,8303000000,430000000,430000000,0.31,0.31,0.5,987000000,-112000000,-1264000000,-404000000,1461000000,520000000,68.73,75.43,62.02,-0.0202,-0.0105,26.36,2.58,None,22.66,None,0.38,0.52,None,0.45,0.34,1.1217
2018-03-31,1385133215,1385133215,1,71478000000,18055000000,34152000000,16195000000,36924000000,402000000,0,34337000000,13526000000,7829000000,525000000,525000000,0.38,0.38,0.5,568000000,282000000,-787000000,66000000,1865000000,454000000,71.51,80.35,62.67,-0.0329,-0.0173,26.66,2.69,None,22.16,None,0.3663,0.5166,None,0.43,0.08,1.1149
2017-12-31,1383932776,1383932776,1,71987000000,18497000000,34726000000,15282000000,36842000000,419000000,0,34472000000,14875000000,8179000000,-2255000000,-2255000000,-1.62,-1.62,0.5,2251000000,-2418000000,278000000,109000000,1799000000,625000000,65.3,69.57,61.02,-0.0385,-0.0203,26.62,2.29,163.25,21.66,None,0.4038,0.5118,None,0.41,1.17,1.2104
2017-09-30,1385261690,1385261690,1,73569000000,19914000000,33559000000,13014000000,39573000000,437000000,0,34653000000,15871000000,7905000000,545000000,545000000,0.39,0.39,0.5,1898000000,221000000,-2342000000,-213000000,1690000000,598000000,66.28,70.01,62.56,0.0136,0.0072,28.57,2.32,473.43,21.16,5.0831,0.4011,0.5379,0.0186,0.39,0.94,1.5302
2017-06-30,1384524170,1384524170,1,74862000000,21273000000,34910000000,13527000000,39520000000,432000000,0,34694000000,16600000000,7462000000,-74000000,-74000000,-0.05,-0.05,0.5,858000000,473000000,-1332000000,1000000,1903000000,503000000,73,80.89,65.1,0.0043,0.0023,28.54,2.5,None,20.66,15.6971,0.42,0.5279,0.0062,0.37,0.26,1.5726
2017-03-31,1389476854,1389476854,1,76175000000,21883000000,35121000000,13776000000,40606000000,448000000,0,34788000000,16538000000,6894000000,279000000,279000000,0.2,0.2,0.5,656000000,-55000000,-1637000000,-1027000000,1902000000,381000000,81.99,87.84,76.14,-0.0459,-0.0242,29.22,2.78,None,20.16,None,0.4073,0.5331,None,0.36,0.2,1.5885
2016-12-31,1391475510,1391475510,1,77956000000,23927000000,36427000000,15059000000,41078000000,451000000,0,34845000000,16463000000,7107000000,-204000000,-204000000,-0.14,-0.14,0.5,2013000000,-32000000,-2389000000,-512000000,2929000000,654000000,82.24,87,77.48,-0.0418,-0.0218,29.52,2.71,None,19.66,None,0.4008,0.5269,None,0.36,0.98,1.5889
2016-09-30,1391308399,1391308399,1,80594000000,26425000000,38020000000,14972000000,42234000000,340000000,0,34794000000,17538000000,7019000000,176000000,176000000,0.13,0.13,0.5,1406000000,186000000,-1116000000,494000000,3441000000,403000000,79.15,83.97,74.33,-0.0641,-0.0334,30.36,2.58,None,19.16,None,0.4153,0.524,None,0.38,0.72,1.765
2016-06-30,1390693530,1390693530,1,81171000000,27195000000,38192000000,14609000000,42610000000,369000000,0,34524000000,18252000000,7164000000,-2160000000,-2160000000,-1.56,-1.56,0.5,1632000000,2735000000,-3510000000,867000000,2947000000,449000000,76.82,81.96,71.69,-0.0445,-0.0239,30.64,2.72,61.46,18.66,None,0.4284,0.5249,None,0.42,0.85,1.8615
2016-03-31,1252334169,1252334169,1,69141000000,27700000000,33479000000,12880000000,35359000000,303000000,0,20200000000,17233000000,6520000000,501000000,501000000,0.4,0.4,0.5,1210000000,-3513000000,1587000000,-713000000,2080000000,549000000,67.88,76.16,59.6,0.0435,0.0241,28.23,2.39,42.16,18.16,1.5755,0.4874,0.5114,0.0503,0.48,0.53,2.1506
2015-12-31,1256367980,1256367980,1,68005000000,26912000000,32100000000,14121000000,35633000000,272000000,0,20174000000,14442000000,7744000000,-1016000000,-1016000000,-0.81,-0.81,0.5,2178000000,-8226000000,5677000000,-379000000,2793000000,627000000,74.5,82.43,66.57,0.0556,0.0317,28.36,2.48,28.11,17.66,1.2193,0.4053,0.524,0.0584,0.54,1.23,1.9058
2015-09-30,1261103708,1261103708,1,63342000000,21532000000,25163000000,14010000000,37941000000,238000000,0,20134000000,7487000000,8473000000,989000000,989000000,0.78,0.78,0.5,2543000000,-710000000,-2192000000,-369000000,3172000000,590000000,77.22,86.69,67.75,0.0896,0.0521,30.09,2.57,22.98,17.16,0.7104,0.1973,0.599,0.084,0.62,1.55,1.5369
2015-06-30,1265449047,1265449047,1,64753000000,22861000000,26568000000,13774000000,37965000000,220000000,0,20050000000,9110000000,9010000000,1124000000,1124000000,0.89,0.88,0.5,2081000000,-79000000,-586000000,1420000000,3541000000,587000000,89.36,95.13,83.6,0.113,0.0656,30,3.01,24.22,16.66,0.527,0.24,0.5863,0.0977,0.67,1.18,1.6597
2015-03-31,1269726824,1269726824,1,65411000000,23394000000,27545000000,14572000000,37656000000,210000000,0,20087000000,8898000000,10248000000,975000000,975000000,0.76,0.76,0.5,1770000000,-1237000000,-1525000000,-1009000000,2121000000,606000000,82.3,89,75.6,0.1232,0.0718,29.66,2.77,19.88,16.16,0.4518,0.2363,0.5757,0.1013,0.71,0.92,1.6054
2014-12-31,1275312404,1275312404,1,66904000000,24694000000,28855000000,14176000000,37850000000,199000000,0,20141000000,10565000000,12641000000,302000000,302000000,0.24,0.23,0.4,3913000000,-2627000000,-1223000000,12000000,3130000000,1210000000,90.44,102.4,78.47,0.1369,0.0806,29.68,2.87,17.49,15.66,0.3796,0.2791,0.5657,0.1119,0.72,2.12,1.742
2014-09-30,1286793905,1286793905,1,68320000000,25473000000,27633000000,12388000000,40505000000,182000000,0,19933000000,11626000000,12645000000,1949000000,1949000000,1.5,1.49,0.4,3087000000,-517000000,-1700000000,851000000,3118000000,980000000,109.53,118.76,100.3,0.1695,0.1007,31.48,3.5,22.08,15.26,0.2882,0.287,0.5929,0.1421,0.71,1.64,2.0563
2014-06-30,1296436308,1296436308,1,68086000000,25414000000,27384000000,12251000000,40536000000,166000000,0,19958000000,11740000000,12055000000,1595000000,1595000000,1.23,1.21,0.4,2584000000,-2810000000,-1265000000,-1485000000,2267000000,922000000,107.39,118.13,96.66,0.1663,0.0983,31.27,3.5,20.19,14.86,0.2823,0.2896,0.5954,0.1403,0.7,1.28,2.0744
2014-03-31,1302192028,1302192028,1,66717000000,25353000000,26537000000,11899000000,40004000000,176000000,0,19545000000,11120000000,11239000000,1592000000,1592000000,1.22,1.21,0.4,1635000000,374000000,-1708000000,280000000,3752000000,864000000,92.11,98.45,85.77,0.1832,0.1078,30.72,3.05,18.24,14.46,0.2469,0.278,0.5996,0.1541,0.7,0.59,2.1307
2013-12-31,1307330369,1307330369,1,67100000000,26225000000,27465000000,13525000000,39469000000,166000000,0,19415000000,10393000000,11906000000,1664000000,1664000000,1.27,1.26,0.31,3850000000,-2874000000,-645000000,323000000,3472000000,1190000000,89.91,94.91,84.91,0.1796,0.1048,30.19,3.13,18.69,14.06,0.2435,0.2633,0.5882,0.1487,0.7,2.03,1.939
2013-09-30,1316954935,1316954935,1,65123000000,25093000000,27092000000,12753000000,37885000000,146000000,0,19355000000,9916000000,11608000000,1714000000,1714000000,1.3,1.28,0.31,2541000000,-1305000000,-678000000,563000000,3149000000,953000000,80.78,89.72,71.84,0.1772,0.1023,28.77,2.9,17.6,13.75,0.2497,0.2617,0.5817,0.1444,0.71,1.21,1.9676
2013-06-30,1323183218,1323183218,1,63251000000,23799000000,26203000000,12454000000,36909000000,139000000,0,19080000000,9098000000,11084000000,2095000000,2095000000,1.57,1.57,0.31,2276000000,-1720000000,-91000000,457000000,2586000000,906000000,73.46,77.84,69.08,0.1736,0.1,27.89,2.74,18.05,13.44,0.2534,0.2465,0.5835,0.1411,0.71,1.04,1.911
2013-03-31,1329450082,1329450082,1,61428000000,23727000000,25647000000,12771000000,35660000000,121000000,0,19314000000,8138000000,10668000000,1259000000,1259000000,0.95,0.94,0.3125,1119000000,-106000000,-785000000,224000000,2129000000,894000000,76.06,82,70.12,0.1586,0.091,26.82,2.91,18.55,13.13,0.2785,0.2282,0.5805,0.1291,0.71,0.17,1.8579
2012-12-31,1328255773,1328255773,1,61547000000,24156000000,26689000000,12368000000,34751000000,107000000,0,19387000000,9509000000,11175000000,1363000000,1363000000,1.03,1.02,0.28,3176000000,-3136000000,6000000,53000000,1905000000,1533000000,71.28,75.7,66.85,0.1637,0.0937,26.16,2.77,17.26,12.82,0.2675,0.2736,0.5646,0.1303,0.72,1.24,1.9531
2012-09-30,1327570132,1327570132,1,59441000000,22951000000,25130000000,11532000000,34204000000,107000000,0,19382000000,9397000000,10608000000,1424000000,1424000000,1.07,1.06,0.27,2097000000,-2004000000,230000000,331000000,1852000000,1081000000,71.33,78.47,64.19,0.1696,0.0972,25.76,2.89,17.74,12.54,0.2582,0.2747,0.5754,0.1321,0.74,0.77,1.9902
2012-06-30,1327028158,1327028158,1,57013000000,21040000000,24046000000,11526000000,32810000000,157000000,0,19520000000,7953000000,9755000000,1402000000,1402000000,1.05,1.05,0.28,683000000,-277000000,-219000000,175000000,1521000000,1120000000,67.66,76.19,59.12,0.1694,0.0967,24.72,2.79,17.13,12.27,0.2598,0.2424,0.5755,0.1303,0.74,-0.33,1.8254
2012-03-31,1333554386,1333554386,1,56366000000,21292000000,23878000000,10802000000,32347000000,141000000,0,19004000000,8439000000,10611000000,1301000000,1301000000,0.98,0.97,0.275,732000000,-745000000,-356000000,-359000000,1346000000,961000000,73.95,80.78,67.12,0.1687,0.0968,24.26,3.15,20.15,11.99,0.2565,0.2609,0.5739,0.1292,0.75,-0.17,1.9711
2011-12-31,1333775406,1333775406,1,55201000000,20539000000,23809000000,10538000000,31263000000,129000000,0,19036000000,9456000000,10974000000,1413000000,1413000000,1.05,1.05,0.25,2425000000,-158000000,-2293000000,-27000000,1705000000,1253000000,66.22,77.65,54.79,0.1586,0.092,23.44,2.82,19.59,11.71,0.2693,0.3025,0.5663,0.1264,0.73,0.88,1.949
2011-09-30,1342125999,1342125999,1,55581000000,21260000000,23958000000,11307000000,31500000000,123000000,0,19045000000,8740000000,10229000000,1301000000,1301000000,0.97,0.95,0.25,1658000000,-1870000000,576000000,354000000,1732000000,1043000000,77.15,95.53,58.77,0.1469,0.0866,23.47,3.27,20.25,11.46,0.2805,0.2775,0.5667,0.1229,0.7,0.46,1.8803
2011-06-30,1349367325,1349367325,1,54019000000,19942000000,21957000000,12376000000,31848000000,214000000,0,18931000000,5745000000,9621000000,1339000000,1339000000,0.99,0.98,0.25,1250000000,-1112000000,-236000000,-97000000,1378000000,950000000,87.28,95,79.55,0.1614,0.0973,23.6,3.77,24.94,11.21,0.2468,0.1804,0.5896,0.1477,0.66,0.22,1.6113
2011-03-31,1356940119,1356940119,1,52372000000,18211000000,20746000000,10399000000,31414000000,212000000,0,19057000000,6422000000,8716000000,944000000,944000000,0.69,0.69,0.25,836000000,-385000000,-747000000,-289000000,1475000000,770000000,87.69,95.64,79.74,0.1602,0.0971,23.15,3.82,26.02,10.96,0.256,0.2044,0.5998,0.1485,0.65,0.05,1.7512
2010-12-31,1360993901,1360993901,1,51767000000,18098000000,20323000000,10865000000,31226000000,218000000,0,19114000000,5517000000,9068000000,1043000000,1043000000,0.76,0.76,0.21,2398000000,-2682000000,933000000,649000000,1764000000,1007000000,72.34,84.11,60.57,0.1684,0.1019,22.94,3.19,22.12,10.71,0.2516,0.1767,0.6032,0.1555,0.66,1.02,1.6657
2010-09-30,1364379732,1364379732,1,49854000000,16446000000,18738000000,10061000000,30898000000,218000000,0,18919000000,4820000000,6845000000,1734000000,1734000000,1.39,1.38,0.21,810000000,442000000,-741000000,511000000,1114000000,824000000,58.31,63.72,52.91,0.1802,0.1078,22.65,3.52,22.96,10.5,0.2584,0.156,0.6198,0.1666,0.65,-0.01,1.6346
2010-06-30,1193236410,1193236410,1,33017000000,12230000000,13133000000,6776000000,19778000000,106000000,0,7214000000,3729000000,5936000000,818000000,818000000,0.69,0.67,0.21,1297000000,-504000000,-834000000,-41000000,229000000,634000000,62.83,73.99,51.67,0.1582,0.0928,16.58,3.86,26.51,10.29,0.327,0.1885,0.599,0.1353,0.69,0.56,1.8049
2010-03-31,1192808544,1192808544,1,32883000000,13065000000,13344000000,6754000000,19428000000,111000000,0,6237000000,4052000000,5598000000,672000000,672000000,0.56,0.56,0.21,989000000,-194000000,-767000000,28000000,271000000,449000000,65.71,72,59.42,0.1499,0.0866,16.29,4.11,25.37,10.08,0.3506,0.2086,0.5908,0.1286,0.67,0.45,1.9344
2009-12-31,1196589089,1196589089,1,33465000000,13650000000,14236000000,7259000000,19120000000,109000000,0,6091000000,4355000000,5744000000,796000000,796000000,0.67,0.66,0.21,1922000000,-1140000000,-733000000,49000000,243000000,676000000,63.55,71.1,56,0.1678,0.0946,15.98,3.94,22.07,9.87,0.3211,0.2278,0.5713,0.138,0.69,1.04,1.8804
2009-09-30,1200764289,1200764289,1,33075000000,13382000000,13612000000,7115000000,19355000000,108000000,0,6109000000,4312000000,5430000000,786000000,786000000,0.65,0.65,0.21,1280000000,-770000000,-533000000,-22000000,194000000,467000000,55.56,63,48.13,0.1926,0.1065,16.12,3.57,15.97,9.66,0.2884,0.2228,0.5852,0.1464,0.73,0.68,1.8808
2009-06-30,1197822535,1197822535,1,32960000000,13655000000,14226000000,7461000000,18627000000,107000000,0,6123000000,4291000000,5528011000,613539000,613539000,0.52,0.5,0.21,1513352000,-896714000,-593386000,24233000,216000000,503687000,51.45,63.78,39.11,0.2386,0.1306,15.55,3.5,12.43,9.45,0.2377,0.2304,0.5651,0.1648,0.79,0.84,1.8302
2009-03-31,1196406796,1196406796,1,32997141000,13934454000,15312348000,7702537000,17611839000,72954000,0,5913418000,4575463000,5999989000,938461000,938461000,0.78,0.78,0.21,550648000,-1217286000,671386000,2767000,191695000,748313000,42.15,49.25,35.05,0.2908,0.1591,14.72,2.99,9.47,9.24,0.1997,0.2598,0.5337,0.1874,0.85,-0.17,1.8091
2008-12-31,1195989819,1195989819,1,31990725000,12893677000,15056433000,8124650000,16862369000,71923000,0,6008982000,3725591000,6868043000,1150140000,1150140000,0.96,0.95,0.21,2006388000,-1394983000,-608196000,1175000,188928000,1170469000,57.53,78,37.07,0.3224,0.1774,14.1,3.87,12.43,9.03,0.1849,0.2209,0.5271,0.2001,0.89,0.7,1.587
2008-09-30,1196168060,1196168060,1,31597676000,13077861000,13726332000,8626237000,17797756000,73588000,0,6156670000,3548376000,7258869000,1526362000,1526362000,1.27,1.25,0.21,2161981000,-1890607000,-268312000,2029000,187753000,907544000,92.74,111.95,73.53,0.3465,0.1915,14.88,6.55,20.75,8.82,0.171,0.1994,0.5633,0.2135,0.9,1.05,1.5161
2008-06-30,1199597272,1199597272,1,29994939000,11897298000,12957270000,7231445000,16976416000,61253000,0,6243198000,4111157000,6746148000,1419995000,1419995000,1.19,1.16,0.21,1599417000,-943502000,-615005000,40631000,185724000,893187000,99.06,110.11,88.02,0.3565,0.1943,14.15,7.49,22.88,8.61,0.1687,0.2422,0.566,0.218,0.89,0.59,1.6452
2008-03-31,1193086947,1193086947,1,28954369000,11645960000,13121266000,7309283000,15782648000,50455000,0,6047768000,4044235000,6289873000,1338304000,1338304000,1.12,1.09,0.21,1193278000,-913463000,-332895000,-52140000,145093000,751776000,87.5,102.71,72.3,0.371,0.1978,13.23,7.05,20.83,8.4,0.1657,0.2562,0.5451,0.2213,0.89,0.37,1.5933
2007-12-31,1197711334,1197711334,1,27853372000,11055383000,12915603000,7504851000,14875888000,61881000,0,6044783000,3731977000,6247713000,1383213000,1383213000,1.17,1.13,0.18,2147668000,-1550256000,-561369000,35223000,197233000,918313000,101.13,114.84,87.42,0.39,0.2021,12.42,8.63,25.35,8.19,0.1622,0.2509,0.5341,0.2224,0.91,1.03,1.4731
2007-09-30,1195867465,1195867465,1,26306514000,10935729000,12288794000,6657709000,14017720000,0,0,5989147000,4090370000,5925662000,1353997000,1353997000,1.13,1.09,0.175,1624729000,-1293515000,-319430000,15455000,162010000,718532000,95,108.75,81.26,0.405,0.2022,11.72,8.82,25.61,8.01,0.1579,0.2918,0.5329,0.22,0.92,0.76,1.6426
2007-06-30,1192062611,1192062611,1,24772762000,10047832000,11934108000,6370820000,12838654000,0,0,5965796000,4044943000,5638762000,1258479000,1258479000,1.06,1.02,0.175,1469755000,-1385072000,-73650000,11235000,146555000,741061000,78.72,89.2,68.25,0.4134,0.199,10.77,8.17,23.29,7.84,0.1565,0.3151,0.5183,0.2135,0.93,0.61,1.5772
2007-03-31,1178564302,1178564302,1,23508784000,9471627000,12148730000,5908161000,11360054000,0,0,5891323000,4619676000,5464405000,1180827000,1180827000,1,0.96,0.175,1016786000,-371453000,-675979000,-30497000,135320000,553460000,63.42,71.17,55.68,0.4119,0.191,9.64,7.17,21.07,7.66,0.1571,0.4067,0.4832,0.2038,0.94,0.39,1.6031
2006-12-31,1178543838,1178543838,1,22832138000,9185662000,12412255000,6454795000,10419883000,0,0,5896432000,4663942000,5349868000,1130616000,1130616000,0.84,0.92,0.13,1657550000,-2307157000,659518000,9696000,165817000,837181000,63.08,69.3,56.85,0.3984,0.1802,8.84,7.74,23.94,7.49,0.1606,0.4476,0.4564,0.1929,0.93,0.7,1.4231
2006-09-30,1178215304,1178215304,1,20736867000,7991981000,11137406000,6243104000,9599461000,0,0,5663241000,3930849000,4954818000,999824000,999824000,0.84,0.81,0.125,1324317000,-544391000,-791566000,-16891000,156121000,602273000,61.64,68.55,54.73,0.3765,0.167,8.15,8.03,27.15,7.36,0.175,0.4095,0.4629,0.181,0.92,0.61,1.2801
2006-06-30,1184036644,1184036644,1,20224367000,7866884000,11130265000,6098962000,9094102000,0,0,5619405000,4137124000,4686775000,856900000,856900000,0.72,0.69,0.125,1234318000,-1816943000,597131000,19695000,173012000,550694000,64.38,74.75,54,0.3466,0.1502,7.68,9.34,32.52,7.23,0.1954,0.4549,0.4497,0.167,0.9,0.58,1.2899
2006-03-31,1179870722,1179870722,1,18541536000,8687603000,9861348000,5337531000,8131413000,548775000,0,3290009000,3635156000,4239017000,722511000,722511000,0.61,0.59,0.125,565224000,-428240000,-174577000,-37637000,153317000,466945000,57.54,65.88,49.2,0.3235,0.136,6.89,8.96,31.62,7.11,0.2156,0.4471,0.4386,0.1563,0.87,0.08,1.6276
2005-12-31,590868693,1181737386,2,18077492000,8553913000,9980725000,5514736000,7591585000,505182000,0,3242394000,3591338000,4023346000,660554000,660554000,1.12,1.09,0.21,None,None,None,7133000,190954000,493525000,45.07,51.49,38.65,0.3142,0.1287,6.42,7.29,29.08,6.98,0.2243,0.4731,0.4199,0.1542,0.83,None,1.5511
2005-09-30,589088349,1178176698,2,17235556000,7772326000,9488974000,4872178000,7276117000,470465000,0,3273787000,3743847000,3698093000,540803000,540803000,0.92,0.89,0.21,816024000,-576585000,-227115000,11326000,183821000,399622000,40.66,43.9,37.42,0.2819,0.1128,6.18,7.08,29.68,6.88,0.2574,0.5145,0.4222,0.1457,0.77,0.35,1.5952
2005-06-30,588301524,1176603048,2,16892618000,7559051000,9692396000,5064475000,6754285000,445937000,0,3281621000,3779437000,3428632000,482201000,482201000,0.82,0.8,0.21,726603000,-433889000,-350575000,-49746000,172495000,383221000,35.77,39.23,32.31,0.2617,0.1018,5.74,6.5,28.28,6.77,0.284,0.5596,0.3998,0.1362,0.75,0.29,1.4926
2005-03-31,589174503,1178349006,2,16402810000,7498822000,9489256000,4705965000,6477258000,436296000,0,3126426000,3946058000,3159111000,523409000,523409000,0.89,0.86,0.21,354014000,-161702000,-192447000,-1262000,222241000,316143000,35.36,39.16,31.57,0.2504,0.0957,5.5,6.81,34.67,6.67,0.2991,0.6092,0.3949,0.1317,0.73,0.03,1.5935
2004-12-31,589258183,1178516366,2,16000777000,7059749000,9467602000,4701200000,6116737000,416438000,0,3135881000,3944180000,2591203000,329772000,329772000,0.57,0.55,0.19,865961000,-725747000,-173224000,22302000,223503000,366945000,32.73,34.95,30.5,0.2072,0.0756,5.19,6.51,36.57,6.56,0.3624,0.6448,0.3823,0.1066,0.71,0.42,1.5017
2004-09-30,588743138,1177486276,2,15655475000,6869677000,9330297000,4777960000,5924556000,400622000,0,3129330000,3738406000,2966370000,318205000,318205000,0.54,0.53,0.1875,389331000,-269273000,-85230000,30995000,201201000,329955000,31.62,33.92,29.32,0.1831,0.0623,5.03,6.36,54.05,6.47,0.414,0.631,0.3784,0.0858,0.73,0.05,1.4378
2004-06-30,590502166,1181004332,2,15734583000,7085343000,9466309000,4913171000,5872286000,395988000,0,3061000000,3747249000,2881375000,355607000,355607000,0.6,0.59,0.1875,411132000,1351030000,-1763535000,12878000,170206000,262391000,29.87,32.35,27.38,0.1205,0.0387,4.97,6.16,77.58,6.38,0.6347,0.6381,0.3732,0.0534,0.72,0.13,1.4421
2004-03-31,589165007,1178330014,2,17336304000,8020548000,11215504000,6199359000,5717684000,403116000,0,3599368000,4221924000,3041217000,220286000,220286000,0.37,0.37,0.1875,179454000,1325879000,-1568427000,-76864000,157328000,208252000,29.83,33.38,26.27,0.079,0.0235,4.85,5.97,90.39,6.28,0.9718,0.7384,0.3298,0.0331,0.71,-0.02,1.2938
2003-12-31,588663848,1177327696,2,20041326000,10369121000,13761707000,6794730000,5881289000,398330000,0,3687573000,6097418000,3593708000,177041000,177041000,0.3,0.3,0.19,849237000,-898712000,147924000,93394000,234192000,334536000,25.43,28.12,22.73,0.067,0.0193,5,5.24,None,6.19,1.1489,1.0367,0.2935,0.0272,0.71,0.44,1.5261
2003-09-30,585444115,1170888230,2,19016922000,7531757000,12937944000,5902811000,5681592000,397386000,0,4964568000,6178820000,3537646000,-55323000,-55323000,-0.09,-0.09,0.1875,532817000,1123743000,-1785205000,-123167000,140798000,236075000,24.15,26.05,22.25,-0.4701,-0.135,4.85,4.94,None,6.09,None,1.0875,0.2988,None,0.7,0.25,1.276
2003-06-30,582613992,1165227984,2,20992706000,9008343000,14744909000,7570612000,5700364000,547433000,0,4970718000,6353471000,3554741000,112122000,112122000,0.19,0.19,0.1875,None,None,None,118459000,263965000,232513000,21.55,25.07,18.04,-0.379,-0.1183,4.89,4.47,None,6,None,1.1146,0.2715,None,0.67,None,1.1899
2003-03-31,582275917,1164551834,2,19243880000,7105140000,13080782000,6126690000,5608212000,554886000,0,4839598000,6145557000,3373002000,149162000,149162000,0.26,0.26,0.1875,91372000,61612000,-174480000,-22604000,145506000,222140000,19.73,21.66,17.81,-0.3297,-0.1117,4.82,4.1,None,5.91,None,1.0958,0.2914,None,0.65,-0.11,1.1597
2002-12-31,582204604,1164409208,2,19435195000,7185440000,13275530000,6450918000,5606138000,553527000,0,4788657000,6028549000,3300513000,-2861339000,-2861339000,-4.93,-4.93,0.19,None,None,None,14279000,168110000,333551000,20.06,23.43,16.7,-0.2968,-0.1069,4.81,2.68,32.1,5.81,None,1.0753,0.2885,None,0.63,None,1.1139
2002-09-30,580660926,1161321852,2,22408368000,7480231000,13057637000,5525844000,8701687000,649044000,0,7378370000,6757090000,3542287000,172837000,172837000,0.3,0.3,0.1875,736892000,-119732000,-619406000,472000,153831000,311625000,20.81,23.7,17.93,0.0853,0.0324,7.49,2.82,32.26,5.72,0.5987,0.7765,0.3883,0.0521,0.62,0.37,1.3537
2002-06-30,577436089,1154872178,2,22848362000,7810687000,13682763000,5712993000,8516266000,649333000,0,7362607000,7170532000,3426737000,196035000,196035000,0.34,0.34,0.1875,333549000,-644178000,332387000,21758000,153359000,352659000,26.55,29.95,23.15,0.089,0.0331,7.37,3.63,67.22,5.62,0.58,0.842,0.3727,0.0532,0.62,-0.02,1.3672
2002-03-31,577100933,1154201866,2,22087959000,7506217000,12994431000,5628958000,8447768000,645760000,0,6962188000,6479414000,3343193000,172472000,172472000,0.3,0.3,0.1875,253995000,-360965000,56920000,-50050000,127654000,368161000,27.89,31.21,24.57,0.0553,0.0204,7.32,3.84,61.98,5.53,0.9443,0.767,0.3825,0.032,0.64,-0.1,1.3335
2001-12-31,576234851,1152469702,2,22326367000,7704890000,13310987000,6217785000,8378481000,636899000,0,7072318000,6215709000,3629448000,184966000,184966000,0.32,0.31,0.19,775977000,-291338000,-533824000,-49185000,177704000,554018000,24.7,28.38,21.02,0.0631,0.0242,7.27,3.44,49.4,5.44,0.8282,0.7419,0.3753,0.0373,0.65,0.19,1.2392
2001-09-30,575720064,1151440128,2,23064036000,8346892000,14160958000,6523265000,8268578000,634500000,0,7121414000,6577515000,3665166000,194648000,194648000,0.34,0.34,0.1875,580036000,-203285000,-370363000,6388000,226889000,508213000,24.44,28.45,20.42,0.0696,0.0284,7.18,3.48,48.4,5.34,0.751,0.7955,0.3585,0.0435,0.65,0.06,1.2796
2001-06-30,573882168,1147764336,2,22687771000,7991952000,13991169000,6352448000,8074406000,622196000,0,6997281000,6616572000,3693987000,-93285000,-93285000,-0.16,-0.16,0.1875,-1621000,-3059702000,3174722000,113399000,220501000,577320000,30.1,34.63,25.57,0.0711,0.0317,7.03,4.11,41.81,5.25,0.7372,0.8195,0.3559,0.0484,0.66,-0.5,1.2581
2001-03-31,573246457,1146492914,2,18222966000,7689593000,9201290000,4707526000,8399265000,622411000,0,1694315000,3775156000,2999463000,235888000,235888000,0.41,0.41,0.1875,213780000,-781259000,513863000,-53616000,107102000,413084000,35.03,41.41,28.65,0.102,0.05,7.33,4.84,55.17,5.15,0.5161,0.4495,0.4609,0.0771,0.65,-0.17,1.6335
2000-12-31,573125405,1146250810,2,17172731000,7493211000,8272202000,3990905000,8295216000,605313000,0,1575710000,3573047000,2862403000,237917000,237917000,0.42,0.41,0.19,628013000,-620912000,8251000,15352000,160718000,293520000,36.88,43.19,30.57,0.0913,0.0461,7.24,5.19,84.78,5.06,0.5851,0.4307,0.483,0.0732,0.63,0.29,1.8776
2000-09-30,572551868,1145103736,2,15722009000,7875251000,7589449000,3460958000,8132560000,0,0,1332483000,3416789000,2536955000,204598000,204598000,0.36,0.35,0.1875,477108000,-447296000,-42826000,-13014000,145366000,351041000,39.38,44.44,34.31,0.0643,0.033,7.1,5.68,102.29,4.96,8.04,0.4201,0.5173,0.057,0.58,0.11,2.2755
2000-06-30,570017871,1140035742,2,15622814000,7861583000,7722856000,3440648000,7899958000,0,0,1358813000,3573545000,2421807000,155923000,155923000,0.27,0.27,0.1875,449999000,-614457000,177247000,12789000,158380000,318348000,37.77,42.13,33.41,0.0557,0.0284,6.93,5.48,103.48,4.87,9.2231,0.4523,0.5057,0.0509,0.56,0.12,2.2849
2000-03-31,569059240,1138118480,2,15172481000,8711894000,7332645000,3330586000,7839836000,0,0,1352945000,3281077000,2213552000,136158000,136158000,0.24,0.24,0.1875,153998000,-146567000,5571000,13002000,145591000,210612000,34.47,42.19,26.75,0.0517,0.0265,6.89,5.06,106.06,4.78,9.8513,0.4185,0.5167,0.0487,0.54,-0.05,2.6157
1999-12-31,566698741,1133397482,2,15081192000,8605968000,7360164000,3474488000,7721028000,0,0,1333681000,3183174000,1735131000,11259000,11259000,0.03,0.01,6.64,529274000,-592507000,-8442000,-71675000,132589000,-199432000,26.77,30.57,22.98,0.0455,0.0233,6.81,3.56,46.56,4.68,11.1025,0.4123,0.512,0.0419,0.56,0.64,2.4769
1999-09-30,549844351,1099688702,2,16359398000,8637996000,8073286000,3716014000,8286112000,0,0,1321744000,3563146000,2311289000,138981000,138981000,0.25,0.25,0.1875,338075000,-676367000,385210000,46918000,204264000,324174000,28.47,31.35,25.59,0.0844,0.0431,7.53,3.83,66.99,1.36,0.5982,0.43,0.5065,0.0668,0.64,0.01,2.3245
1999-06-30,547595000,1095190000,2,15742687000,8566903000,7597897000,3630047000,8144790000,0,0,1269463000,3207040000,2231736000,127287000,127287000,0.23,0.23,0.1875,289315000,-253270000,-11449000,24596000,157346000,312150000,26.91,29.21,24.61,0.0644,0.0327,7.44,3.63,41.08,1.27,0.7903,0.3938,0.5174,0.0474,0.69,-0.02,2.36
1999-03-31,547023775,1094047550,2,15793322000,8478302000,7679985000,3813978000,8113337000,0,0,1262707000,3116999000,2473549000,89167000,89167000,0.16,0.16,0.1875,363901000,-88812000,-247660000,27429000,132750000,355109000,23.89,27.64,20.15,0.0958,0.0495,7.42,3.22,26.11,1.18,0.5346,0.3842,0.5137,0.0647,0.77,0.01,2.223
1998-12-31,546364592,1092729184,2,16077929000,8805224000,7958854000,3918668000,8119075000,0,0,1302678000,3285444000,3292886000,333587000,333587000,0.53,0.51,0.19,855591000,-625805000,-257841000,-28055000,105321000,545584000,21.8,25.84,17.77,0.134,0.0709,7.43,2.99,21.06,1.08,0.3878,0.4047,0.505,0.0845,0.84,0.28,2.247
1998-09-30,545897972,1091795944,2,16160913000,8989642000,8209181000,4004492000,7951732000,0,0,1366522000,3433288000,2981009000,-29475000,-29475000,-0.05,-0.05,0.1875,690113000,-2809645000,2058800000,-60732000,133376000,557428000,25.14,31.02,19.27,0.146,0.0791,7.28,3.46,17.7,0.99,0.3647,0.4318,0.492,0.0904,0.87,0.12,2.2449
1998-06-30,499170039,998340078,2,12725491000,6520080000,5479443000,3672438000,7246048000,0,0,1146923000,1137778000,2889081000,359355000,359355000,0.72,0.69,0.1875,419860000,-447562000,69326000,41624000,163421000,468422000,33.87,38.47,29.27,0.2112,0.1185,7.26,4.86,24.45,0.89,0.2606,0.157,0.5694,0.1259,0.94,-0.05,1.7754
1998-03-31,498800992,997601984,2,12262011000,6235655000,5304571000,3486601000,6957440000,0,0,1156833000,1103479000,2834333000,350732000,350732000,0.7,0.68,0.1875,337583000,-193505000,-138989000,5089000,121797000,315935000,32.68,36.15,29.21,0.213,0.1189,6.97,4.86,27.75,0.8,0.27,0.1586,0.5674,0.1241,0.96,0.02,1.7885
1997-12-31,498287713,996575426,2,12096731000,6071220000,5401807000,3629898000,6694924000,0,0,1167624000,1069056000,2941775000,372679000,372679000,0.75,None,0.19,555554000,-677211000,129140000,7483000,116708000,495312000,41.7,47.22,36.19,0.2083,0.1158,6.72,6.52,39.25,0.71,0.2525,0.1597,0.5534,0.1205,0.96,0.06,1.6726
1997-09-30,497727589,995455178,2,11503447000,5665252000,5136596000,3554537000,6366851000,0,0,1147947000,856627000,2770056000,356569000,356569000,0.72,None,0.1875,531227000,-700032000,140520000,-28285000,109225000,409710000,36.75,42.31,31.19,0.1979,0.1097,6.4,6.04,39.3,0.61,0.2769,0.1345,0.5535,0.1139,0.96,0.12,1.5938
1997-06-30,495043747,990087494,2,10800745000,5492470000,4783529000,3470163000,6017216000,0,0,1175128000,726068000,2622417000,306506000,306506000,0.62,None,0.1875,400379000,-512619000,138426000,26186000,137510000,325428000,28.59,31.63,25.56,0.1838,None,6.08,4.87,34.65,0.52,0.3096,0.1207,0.5571,0.1066,0.96,0.08,1.5828
1997-03-31,246851560,987406240,4,10338466000,5043502000,4541538000,3317681000,5796928000,0,0,1187734000,633813000,2420165000,259943000,259943000,0.53,None,0.1875,220833000,-170186000,-76582000,-25935000,111324000,265530000,26.8,29.09,24.5,0.1704,None,5.87,4.7,30.89,0.42,0.3448,0.1093,0.5607,0.1001,0.95,-0.05,1.5202
1996-12-31,246738929,986955716,4,10325051000,5042617000,4698671000,3474410000,5626380000,0,0,1225335000,637203000,2533665000,255063000,255063000,1.04,None,0.38,570173000,-610304000,81258000,41127000,137259000,389721000,24.06,27.06,21.06,None,None,5.7,4.37,None,0.38,0.4342,0.1133,0.5449,None,None,0.18,1.4514
1996-09-30,246288129,985152516,4,9772739000,4748023000,4350184000,3164421000,5422555000,0,0,1176300000,613613000,2279945000,228835000,228835000,0.93,None,0.375,408987000,-361986000,-35513000,11488000,96132000,268752000,21.06,22.28,19.84,None,None,5.5,3.94,None,0.28,None,0.1132,0.5549,None,None,0.14,1.5004
1996-06-30,244966036,979864144,4,9207136000,4379460000,3975212000,2839599000,5231924000,0,0,1294555000,577051000,2166857000,196718000,196718000,0.8,None,0.375,263915000,-332355000,61596000,-6844000,84644000,280248000,21.44,22.84,20.03,None,None,5.34,4.12,None,0.19,None,0.1103,0.5682,None,None,-0.02,1.5423
1996-03-31,244641500,978566000,4,8958121000,4094591000,3870316000,2739850000,5087805000,0,0,1308611000,568475000,2045198000,170867000,170867000,0.7,None,0.375,159063000,-87854000,-52236000,18973000,91488000,219236000,18.25,20.16,16.34,None,None,5.2,None,None,0.09375,None,0.1117,0.568,None,None,-0.06,1.4945
