"Quarter end","Shares","Shares split adjusted","Split factor","Assets","Current Assets","Liabilities","Current Liabilities","Shareholders equity","Non-controlling interest","Preferred equity","Goodwill & intangibles","Long-term debt","Revenue","Earnings","Earnings available for common stockholders","EPS basic","EPS diluted","Dividend per share","Cash from operating activities","Cash from investing activities","Cash from financing activities","Cash change during period","Cash at end of period","Capital expenditures","Price","Price high","Price low","ROE","ROA","Book value of equity per share","P/B ratio","P/E ratio","Cumulative dividends per share","Dividend payout ratio","Long-term debt to equity ratio","Equity to assets ratio","Net margin","Asset turnover","Free cash flow per share","Current ratio"
2019-05-03,258322808,258322808,1,21304284000,4583769000,14731615000,3956716000,6572669000,0,0,5538753000,2732660000,6623185000,385013000,385013000,1.49,1.48,0.32,574195000,-144304000,-394267000,35624000,271111000,144304000,117.79,126.84,108.74,0.2503,0.1063,25.44,4.76,19.76,4.4,0.1933,0.4158,0.3085,0.0616,1.73,1.66,1.1585
2019-02-01,259518801,259518801,1,13204038000,4663020000,6786645000,3015857000,6417393000,0,0,5538806000,2864690000,6649809000,483241000,483241000,1.84,1.82,0.29,629433000,-182522000,-472112000,-25201000,235487000,182522000,108.27,118.45,98.08,0.2504,0.1228,24.73,4.48,16.04,4.08,0.1926,0.4464,0.486,0.062,1.98,1.72,1.5462
2018-11-02,262884331,262884331,1,13121021000,4630344000,6765133000,2982182000,6355888000,0,0,5538859000,2902439000,6417462000,334142000,334142000,1.26,1.26,0.29,416828000,-179462000,-241966000,-4600000,260688000,179462000,106.27,114.66,97.88,0.2898,0.1424,24.18,4.42,16.55,3.79,0.1654,0.4567,0.4844,0.0724,1.97,0.9,1.5527
2018-08-03,265534401,265534401,1,12943949000,4517826000,6565007000,2915544000,6378942000,0,0,5538911000,2776811000,6443309000,407237000,407237000,1.53,1.52,0.29,548641000,-205620000,-361703000,-18682000,265288000,205620000,94.03,101.18,86.87,0.2837,0.138,24.02,4.03,15.72,3.5,0.1699,0.4353,0.4928,0.0706,1.95,1.29,1.5496
2018-05-04,267557504,267557504,1,12493230000,4166036000,6256912000,2525332000,6236318000,0,0,5538964000,2862497000,6114463000,364852000,364852000,1.36,1.36,0.29,548648000,-163999000,-368120000,16529000,283970000,163999000,93.37,101.2,85.54,0.2731,0.1312,23.31,4.1,16.55,3.21,0.178,0.459,0.4992,0.0677,1.94,1.44,1.6497
2018-02-02,268741400,268741400,1,12516911000,4247852000,6391137000,2964878000,6125774000,0,0,5539017000,2604613000,6129431000,712155000,712155000,2.62,2.61,0.26,659228000,-157417000,-460562000,41249000,267441000,157417000,92.81,105.82,79.79,0.2666,0.1261,22.79,4.39,20.53,2.92,0.1838,0.4252,0.4894,0.0656,1.92,1.87,1.4327
2017-11-03,271563597,271563597,1,12374756000,4153334000,6630601000,2937806000,5744155000,0,0,5539070000,2719568000,5903606000,252533000,252533000,0.93,0.93,0.26,356650000,-173904000,-170727000,12019000,226192000,173904000,77.69,85.07,70.3,0.2219,0.1035,21.15,3.73,17.54,2.66,0.227,0.4734,0.4642,0.0531,1.95,0.67,1.4138
2017-08-04,273259005,273259005,1,12120824000,3979991000,6433729000,2806755000,5687095000,0,0,5539126000,2683105000,5828305000,294783000,294783000,1.08,1.08,0.26,275768000,-170319000,-97253000,8196000,214173000,170319000,72.63,79.28,65.97,0.2227,0.103,20.81,3.6,16.4,2.4,0.229,0.4718,0.4692,0.0538,1.92,0.39,1.418
2017-05-05,274225125,274225125,1,11796355000,3748949000,6267474000,2692041000,5528881000,0,0,5539186000,2632090000,5609625000,279489000,279489000,1.02,1.02,0.26,510462000,-143388000,-349012000,18062000,205977000,143388000,73.64,79.35,67.94,0.2276,0.1051,20.16,3.75,16.59,2.14,0.2263,0.4761,0.4687,0.0553,1.9,1.34,1.3926
2017-02-03,275095294,275095294,1,11672298000,3677771000,6266004000,2622805000,5406294000,0,0,5539248000,2710576000,6009246000,414176000,414176000,1.51,1.49,0.25,480627000,-149370000,-343578000,-12321000,187915000,149370000,74.36,80.67,68.04,0.232,0.1076,19.65,3.83,17.46,1.88,0.2232,0.5014,0.4632,0.0569,1.89,1.2,1.4022
2016-10-28,276264260,276264260,1,11917076000,3968512000,6555224000,2959739000,5361852000,0,0,5539323000,2673210000,5320029000,235315000,235315000,0.84,0.84,0.25,331080000,-136180000,-179697000,15203000,200236000,136180000,80.63,94.75,66.5,0.2253,0.1052,19.41,4.2,18.84,1.63,0.2254,0.4986,0.4499,0.0571,1.84,0.71,1.3408
2016-07-29,281744265,281744265,1,11617370000,3708051000,6204009000,2719406000,5413361000,0,0,5539405000,2556464000,5391891000,306518000,306518000,1.08,1.08,0.25,389381000,-166741000,-225294000,-2654000,185033000,166741000,87.89,96.88,78.91,0.2288,0.1083,19.21,4.63,21.18,1.38,0.218,0.4723,0.466,0.0586,1.85,0.79,1.3636
2016-04-29,283778285,283778285,1,11316384000,3477346000,5928001000,2011594000,5388383000,0,0,5539493000,2989663000,5265432000,295124000,295124000,1.03,1.03,0.25,403953000,-98645000,-275568000,29740000,187687000,98645000,77.35,86.8,67.9,0.2243,0.1071,18.99,4.12,19.53,1.13,0.2177,0.5548,0.4762,0.0583,1.84,1.08,1.7287
2016-01-29,286468872,286468872,1,11257885000,3432410000,5880009000,1995596000,5377876000,0,0,5539583000,2969175000,5286938000,376175000,376175000,1.31,1.31,0.22,597445000,-117310000,-504702000,-24567000,157947000,117310000,67.44,75.14,59.75,0.2165,0.1043,18.77,3.67,17.7,0.88,0.2208,0.5521,0.4777,0.0572,1.82,1.68,1.72
2015-10-30,290934510,290934510,1,11288293000,3488775000,5944700000,1991583000,5343593000,0,0,5539699000,3105332000,5067048000,253321000,253321000,0.87,0.86,0.22,223491000,-139279000,-82223000,1989000,182514000,139279000,72.91,81.15,64.66,0.2094,0.1025,18.37,3.96,19.55,0.66,0.1697,0.5811,0.4734,0.0572,1.79,0.29,1.7518
2015-07-31,294659578,294659578,1,11195195000,3424847000,5776261000,2154763000,5418934000,0,0,5539830000,2761794000,5095904000,282349000,282349000,0.95,0.95,0.22,213159000,-147028000,-110722000,-44591000,180525000,147028000,76.43,81.42,71.44,0.2063,0.1019,18.39,4.22,21.17,0.44,0.1155,0.5097,0.484,0.0573,1.78,0.22,1.5894
2015-05-01,297108500,297108500,1,10956550000,3244900000,5570692000,2072939000,5385858000,0,0,5540017000,2614005000,4918672000,253235000,253235000,0.84,0.84,0.22,343893000,-99766000,-598834000,-354707000,225116000,99766000,71.42,76.99,65.86,0.2036,0.0999,18.13,3.79,20.46,0.22,0.0596,0.4853,0.4916,0.0568,1.76,0.82,1.5654
2015-01-30,303415449,303415449,1,11224104000,3532609000,5514066000,1987740000,5710038000,0,0,5540459000,2639427000,4939059000,355371000,355371000,1.17,1.16,0,474197000,-84750000,-25779000,363668000,579823000,84750000,67.14,71.78,62.5,0.2031,0.0979,18.82,3.81,20.1,0,0,0.4622,0.5087,0.0563,1.74,1.28,1.7772
2014-10-31,303425920,303425920,1,10877372000,3179132000,5533735000,2010846000,5343637000,0,0,5541240000,2666022000,4724409000,236316000,236316000,0.78,0.78,0,353623000,-96227000,-213715000,43681000,216155000,96227000,60.29,65.1,55.48,0.1997,0.0956,17.61,3.59,18.27,0,0,0.4989,0.4913,0.0559,1.71,0.85,1.581
2014-08-01,303397106,303397106,1,10825794000,3140631000,5729801000,1969418000,5095993000,0,0,5542493000,2881217000,4724039000,251260000,251260000,0.83,0.83,0,235464000,-106737000,-122583000,6144000,172474000,106737000,59.49,65.99,53,0.2006,0.096,16.8,3.73,18.48,0,0,0.5654,0.4707,0.057,1.68,0.42,1.5947
2014-05-02,303303655,303303655,1,10601884000,2943346000,5769657000,1863318000,4832227000,0,0,5544187000,3006404000,4522081000,222398000,222398000,0.72,0.72,0,251460000,-83985000,-506711000,-339236000,166330000,83985000,57.8,61.18,54.43,0.1981,0.0957,15.93,3.35,18.23,0,0,0.6222,0.4558,0.0577,1.66,0.55,1.5796
2014-01-31,313596983,313596983,1,10867524000,3205607000,5465331000,1811971000,5402193000,0,0,5546234000,2742788000,4493945000,322173000,322173000,1,1.01,0,452490000,193050000,-305691000,339849000,505566000,-193050000,59,62.93,55.08,0.1944,0.0957,17.23,3.58,18.85,0,0,0.5077,0.4971,0.0586,1.63,2.06,1.7691
2013-11-01,320255172,320255172,1,10775974000,2904302000,5501020000,1753049000,5274954000,0,0,5548666000,2873967000,4381838000,237385000,237385000,0.74,0.74,0,276460000,-134760000,-145203000,-3503000,165717000,134760000,56.13,59.87,52.4,0.1975,0.0964,16.47,3.47,18.65,0,0,0.5448,0.4895,0.0593,1.63,0.44,1.6567
2013-08-02,323608057,323608057,1,10699630000,2864743000,5468154000,1740190000,5231476000,0,0,5551410000,2845138000,4394651000,245475000,245475000,0.76,0.75,0,336889000,-158691000,-164504000,13694000,169220000,158691000,52.22,55.82,48.61,0.1968,0.0947,16.17,3.3,18.01,0,0,0.5438,0.4889,0.059,1.61,0.55,1.6462
2013-05-03,327395122,327395122,1,10493697000,2724476000,5314798000,1600402000,5178899000,0,0,5554588000,2835303000,4233733000,220083000,220083000,0.67,0.67,0,147226000,-149577000,17068000,14717000,155526000,149577000,48.17,53,43.35,0.1947,0.0931,15.82,3.16,16.84,0,0,0.5475,0.4935,0.0587,1.59,-0.01,1.7024
2013-02-01,327091344,327091344,1,10367682000,2677113000,5382352000,1738547000,4985330000,0,0,5558132000,2771336000,4207621000,317422000,317422000,0.97,0.97,0,440466000,-117354000,-324883000,-1771000,140809000,117354000,45.27,50.8,39.73,0.1993,0.0941,15.24,3.14,16.52,0,0,0.5559,0.4809,0.0595,1.58,0.99,1.5399
2012-11-02,328712549,328712549,1,10273677000,2618192000,5538815000,1633839000,4734862000,0,0,5561996000,3023367000,3964647000,207685000,207685000,0.62,0.62,0,317394000,-148920000,-160051000,8423000,142580000,148920000,49.47,53.36,45.58,0.1973,0.0932,14.4,3.43,18.88,0,0,0.6385,0.4609,0.058,1.61,0.51,1.6025
2012-08-03,333695858,333695858,1,10103474000,2514444000,5293064000,1526683000,4810410000,0,0,5566088000,2887251000,3948655000,214140000,214140000,0.64,0.64,0,180853000,-157824000,-21402000,1627000,134157000,157824000,50.7,56.04,45.37,0.1914,0.0907,14.42,3.67,21.13,0,0,0.6002,0.4761,0.057,1.59,0.07,1.647
2012-05-04,332326972,332326972,1,9770208000,2273735000,5178776000,1411253000,4591432000,0,0,5570455000,2880920000,3901205000,213415000,213415000,0.64,0.63,0,192639000,-145738000,-40497000,6404000,132530000,145738000,44.98,48.76,41.2,0.181,0.085,13.82,3.26,20.26,0,0,0.6275,0.4699,0.054,1.58,0.14,1.6111
2012-02-03,338091175,338091175,1,9688520000,2275074000,5020025000,1509902000,4668495000,0,0,5574543000,2617891000,4185073000,292510000,292510000,0.86,0.85,0,445981000,-151465000,-286970000,7546000,126126000,151465000,40.7,43.07,38.32,0.1721,0.0793,13.81,3.06,20.15,0,0,0.5608,0.4819,0.0518,1.53,0.87,1.5068
2011-10-28,342263844,342263844,1,9735882000,2392855000,5181870000,1572221000,4554012000,0,0,5579322000,2721061000,3595224000,171164000,171164000,0.5,0.5,0,206060000,-144720000,-55810000,5530000,118580000,144720000,35.27,40.71,29.84,0.162,0.0723,13.31,2.75,18.66,0,0,0.5975,0.4678,0.0494,1.46,0.18,1.522
2011-07-29,341532297,341532297,1,9529103000,2272781000,5155539000,1526951000,4373564000,0,0,5584362000,2779408000,3575194000,146042000,146042000,0.43,0.42,0,174867000,-126059000,-538221000,-489413000,113050000,126059000,33.09,35.09,31.1,0.1588,0.0686,12.81,2.68,17.6,0,0,0.6355,0.459,0.0476,1.44,0.14,1.4884
2011-04-29,341535481,341535481,1,9714864000,2506897000,5495208000,1387230000,4219656000,0,0,5589878000,3262597000,3451697000,156969000,156969000,0.46,0.45,0,223572000,-91591000,-26964000,105017000,602463000,91591000,30.11,33.58,26.65,0.1645,None,12.35,2.54,16.54,0,0,0.7732,0.4344,0.0485,1.42,0.39,1.8071
2011-01-28,341521858,341521858,1,9546222000,2367825000,5482590000,1365373000,4054479000,9153000,0,5595511000,3287070000,3486104000,222546000,222546000,0.65,0.65,0,426062000,-160572000,-5950000,259540000,497446000,-9076000,30.51,33.73,27.29,0.1664,None,11.87,2.73,None,0,0,0.8107,0.4247,0.0482,1.41,1.27,1.7342
2010-10-29,341101600,341101600,1,9349574000,2272758000,5517401000,1410315000,3817390000,14783000,0,5601423000,3286907000,3223427000,128120000,128120000,0.38,0.37,0,123739000,-95861000,-71393000,-43515000,237906000,95861000,28.42,30.2,26.64,None,None,11.19,2.63,None,0,None,0.861,0.4083,None,None,0.08,1.6115
2010-07-30,341038564,341038564,1,9179474000,2134684000,5481703000,1319160000,3682844000,14927000,0,5607579000,3350807000,3214155000,141195000,141195000,0.41,0.41,0,187910000,-71774000,-57424000,58712000,281421000,71774000,29.01,31.41,26.61,None,None,10.8,2.8,None,0,None,0.9098,0.4012,None,None,0.34,1.6182
2010-04-30,341004089,341004089,1,8977076000,1938578000,5423926000,1206040000,3536526000,16624000,0,5614762000,3399887000,3111314000,135996000,135996000,0.4,0.39,0,86973000,-90740000,4400000,633000,222709000,90740000,25.61,29.91,21.3,None,None,10.37,2.57,None,0,None,0.9614,0.394,None,None,-0.01,1.6074
2010-01-29,340816996,340816996,1,8863519000,1845449000,5454735000,1206500000,3390298000,18486000,0,5622872000,3399715000,None,None,None,None,None,0,None,None,None,None,222076000,0,None,None,None,None,None,9.95,None,None,0,None,1.0028,0.3825,None,None,None,1.5296
