"Quarter end","Shares","Shares split adjusted","Split factor","Assets","Current Assets","Liabilities","Current Liabilities","Shareholders equity","Non-controlling interest","Preferred equity","Goodwill & intangibles","Long-term debt","Revenue","Earnings","Earnings available for common stockholders","EPS basic","EPS diluted","Dividend per share","Cash from operating activities","Cash from investing activities","Cash from financing activities","Cash change during period","Cash at end of period","Capital expenditures","Price","Price high","Price low","ROE","ROA","Book value of equity per share","P/B ratio","P/E ratio","Cumulative dividends per share","Dividend payout ratio","Long-term debt to equity ratio","Equity to assets ratio","Net margin","Asset turnover","Free cash flow per share","Current ratio"
2019-05-31,359345511,359345511,1,8676000000,5677700000,6056500000,4845000000,2619500000,0,0,2181700000,796400000,980400000,230400000,230400000,0.64,0.64,0.62,248700000,-1089700000,-1929300000,-2770300000,935200000,37600000,81.42,87.75,75.1,0.4126,0.125,7.29,11.26,28.57,22.45,0.7988,0.304,0.3019,0.2742,0.46,0.59,1.1719
2019-02-28,359392757,359392757,1,10363000000,7292000000,7765000000,6549700000,2598000000,0,0,2202400000,800000000,1070400000,324600000,324600000,0.9,0.9,0.56,525600000,-1577400000,2304400000,1252600000,3705500000,29700000,69.19,77.05,61.32,0.4378,0.1296,7.23,10.25,25.91,21.83,0.7792,0.3079,0.2507,0.2819,0.46,1.38,1.1133
2018-11-30,359091176,359091176,1,7002400000,5290000000,4577900000,4306800000,2424500000,0,0,938600000,0,858900000,235800000,235800000,0.66,0.65,0.56,223500000,120300000,-273300000,70500000,510600000,36600000,69.45,76.02,62.89,0.4361,0.1366,6.75,10.44,26.51,21.27,0.8085,0,0.3462,0.2799,0.49,0.52,1.2283
2018-08-31,359081940,359081940,1,7050000000,5076200000,4663000000,4397400000,2387000000,0,0,948800000,0,862800000,243600000,243600000,0.68,0.67,0.56,273700000,918500000,-1110300000,81900000,440100000,25200000,69.67,73.4,65.93,0.4508,0.1308,6.65,12.35,27,20.71,0.8018,0,0.3386,0.2771,0.47,0.69,1.1544
2018-05-31,358999129,358999129,1,7463700000,5784400000,5439200000,5287200000,2024500000,0,0,955400000,0,871100000,228500000,228500000,0.65,0.63,0.56,287500000,-703400000,450200000,34300000,358200000,65100000,63.41,67.46,59.36,0.4679,0.1261,5.64,11.14,25.57,20.15,0.7923,0,0.2712,0.2762,0.46,0.62,1.094
2018-02-28,359275368,359275368,1,6842800000,5048700000,4797300000,4623700000,2045500000,0,0,932500000,0,866500000,260400000,260400000,0.72,0.72,0.5,469500000,775500000,-1178300000,66700000,323900000,29100000,67.45,73.1,61.8,0.4552,0.1243,5.69,12.31,29.07,19.59,0.7818,0,0.2989,0.2722,0.46,1.23,1.0919
2017-11-30,359185462,359185462,1,7684600000,5993000000,5715700000,5501700000,1968900000,0,0,775500000,0,826500000,217000000,217000000,0.6,0.6,0.5,175800000,-40100000,-112900000,22800000,257200000,81200000,62.16,67.88,56.43,0.4341,0.1145,5.48,11.49,27.26,19.09,0.8185,0,0.2562,0.2602,0.44,0.26,1.0893
2017-08-31,358994637,358994637,1,7619500000,5973500000,5675700000,5455700000,1943800000,0,0,777200000,0,816800000,227800000,227800000,0.63,0.63,0.5,343600000,-711000000,417200000,49800000,234400000,18400000,57.89,61.57,54.2,0.435,0.1202,5.41,10.64,25.73,18.59,0.8157,0,0.2551,0.2601,0.46,0.91,1.0949
2017-05-31,359395731,359395731,1,6833700000,5272000000,4878400000,4725100000,1955300000,0,0,714700000,0,798600000,195300000,195300000,0.55,0.53,0.46,191100000,522500000,-718900000,-5300000,184600000,27700000,59.8,63.03,56.57,0.427,0.1257,5.44,11.33,27.06,18.09,0.81,0,0.2861,0.2594,0.48,0.45,1.1157
2017-02-28,359248385,359248385,1,7310300000,5751800000,5413600000,5273700000,1896700000,0,0,719100000,0,795800000,202500000,202500000,0.56,0.56,0.46,355900000,-1645000000,1314000000,24900000,189900000,23800000,59.63,62.18,57.07,0.4204,0.1249,5.28,11.78,27.73,17.63,0.81,0,0.2595,0.2575,0.48,0.92,1.0907
2016-11-30,358843180,358843180,1,5776100000,4215700000,3960500000,3784100000,1815600000,0,0,722300000,0,771400000,202100000,202100000,0.56,0.56,0.46,118700000,317600000,-401300000,35000000,165000000,31100000,57.2,61.62,52.78,0.41,0.1226,5.06,10.4,27.11,17.17,0.815,0,0.3143,0.254,0.48,0.24,1.1141
2016-08-31,361651474,361651474,1,6096900000,4521000000,4108800000,3913200000,1988100000,0,0,722100000,0,785500000,217400000,217400000,0.6,0.6,0.46,294700000,380300000,-676500000,-1500000,130000000,20300000,57.72,61.87,53.57,0.401,0.1194,5.5,10.89,27.62,16.71,0.8112,0,0.3261,0.2538,0.47,0.76,1.1553
2016-05-31,360532001,360532001,1,6440800000,4863600000,4529100000,4365900000,1911700000,0,0,726600000,0,753900000,178100000,178100000,0.5,0.49,0.42,227000000,500500000,-849100000,-121600000,131500000,29400000,52.82,54.58,51.06,0.4072,0.1187,5.3,10.16,25.89,16.25,0.8003,0,0.2968,0.2564,0.46,0.55,1.114
2016-02-29,360121054,360121054,1,7067500000,5503600000,5193400000,5039200000,1874100000,0,0,729700000,0,752600000,180400000,180400000,0.5,0.5,0.42,371300000,-1312300000,781800000,-159200000,253100000,23900000,50.27,54.78,45.76,0.4049,0.1158,5.2,9.76,25.14,15.83,0.7995,0,0.2652,0.256,0.45,0.96,1.0922
2015-11-30,360946213,360946213,1,6016800000,4602500000,4158500000,4009900000,1858300000,0,0,592800000,0,722400000,189200000,189200000,0.52,0.52,0.42,141600000,-11200000,-174000000,-43600000,412300000,28700000,48.86,54.54,43.19,0.399,0.1129,5.15,9.83,25.06,15.41,0.7934,0,0.3089,0.2565,0.44,0.31,1.1478
2015-08-31,360539944,360539944,1,5983000000,4588200000,4192200000,4046400000,1790800000,0,0,594500000,0,723000000,209100000,209100000,0.58,0.58,0.42,278300000,759900000,-752300000,285900000,455900000,24700000,45.69,49.79,41.59,0.3915,0.1093,4.97,9.25,24.83,14.99,0.7924,0,0.2993,0.2549,0.43,0.7,1.1339
2015-05-31,361206331,361206331,1,6482500000,5103200000,4697000000,4573000000,1785500000,0,0,593900000,0,692200000,161200000,161200000,0.44,0.44,0.38,202400000,742200000,-1039900000,-95300000,170000000,31900000,49.86,51.72,48,0.371,0.1023,4.94,9.68,27.7,14.57,0.8166,0,0.2754,0.2463,0.42,0.47,1.1159
2015-02-28,363228330,363228330,1,7344200000,5957400000,5472200000,5348000000,1872000000,0,0,599400000,0,704300000,169400000,169400000,0.47,0.46,0.38,288100000,-1081900000,918700000,124900000,265300000,27000000,47.36,50.19,44.52,0.363,0.1004,5.15,9.38,26.61,14.19,0.8202,0,0.2549,0.2455,0.41,0.72,1.1139
2014-11-30,363147285,363147285,1,6274500000,4859900000,4440200000,4279300000,1834300000,0,0,602600000,0,676300000,173000000,173000000,0.48,0.47,0.38,141600000,-304200000,-159600000,-322200000,140400000,20800000,44.9,48.2,41.59,0.362,0.1,5.05,9.13,25.8,13.81,0.8154,0,0.2923,0.2483,0.4,0.33,1.1357
2014-08-31,362827665,362827665,1,6286600000,4872000000,4501000000,4344000000,1785600000,0,0,606000000,0,666800000,171300000,171300000,0.47,0.47,0.38,263100000,358900000,-311900000,310100000,462600000,26400000,41.38,42.66,40.1,0.3577,0.0988,4.92,8.46,24.2,13.43,0.8172,0,0.284,0.2491,0.4,0.65,1.1215
2014-05-31,363099317,363099317,1,6370100000,5011400000,4593100000,4438900000,1777000000,0,0,580900000,0,639000000,145900000,145900000,0.4,0.4,0.35,175100000,578100000,-872000000,-118800000,152500000,25500000,41.68,43.56,39.8,0.3548,0.0985,4.89,8.47,25.26,13.05,0.8122,0,0.279,0.2516,0.39,0.41,1.129
2014-02-28,363739087,363739087,1,7069400000,5719300000,5281200000,5138900000,1788200000,0,0,580500000,0,636500000,160100000,160100000,0.44,0.44,0.35,305600000,-1088500000,841200000,58300000,271300000,17300000,42.91,45.95,39.86,0.3423,0.0957,4.92,8.88,26.65,12.7,0.6323,0,0.2529,0.248,0.39,0.79,1.1129
2013-11-30,364212329,364212329,1,6019400000,4663800000,4259000000,4119100000,1760400000,0,0,583600000,0,610500000,158700000,158700000,0.43,0.43,0.35,133500000,163500000,-195600000,101400000,213000000,26800000,40.41,44.01,36.8,0.3423,0.0917,4.83,8.44,25.42,12.35,0.8405,0,0.2925,0.2459,0.37,0.29,1.1322
2013-08-31,365196117,365196117,1,6031200000,4698300000,4282800000,4150400000,1748400000,0,0,576000000,0,607900000,162800000,162800000,0.45,0.44,0.35,266700000,30800000,-293200000,4300000,111600000,25800000,38.3,40.84,35.75,0.3391,0.091,4.79,7.9,24.39,12,0.8433,0,0.2899,0.2456,0.37,0.66,1.132
2013-05-31,365531897,365531897,1,6163700000,4832600000,4390000000,4268200000,1773700000,0,0,579100000,0,585300000,123500000,123500000,0.34,0.34,0,68900000,1357300000,-1419300000,6900000,107300000,24500000,35.69,38.66,32.73,0.338,0.0907,4.85,8.09,22.73,11.65,0.8374,0,0.2878,0.2446,0.37,0.12,1.1322
2013-02-28,363897991,363897991,1,7507500000,6319600000,5901600000,5756500000,1605900000,0,0,583800000,0,593300000,144500000,144500000,0.4,0.4,0.66,280400000,-1913200000,1610600000,-22200000,100400000,24300000,32.3,34.06,30.55,0.3466,0.0895,4.41,6.92,20.97,11.65,1.0418,0,0.2139,0.2481,0.36,0.7,1.0978
2012-11-30,363716410,363716410,1,5724200000,4268800000,4026000000,3888600000,1698200000,0,0,564400000,0,569400000,147900000,147900000,0.41,0.41,0.33,108300000,-34300000,-100400000,-26400000,122600000,32900000,32.98,34.7,31.27,0.3416,0.0932,4.67,7.25,21.7,10.99,0.8369,0,0.2967,0.2467,0.38,0.21,1.0978
2012-08-31,363456487,363456487,1,5710900000,4300400000,4055500000,3919700000,1655400000,0,0,568700000,0,578200000,153100000,153100000,0.42,0.42,0.32,217700000,771900000,-949400000,40200000,149000000,22100000,31.28,33.44,29.12,0.3444,0.0951,4.55,7.08,20.72,10.66,0.841,0,0.2899,0.246,0.39,0.54,1.0971
2012-05-31,362758777,362758777,1,6479600000,5075900000,4875100000,4745700000,1604500000,0,0,573200000,0,551500000,123300000,123300000,0.34,0.34,0.32,144000000,-453100000,271400000,-37700000,108800000,27500000,30.68,32.24,29.12,0.3481,0.0974,4.42,6.97,20.45,10.34,0.8402,0,0.2476,0.2458,0.4,0.32,1.0696
2012-02-29,362544307,362544307,1,6094900000,4872200000,4499500000,4372400000,1595400000,0,0,579300000,0,569500000,135400000,135400000,0.37,0.37,0.32,265400000,-1226000000,1011000000,50400000,146500000,18300000,30.74,32.73,28.76,0.3513,0.1015,4.4,7.15,20.63,10.02,0.8399,0,0.2618,0.247,0.41,0.68,1.1143
2011-11-30,362420042,362420042,1,4932000000,3740000000,3373300000,3248200000,1558700000,0,0,579300000,0,545700000,140400000,140400000,0.39,0.39,0.32,110000000,36800000,-163800000,-17000000,96100000,24100000,27.66,30.12,25.2,0.3555,0.1013,4.3,6.51,18.82,9.7,0.8403,0,0.316,0.2491,0.41,0.24,1.1514
2011-08-31,362381925,362381925,1,4991500000,3833400000,3452200000,3337100000,1539300000,0,0,584900000,0,563100000,148900000,148900000,0.41,0.41,0.31,187200000,398000000,-591100000,-5900000,113100000,21000000,28.7,32.27,25.12,0.3577,0.0996,4.25,6.95,20.21,9.38,0.8433,0,0.3084,0.25,0.4,0.46,1.1487
2011-05-31,362115182,362115182,1,5393800000,4257900000,3897600000,3788300000,1496200000,0,0,590900000,0,522700000,118900000,118900000,0.33,0.33,0.31,162400000,459800000,-739200000,-117000000,119000000,21200000,32.33,33.91,30.75,0.3523,0.0962,4.13,7.96,22.93,9.07,0.8707,0,0.2774,0.2472,0.39,0.39,1.124
2011-02-28,361849681,361849681,1,5962800000,4864800000,4494600000,4390500000,1468200000,0,0,583100000,0,531300000,130600000,130600000,0.36,0.36,0.31,233700000,-997900000,767000000,2800000,236000000,37000000,31.23,33.69,28.78,0.3557,0.0964,4.06,7.79,22.96,8.76,0.876,0,0.2462,0.2488,0.39,0.54,1.108
2010-11-30,361683521,361683521,1,5022700000,4013900000,3573200000,3485700000,1449500000,0,0,475800000,0,512000000,133900000,133900000,0.37,0.37,0.31,124900000,-43900000,-120700000,-39700000,233200000,27900000,27.02,28.88,25.16,0.3471,0.0936,4.01,6.81,20.16,8.45,0.9088,0,0.2886,0.2425,0.39,0.27,1.1515
2010-08-31,361670988,361670988,1,5039000000,3999900000,3602000000,3520200000,1437000000,0,0,480000000,0,518300000,131900000,131900000,0.36,0.36,0.31,194300000,172500000,-378200000,-11400000,272900000,17200000,26.89,29.14,24.65,0.3449,0.0937,3.97,6.93,20.37,8.14,0.9237,0,0.2852,0.2404,0.39,0.49,1.1363
2010-05-31,361463054,361463054,1,5226299000,4159117000,3824320000,3742178000,1401979000,0,0,484821000,0,496211000,115522000,115522000,0.32,0.32,0.31,107907000,549534000,-652386000,5055000,284316000,20435000,30.46,32.82,28.11,0.3434,0.0936,3.88,7.87,23.08,7.83,0.9395,0,0.2683,0.2384,0.39,0.24,1.1114
2010-02-28,361421034,361421034,1,5788031000,4716531000,4390911000,4312423000,1397120000,0,0,489644000,0,507819000,112007000,112007000,0.31,0.31,0.31,223845000,-1156556000,986668000,53957000,279261000,20480000,30.69,32.88,28.5,0.3459,0.0937,3.87,7.97,22.4,7.52,0.9427,0,0.2414,0.2376,0.39,0.56,1.0937
2009-11-30,361406822,361406822,1,4657132000,3562206000,3264942000,3186729000,1392190000,0,0,493037000,0,496576000,125850000,125850000,0.35,0.35,0.31,92553000,-41824000,-140748000,-90019000,225304000,18002000,29.51,31.85,27.16,0.364,0.0975,3.85,7.81,20.93,7.21,0.9065,0,0.2989,0.2444,0.4,0.21,1.1178
2009-08-31,361381805,361381805,1,4707743000,3603869000,3342881000,3259654000,1364862000,0,0,508826000,0,500214000,123620000,123620000,0.34,0.34,0.31,186618000,247524000,-591588000,-157446000,315323000,14257000,26.29,28.74,23.84,0.3821,0.0981,3.78,7.07,17.76,6.9,0.8805,0,0.2899,0.2482,0.4,0.48,1.1056
2009-05-31,361095044,361095044,1,5127415000,4239826000,3785937000,3701893000,1341478000,0,0,509957000,0,495933000,113804000,113804000,0.32,0.32,0.31,125448000,679535000,-760621000,44362000,472769000,10810000,24.25,28.2,20.31,0.4098,0.1005,3.72,6.57,15.85,6.59,0.8387,0,0.2616,0.2562,0.39,0.32,1.1453
2009-02-28,360823987,360823987,1,5775468000,4872887000,4444319000,4365647000,1331149000,0,0,519345000,0,528581000,130790000,130790000,0.36,0.36,0.31,234938000,-610269000,473105000,97774000,428407000,14074000,24.89,27.95,21.83,0.4387,0.1037,3.69,6.99,15.96,6.28,0.7991,0,0.2305,0.2636,0.39,0.61,1.1162
2008-11-30,360819105,360819105,1,5111860000,4220354000,3827137000,3751508000,1284723000,0,0,511075000,0,524160000,140242000,140242000,0.39,0.39,0.31,113834000,385069000,-229852000,269051000,330633000,23000000,29.25,35.29,23.22,0.4643,0.1054,3.56,8.45,18.63,5.97,0.7761,0,0.2513,0.2687,0.39,0.25,1.125
2008-08-31,360795137,360795137,1,5229610000,4375400000,3979485000,3903682000,1250125000,0,0,504268000,0,534085000,148709000,148709000,0.41,0.41,0.31,214551000,-49873000,-267333000,-102655000,61582000,16207000,32.9,35.53,30.26,0.4739,0.1071,3.46,9.91,21.09,5.66,0.762,0,0.239,0.2741,0.39,0.55,1.1208
2008-05-31,360505724,360505724,1,5309791000,4465911000,4113149000,4037272000,1196642000,0,0,507816000,0,519228000,135484000,135484000,0.37,0.37,0.3,134294000,173077000,-302924000,4447000,164237000,17661000,33.78,37.47,30.09,0.44,0.1059,3.32,10.56,22.37,5.35,0.7598,0,0.2254,0.2788,0.38,0.32,1.1062
2008-02-29,360357974,360357974,1,5872015000,5048274000,4720024000,4647850000,1151991000,0,0,511427000,0,532172000,142474000,142474000,0.39,0.39,0.3,232131000,115504000,-240771000,106864000,159790000,24922000,36.02,40.68,31.35,0.375,0.099,3.2,10.53,24.84,5.05,0.7296,0,0.1962,0.2761,0.36,0.58,1.0862
2007-11-30,363672900,363672900,1,5026355000,4229604000,3781944000,3711740000,1244411000,0,0,503008000,0,507793000,147112000,147112000,0.4,0.4,0.3,105031000,403834000,-566553000,-57688000,52926000,18923000,41.35,45.65,37.05,0.3238,0.0966,3.42,9.42,29.54,4.75,0.6998,0,0.2476,0.2747,0.35,0.24,1.1395
2007-08-31,374715831,374715831,1,5557937000,4259861000,3913815000,3845490000,1644122000,0,0,505075000,0,507130000,151075000,151075000,0.4,0.4,0.3,253213000,240750000,-462702000,31261000,110614000,20067000,42.91,47.14,38.69,0.2901,0.0907,4.39,8.4,31.79,4.45,0.6641,0,0.2958,0.2747,0.33,0.62,1.1078
2007-05-31,382202583,382202583,1,6246519000,4861319000,4294271000,4237470000,1952248000,0,0,474925000,0,487348000,121100000,121100000,0.31,0.32,0.21,98981000,-27926000,-72623000,-1568000,79353000,17564000,38.59,41.1,36.08,0.2776,0.0868,5.11,7.75,28.59,4.15,0.5847,0,0.3125,0.2732,0.32,0.21,1.1472
2007-02-28,381933029,381933029,1,5771814000,4443641000,3868778000,3811484000,1903036000,0,0,476211000,0,485287000,126600000,126600000,0.33,0.33,0.21,253423000,-245715000,-56056000,-48348000,80921000,21572000,40.58,42.5,38.66,0.29,0.0897,4.98,8.45,30.74,3.94,0.5453,0,0.3297,0.281,0.32,0.61,1.1659
2006-11-30,381105962,381105962,1,5871239000,4586017000,4043632000,3985453000,1827607000,0,0,475083000,0,454955000,132666000,132666000,0.35,0.35,0.21,78908000,-231480000,-62070000,-214642000,129269000,23714000,37.61,40.57,34.65,0.2967,0.0878,4.8,8.19,29.61,3.73,0.5198,0,0.3113,0.2829,0.31,0.14,1.1507
2006-08-31,380430009,380430009,1,5864740000,4711249000,4119166000,4064845000,1745574000,0,0,465815000,0,459374000,135081000,135081000,0.36,0.35,0.16,199915000,64221000,-57648000,206488000,343911000,16054000,36.44,39.89,32.98,0.2983,0.0913,4.59,8.38,29.87,3.52,0.5015,0,0.2976,0.2803,0.33,0.48,1.159
2006-05-31,380333725,380333725,1,5549302000,4444301000,3894459000,3838372000,1654843000,0,0,466546000,0,440480000,122740000,122740000,0.33,0.32,0.16,111355000,-59359000,-50291000,1705000,137423000,24810000,39.24,42.37,36.11,0.2992,0.0954,4.35,9.43,33.54,3.36,0.4982,0,0.2982,0.2776,0.34,0.23,1.1579
2006-02-28,379773077,379773077,1,5719595000,5020201000,4139005000,4080751000,1580590000,0,0,469492000,0,430586000,114534000,114534000,0.3,0.3,0.16,223093000,-142881000,-57035000,23177000,135718000,17764000,39.36,43.2,35.52,0.2985,0.0969,4.16,9.82,35.46,3.2,0.4959,0,0.2763,0.275,0.35,0.54,1.2302
2005-11-30,379596343,379596343,1,4120028000,3422281000,2598910000,2542434000,1521118000,0,0,472322000,0,399815000,112612000,112612000,0.3,0.3,0.16,73113000,-46418000,-48200000,-21505000,315816000,17961000,37.87,43.37,32.37,0.2963,0.098,4.01,9.84,36.41,3.04,0.494,0,0.3692,0.2711,0.36,0.15,1.3461
2005-08-31,378987718,378987718,1,4095842000,3401229000,2637909000,2583502000,1457933000,0,0,474254000,0,403715000,115028000,115028000,0.3,0.3,0.13,161672000,-61392000,-43903000,56377000,337321000,20566000,31.98,35.37,28.6,0.29,0.0925,3.85,8.74,32.97,2.88,0.497,0,0.356,0.2634,0.35,0.37,1.3165
2005-05-31,378705701,378705701,1,4379116000,3689070000,2993441000,2941824000,1385675000,0,0,477450000,0,379022000,101481000,101481000,0.26,0.27,0.13,100391000,-51785000,-46774000,1832000,280944000,29703000,31.78,34.69,28.88,0.2804,0.0869,3.66,9.03,36.53,2.75,0.5232,0,0.3164,0.2552,0.34,0.19,1.254
2005-02-28,378458907,378458907,1,4629165000,3965113000,3297774000,3256693000,1331391000,0,0,480039000,0,373861000,92782000,92782000,0.25,0.24,0.13,166975000,-72385000,-47385000,47205000,279112000,13872000,32.13,34.57,29.69,0.2591,0.0794,3.52,9.42,38.25,2.62,0.5753,0,0.2876,0.2354,0.34,0.4,1.2175
2004-11-30,378337067,378337067,1,4035097000,3370041000,2745362000,2707413000,1289735000,0,0,483411000,0,347285000,86865000,86865000,0.23,0.23,0.13,75098000,-9120000,-47204000,18774000,231907000,12930000,31.85,34.45,29.25,0.2563,0.0782,3.41,9.59,38.84,2.49,0.5853,0,0.3196,0.2318,0.34,0.16,1.2447
2004-08-31,378196294,378196294,1,3938755000,3272342000,2683383000,2650741000,1255372000,0,0,486665000,0,344975000,87721000,87721000,0.23,0.23,0.12,125393000,-89165000,-42587000,-6359000,213133000,10675000,33.86,38.88,28.83,0.2583,0.0784,3.32,10.68,42.32,2.36,0.5845,0,0.3187,0.2333,0.34,0.3,1.2345
2004-05-31,378093104,378093104,1,3950203000,3280447000,2750230000,2721903000,1199973000,0,0,490203000,0,330389000,61405000,61405000,0.17,0.17,0.12,65160000,-13715000,-40574000,10871000,219492000,11340000,35.5,39.12,31.88,0.2601,0.0782,3.17,11.2,43.29,2.24,0.5858,0,0.3038,0.2341,0.33,0.14,1.2052
2004-02-29,377663713,377663713,1,4275062000,3616734000,3079550000,3052708000,1195512000,0,0,482724000,0,342606000,80518000,80518000,0.21,0.21,0.12,141890000,-24531000,-42976000,74383000,208621000,9951000,35.87,40,31.74,0.2759,0.0821,3.17,11.72,44.84,2.12,0.5546,0,0.2796,0.2496,0.33,0.35,1.1848
2003-11-30,377525548,377525548,1,3660508000,2998451000,2505908000,2477506000,1154600000,0,0,486444000,0,312099000,80684000,80684000,0.21,0.21,0.12,70610000,-29223000,-38968000,2419000,134238000,18561000,36.95,40.54,33.35,0.2772,0.083,3.06,12.57,46.77,2,0.5582,0,0.3154,0.2535,0.33,0.14,1.2103
2003-08-31,377035690,377035690,1,3612336000,2956641000,2503109000,2476089000,1109227000,0,0,488710000,0,309253000,80343000,80343000,0.21,0.21,0.11,112426000,-23858000,-36620000,51948000,131819000,10710000,32.75,37.07,28.43,0.2816,0.0833,2.94,11.45,41.99,1.88,0.5564,0,0.3071,0.2577,0.32,0.27,1.1941
2003-05-31,376751198,376751198,1,3690783000,3032642000,2613412000,2587525000,1077371000,0,0,492045000,0,289808000,71340000,71340000,0.19,0.19,0.11,63508000,-114808000,-38432000,-89732000,79871000,11687000,27.93,32.19,23.68,0.2868,0.0854,2.86,10.08,36.27,1.77,0.5644,0,0.2919,0.267,0.32,0.14,1.172
2003-02-28,376427750,376427750,1,3675174000,3204435000,2631863000,2618715000,1043311000,0,0,309770000,0,287789000,71521000,71521000,0.19,0.19,0.11,135456000,-24624000,-39745000,71087000,169603000,11112000,26.8,29.85,23.74,0.2952,0.0894,2.77,10.08,35.26,1.66,0.5692,0,0.2839,0.276,0.32,0.33,1.2237
2002-11-30,376296045,376296045,1,3317018000,2847704000,2316552000,2305189000,1000466000,0,0,310030000,0,268807000,74651000,74651000,0.2,0.2,0.11,58984000,-62600000,-39490000,-43106000,98516000,14918000,25.74,29.93,21.56,0.3028,0.0908,2.66,9.98,34.78,1.55,0.5778,0,0.3016,0.2838,0.32,0.12,1.2353
2002-08-31,376102219,376102219,1,3069137000,2915508000,2097000000,2090522000,972137000,0,0,8726000,0,252675000,75940000,75940000,0.2,0.2,0.11,115760000,3576000,-39611000,79725000,141622000,22495000,27.41,34.68,20.15,0.3091,0.0929,2.58,11.14,37.55,1.44,0.5894,0,0.3167,0.2881,0.32,0.25,1.3946
2002-05-31,375889763,375889763,1,2953075000,2814574000,2029094000,2023406000,923981000,0,0,9040000,0,244308000,68667000,68667000,0.18,0.18,0.11,26473000,-90051000,-34120000,-97698000,61897000,21680000,37.91,42.15,33.67,0.3164,0.0931,2.46,16.06,51.93,1.33,0.5738,0,0.3129,0.2875,0.32,0.01,1.391
2002-02-28,375102172,375102172,1,3275035000,3149088000,2390737000,2385302000,884298000,0,0,8852000,0,242800000,66973000,66973000,0.18,0.18,0.11,141491000,-41123000,-37063000,63305000,159595000,6615000,35.66,39.47,31.85,0.3312,0.0932,2.36,15.78,48.85,1.22,0.5476,0,0.27,0.18,0.52,0.36,1.3202
2001-11-30,374740379,374740379,1,2772540000,2647440000,1925968000,1920102000,846572000,0,0,9316000,0,232988000,68698000,68698000,0.18,0.18,0.11,67783000,7147000,-37965000,36965000,96290000,18934000,32.86,37.45,28.27,0.348,0.098,2.26,15.07,46.28,1.11,0.5208,0,0.3053,0.2095,0.47,0.13,1.3788
2001-08-31,374300271,374300271,1,2792249000,2676899000,1976515000,1970833000,815734000,0,0,9476000,0,234814000,70193000,70193000,0.19,0.19,0.09,68074000,-27231000,-27302000,13541000,59325000,7149000,39.7,43.49,35.9,0.3605,0.0971,2.18,19.56,58.38,1,0.5049,0,0.2921,0.245,0.4,0.16,1.3583
2001-05-31,374216565,374216565,1,2907196000,2791273000,2149354000,2143842000,757842000,0,0,9612000,0,809186000,67761000,67761000,0.17,0.18,0.09,48699000,-79176000,-30535000,-61012000,45784000,16320000,36.73,42.85,30.61,0.3693,0.0953,2.03,19.13,57.39,0.91,0.4833,0,0.2607,0.293,0.33,0.09,1.302
2001-02-28,373323010,373323010,1,2671131000,2564742000,1953740000,1948606000,717391000,0,0,8843000,0,25905000,66352000,66352000,0.18,0.18,0.09,125299000,-20118000,-30946000,74235000,106796000,12219000,47.69,58.63,36.75,0.372,0.0932,1.92,26.79,80.38,0.82,0.4686,0,0.2686,0.9256,0.1,0.3,1.3162
2000-11-30,372910268,372910268,1,2603829000,2505069000,1938566000,1933409000,665263000,0,0,6442000,0,17353000,62126000,62126000,0.17,0.16,0.09,57350000,-44542000,-28250000,-15442000,32561000,10648000,50.88,61.25,40.5,0.3735,0.0884,1.78,30.47,91.95,0.73,0.4529,0,0.2555,0.5233,0.17,0.13,1.2957
2000-08-31,372255164,372255164,1,2510902000,2416332000,1890791000,1885176000,620111000,0,0,6731000,0,17413000,58630000,58630000,0.16,0.16,0.06,73590000,-53942000,-18781000,867000,48003000,6063000,40.94,46.88,35,0.3725,0.0869,1.67,27.11,80.8,0.64,0.4338,0,0.247,0.355,0.24,0.18,1.2818
2000-05-31,372214246,372214246,1,2455577000,2362575000,1892145000,1886945000,563432000,0,0,5584000,0,197186000,51559000,51559000,0.14,0.14,0.06,56143000,-53794000,-20052000,-17703000,47136000,8466000,33.21,36.88,29.54,0.3707,0.0852,1.51,23.39,71.16,0.58,0.4297,0,0.2294,0.261,0.33,0.13,1.2521
2000-02-29,247532832,371299248,1.5,2469605000,2378966000,1941322000,1936168000,528283000,0,0,0,0,192183000,49621000,49621000,0.2,0.2,0.09,95627000,-35723000,-18910000,40994000,64839000,11954000,29.4,34.13,24.67,0.3669,0.0846,1.42,21.94,68.2,0.52,0.4202,0,0.2139,0.211,0.4,0.23,1.2287
1999-11-30,247136805,370705207,1.5,2027398000,1942086000,1531578000,1526276000,495820000,0,0,0,0,172358000,45790000,45790000,0.19,0.18,0.09,36660000,-63972000,-18081000,-45393000,23845000,7513000,23.8,28.42,19.17,0.3611,0.0832,1.34,19.04,59.5,0.46,0.4087,0,0.2446,0.1714,0.49,0.08,1.2724
1999-08-31,246590871,369886306,1.5,1967944000,1889395000,1505487000,1500430000,462457000,0,0,0,0,166392000,43037000,43037000,0.17,0.17,0.06,60598000,-30685000,-13367000,16546000,69238000,4955000,19.35,22.13,16.58,0.3566,0.0818,1.25,16.4,52.14,0.4,0.3918,0,0.235,0.1422,0.58,0.15,1.2592
1999-05-31,246393828,369590742,1.5,1873101000,1793120000,1437301000,1432336000,435800000,0,0,0,0,304945000,37890000,37890000,0.16,0.15,0.06,45438000,-34582000,-12729000,-1873000,52692000,3622000,20.28,24.45,16.11,0.351,0.0802,1.18,18.27,57.76,0.36,0.3888,0,0.2327,0.1183,0.68,0.11,1.2519
1999-02-28,163965059,368921382,2.25,1960332000,1878301000,1549702000,1544606000,410630000,0,0,0,0,306715000,36200000,36200000,0.22,0.22,0.09,70756000,-31963000,-13604000,25189000,54565000,4906000,20.88,23.55,18.22,0.3496,0.0782,1.11,20.08,64.36,0.32,0.3798,0,0.2095,0.1135,0.69,0.18,1.216
1998-11-30,163618400,368141400,2.25,1570235000,1494617000,1188326000,1183111000,381909000,0,0,0,0,281981000,33608000,33608000,0.21,0.2,0.09,26313000,-33407000,-13049000,-20143000,29376000,10419000,20.34,24.47,16.22,0.3463,0.0748,1.04,20.97,66.97,0.28,0.3695,0,0.2432,0.1082,0.69,0.04,1.2633
1998-08-31,163537368,367959078,2.25,1530957000,1461125000,1173970000,1168860000,356987000,0,0,0,0,281787000,31401000,31401000,0.19,0.19,0.06,31613000,-8466000,-9199000,13948000,49519000,3157000,17.95,20,15.89,0.3437,0.0722,0.97,19.94,63.77,0.24,0.3545,0,0.2332,0.1046,0.69,0.08,1.25
1998-05-31,163330862,367494439,2.25,1549787000,1478778000,1220180000,1215660000,329607000,0,0,0,0,268286000,28051000,28051000,0.18,None,0.06,39452000,-7424000,-15529000,16499000,35571000,6433000,16.21,17.7,14.72,0.341,0.07,0.9,19.07,62.88,0.21,0.3511,0,0.2127,0.1029,0.68,0.09,1.2164
1998-02-28,108775265,367116519,3.375,1733146000,1663375000,1421967000,1416902000,311179000,0,0,0,0,271355000,26376000,26376000,0.24,0.24,0.09,47009000,-73756000,-6243000,-32990000,19072000,8354000,13.74,15.61,11.87,0.3386,0.0691,0.85,17.39,57.25,0.19,0.3436,0,0.1795,0.1022,0.68,0.11,1.174
1997-11-30,108701311,366866924,3.375,1312072000,1245945000,1023410000,1017941000,288662000,0,0,0,0,235221000,24718000,24718000,0.23,None,0.09,20674000,-16079000,-5849000,-1254000,52062000,8137000,11.68,13.44,9.92,0.3354,0.0867,0.79,15.78,52.79,0.16,0.334,0,0.22,0.1029,0.84,0.03,1.224
1997-08-31,108602308,366532789,3.375,1244334000,1181930000,974628000,969796000,269706000,0,0,0,0,218583000,23074000,23074000,0.21,None,0.06,29626000,-20179000,-6344000,3103000,53316000,5273000,10.93,12.22,9.63,0.3327,0.1081,0.74,15.84,52.95,0.13,0.3208,0,0.2167,0.1031,1.05,0.07,1.2187
1997-05-31,108582592,366466248,3.375,1201323000,1140661000,949781000,946047000,251542000,0,0,0,0,203596000,20723000,20723000,0.19,None,0.06,24919000,-15078000,-6725000,3116000,50213000,4789000,9.32,11.08,7.56,0.33,0.1496,0.69,14.34,48.15,0.12,0.3169,0,0.2094,0.1023,1.46,0.05,1.2057
1997-02-28,72312009,366079545,5.0625,294012000,233686000,56901000,53123000,237111000,0,0,0,0,195562000,19286000,19286000,0.27,None,0.09,34446000,-7528000,620000,27538000,47097000,4408000,9.8,11.21,8.4,0.3241,0.2681,0.65,16.33,55.33,0.1,0.311,0,0.8065,0.1117,2.4,0.08,4.399
1996-11-30,72147969,365249093,5.0625,263303000,203569000,45901000,42364000,217402000,0,0,0,0,169499000,18068000,18068000,0.25,None,0.09,16381000,-9487000,-6255000,639000,19559000,4633000,11.2,12.57,9.83,0.316,0.2631,0.6,20,68.04,0.08,0.3045,0,0.8257,0.1234,2.13,0.03,4.8052
1996-08-31,71674863,362853993,5.0625,250588000,193682000,45626000,42261000,204962000,0,0,0,0,166042000,17073000,17073000,0.24,None,0.06,26073000,-23001000,-4151000,-1079000,18920000,4178000,9.51,11.06,7.95,0.3086,0.2585,0.56,17.29,62.26,0.06,0.2909,0,0.8179,0.1378,1.88,0.06,4.583
1996-05-31,68720244,347896235,5.0625,220208000,165292000,29398000,28134000,190810000,0,0,0,523000,85939000,14473000,14473000,0.22,None,0.06,4100000,-9844000,-354000,-6098000,15399000,3118000,8.04,9.28,6.79,0.3028,None,0.55,15.76,None,0.05,0.2878,0.0027,0.8665,0.1609,1.59,0,5.8752
1996-02-29,45686814,346934243,7.59375,216066000,160984000,38334000,37522000,177732000,0,0,0,0,84941000,12876000,12876000,0.28,None,0.09,28184000,-12367000,-3227000,12590000,21497000,2406000,6.48,7.73,5.23,None,None,0.51,13.22,None,0.04,None,0,0.8226,None,None,0.07,4.2904
1995-11-30,45583512,346149794,7.59375,198374000,142072000,30386000,29562000,167988000,0,0,0,0,78232000,12781000,12781000,0.28,None,0.09,12033000,-10508000,-4076000,-2544000,8907000,6594000,5.77,6.2,5.33,None,None,0.49,12.82,None,0.03,None,0,0.8468,None,None,0.02,4.8059
1995-08-31,45380862,344610920,7.59375,186030000,137195000,31288000,30171000,154742000,0,0,0,0,76173000,12203000,12203000,0.27,None,0.06,15582000,-15496000,-2382000,-1491000,11451000,4907000,4.7,5.51,3.88,None,None,0.45,11.46,None,0.02,None,0,0.8318,None,None,0.03,4.5472
1995-05-31,45263498,343719687,7.59375,168437000,124219000,28505000,26661000,139932000,0,0,0,523000,None,None,None,None,None,0,8591000,-20976000,-2634000,-15019000,12942000,3069000,3.86,4.27,3.46,None,None,0.41,10.16,None,0.01,None,0.0037,0.8308,None,None,0.02,4.6592
1995-02-28,29990871,341614764,11.390625,158765000,114721000,27699000,25685000,131066000,0,0,0,728000,68638000,9348000,9348000,0.31,None,0.09,None,None,None,None,27961000,0,3.36,3.68,3.04,None,None,0.38,None,None,0.007901,None,0.0056,0.8255,None,None,None,4.4665
