"Quarter end","Shares","Shares split adjusted","Split factor","Assets","Current Assets","Liabilities","Current Liabilities","Shareholders equity","Non-controlling interest","Preferred equity","Goodwill & intangibles","Long-term debt","Revenue","Earnings","Earnings available for common stockholders","EPS basic","EPS diluted","Dividend per share","Cash from operating activities","Cash from investing activities","Cash from financing activities","Cash change during period","Cash at end of period","Capital expenditures","Price","Price high","Price low","ROE","ROA","Book value of equity per share","P/B ratio","P/E ratio","Cumulative dividends per share","Dividend payout ratio","Long-term debt to equity ratio","Equity to assets ratio","Net margin","Asset turnover","Free cash flow per share","Current ratio"
2019-06-30,387223208,387223208,1,16526900000,7475400000,13880200000,7731300000,2423900000,222800000,0,5936100000,5027000000,2520200000,169500000,169500000,0.44,0.43,0.235,292500000,-47200000,-278400000,-16400000,616900000,47300000,22.4,23.9,20.9,0.2799,0.042,6.26,3.75,14,6.87,0.5295,2.0739,0.1467,0.0646,0.65,0.63,0.9669
2019-03-31,387039011,387039011,1,16050000000,7247000000,13533600000,7531100000,2315300000,201100000,0,5959700000,3663700000,2361200000,-8000000,-8000000,-0.02,-0.02,0.235,-93500000,-30700000,86700000,-43900000,633300000,32800000,22,23.98,20.02,0.2806,0.0434,5.98,3.54,13.92,6.63,0.533,1.5824,0.1443,0.0631,0.69,-0.33,0.9623
2018-12-31,384912527,384912527,1,15620300000,8182900000,13019600000,8123900000,2393200000,207500000,0,5970600000,3660200000,2856000000,326200000,326200000,0.85,0.84,0.21,891800000,-2374900000,302600000,-1192500000,677200000,71400000,22.36,25.1,19.61,0.2845,0.0461,6.22,4.02,14.43,6.4,0.5221,1.5294,0.1532,0.0637,0.72,2.13,1.0073
2018-09-30,384351500,384351500,1,13513100000,8330500000,11183200000,6691700000,2137900000,192000000,0,3784700000,3261400000,2297500000,161000000,161000000,0.42,0.41,0.21,231000000,-59000000,1209600000,1373800000,1869700000,44200000,22.59,23.77,21.41,0.2864,0.048,5.56,4.21,14.96,6.19,0.5112,1.5255,0.1582,0.0662,0.72,0.49,1.2449
2018-06-30,383785420,383785420,1,12357600000,7145600000,10100200000,7585300000,2061700000,195700000,0,3788100000,1282700000,2391800000,145800000,145800000,0.38,0.37,0.21,172200000,-34500000,-217200000,-104100000,495900000,38700000,24.02,25.77,22.27,0.2836,0.0485,5.37,4.39,17.41,5.98,0.5058,0.6222,0.1668,0.0675,0.72,0.35,0.942
2018-03-31,385519753,385519753,1,12240100000,6963500000,9852900000,7322500000,2108500000,278700000,0,3839700000,1288200000,2169100000,-14100000,-14100000,-0.04,-0.04,0.21,-729900000,-23100000,558200000,-197700000,600000000,22800000,22.58,26.01,19.15,0.2617,0.045,5.47,3.95,15.36,5.77,0.5353,0.611,0.1723,0.0655,0.69,-1.95,0.951
2017-12-31,384469632,384469632,1,12695200000,7464100000,10207300000,7678200000,2201000000,286900000,0,3961100000,1285600000,2341000000,316600000,316600000,0.83,0.81,0.18,1020800000,-55700000,-891800000,89700000,797700000,47200000,19.89,21.34,18.45,0.2838,0.0485,5.72,3.84,13.81,5.56,0.4854,0.5841,0.1734,0.0735,0.66,2.53,0.9721
2017-09-30,388608593,388608593,1,11716100000,6463800000,9437900000,6946300000,2013400000,264800000,0,3799900000,1285000000,1902600000,146200000,146200000,0.38,0.37,0.18,14100000,-44500000,86300000,48100000,708000000,39800000,22.57,25.57,19.58,0.2909,0.0488,5.18,4.48,16.24,5.38,0.4668,0.6382,0.1718,0.0743,0.66,-0.07,0.9305
2017-06-30,393268676,393268676,1,11678200000,6486500000,9422500000,6946200000,1982500000,273200000,0,3753100000,1283100000,1884900000,94700000,94700000,0.24,0.24,0.18,218700000,-62800000,-263800000,-119700000,659900000,44100000,24.39,25.21,23.57,0.2846,0.0472,5.04,4.91,15.94,5.2,0.4629,0.6472,0.1698,0.0719,0.66,0.44,0.9338
2017-03-31,395110131,395110131,1,11697900000,6589500000,9460300000,6990700000,1963000000,274600000,0,3703500000,1281900000,1753900000,21500000,21500000,0.05,0.05,0.18,-371800000,-33200000,64400000,-320600000,779600000,24800000,23.85,24.74,22.97,0.3156,0.0524,4.97,4.64,16.01,5.02,0.3997,0.653,0.1678,0.0795,0.66,-1,0.9426
2016-12-31,392687149,392687149,1,12485200000,7438000000,10175700000,7706000000,2017100000,292400000,0,3822500000,1280700000,2264500000,317600000,317600000,0.82,0.78,0.15,548200000,-95700000,-207400000,206000000,1097600000,86200000,23.21,24.59,21.83,0.3083,0.0513,5.14,4.75,17.19,4.84,0.3926,0.6349,0.1616,0.0775,0.66,1.18,0.9652
2016-09-30,397009967,397009967,1,11839500000,6733200000,9617100000,6815100000,1941400000,281000000,0,3715300000,1583300000,1922200000,128600000,128600000,0.32,0.32,0.15,519800000,-65200000,-233700000,219000000,891600000,51500000,23.09,24.23,21.94,0.2811,0.0463,4.89,4.64,19.08,4.69,0.4141,0.8155,0.164,0.0709,0.65,1.18,0.988
2016-06-30,400707649,400707649,1,11633900000,6625400000,9359500000,6682300000,1995600000,278800000,0,3662200000,1583600000,1917900000,156900000,156900000,0.39,0.38,0.15,94500000,-43800000,-67400000,-800000,672600000,36000000,23.43,24.6,22.26,0.2562,0.0422,4.98,4.86,20.92,4.54,0.4372,0.7935,0.1715,0.0644,0.65,0.15,0.9915
2016-03-31,402405201,402405201,1,11516800000,6486000000,9296600000,6539400000,1941500000,278700000,0,3681800000,1609900000,1742000000,5400000,5400000,0.01,0.01,0.15,-649100000,-59200000,-157900000,-829500000,673400000,27000000,21.78,23.26,20.3,0.2382,0.0392,4.82,4.45,19.62,4.39,0.4474,0.8292,0.1686,0.0601,0.65,-1.68,0.9918
2015-12-31,402129565,402129565,1,12585100000,7693100000,10331400000,7584300000,1965500000,288200000,0,3756800000,1610300000,2196200000,260300000,260300000,0.63,0.64,0.12,929700000,-112300000,-161200000,628600000,1502900000,80400000,21.42,23.65,19.19,0.2354,0.0389,4.89,4.67,17.56,4.24,0.4307,0.8193,0.1562,0.0597,0.65,2.11,1.0143
2015-09-30,406348017,406348017,1,11474100000,6668800000,9356000000,6572600000,1863800000,254300000,0,3591300000,1621300000,1865500000,74900000,74900000,0.18,0.18,0.12,280900000,-40600000,-151100000,25400000,874300000,30900000,19.79,21.3,18.27,0.2555,0.0429,4.59,4.1,15.83,4.12,0.367,0.8699,0.1624,0.066,0.65,0.62,1.0146
2015-06-30,410401096,410401096,1,11499300000,6637400000,9256100000,6433600000,1983900000,259300000,0,3626300000,1622800000,1876100000,121200000,121200000,0.3,0.29,0.12,260300000,-29900000,-109400000,114600000,848900000,29600000,20.62,22.14,19.1,0.2559,0.0439,4.83,4.45,17.33,4,0.3391,0.818,0.1725,0.0682,0.64,0.56,1.0317
2015-03-31,412937333,412937333,1,11200200000,6387500000,9012700000,6224900000,1912700000,274800000,0,3595000000,1620600000,1676000000,-1800000,-1800000,0,0,0.12,-796900000,-20000000,-51100000,-926300000,734300000,20200000,20.83,22.51,19.14,0.2391,0.0413,4.63,4.06,18.27,3.88,0.3354,0.8473,0.1708,0.0655,0.63,-1.98,1.0261
2014-12-31,412339107,412339107,1,12747200000,7810200000,10338600000,7463300000,2116300000,292300000,0,3844200000,1623500000,2207100000,308900000,308900000,0.75,0.75,0.09,1050500000,-58900000,-169100000,764600000,1660600000,54300000,18.67,20.83,16.51,0.2238,0.0392,5.13,3.75,21.96,3.76,0.3293,0.7671,0.166,0.0633,0.62,2.42,1.0465
2014-09-30,418229032,418229032,1,11778400000,6900900000,9407200000,6644300000,2083300000,287900000,0,3686400000,1626800000,1841100000,89700000,89700000,0.21,0.21,0.095,176200000,-42800000,-85500000,900000,896000000,35700000,19.34,20.54,18.14,0.1675,0.0296,4.98,3.72,25.79,3.67,0.4261,0.7809,0.1769,0.0485,0.61,0.34,1.0386
2014-06-30,421397262,421397262,1,12339700000,7401600000,9871400000,7138200000,2189300000,279000000,0,3714800000,1629900000,1851400000,99400000,99400000,0.24,0.23,0.095,168500000,-52000000,1400000,124100000,895100000,32100000,17.98,19.69,16.28,0.147,0.0264,5.2,3.56,25.69,3.57,0.4587,0.7445,0.1774,0.0434,0.6,0.32,1.0369
2014-03-31,423654291,423654291,1,11759200000,6881900000,9338100000,7160200000,2138800000,282300000,0,3663100000,1130700000,1637500000,-20900000,-20900000,-0.05,-0.05,0.095,-725700000,-47100000,-90700000,-865800000,771000000,26600000,16.9,17.75,16.05,0.1391,0.025,5.05,3.24,27.7,3.48,0.4607,0.5287,0.1819,0.0412,0.59,-1.78,0.9611
2013-12-31,424041377,424041377,1,12905000000,8084000000,10405100000,8165300000,2215200000,284700000,0,3792800000,1129800000,2122700000,193100000,193100000,0.46,0.46,0.08,1023300000,-96400000,-256700000,637500000,1636800000,81400000,16.55,17.7,15.4,0.1199,0.0219,5.22,3.31,17.99,3.38,0.4974,0.51,0.1717,0.0364,0.58,2.22,0.99
2013-09-30,416241739,416241739,1,11532000000,6762800000,8968900000,6447400000,2302600000,260500000,221500000,3609300000,1481000000,1700400000,48300000,45400000,0.11,0.11,0.075,161000000,-45700000,-729600000,-614600000,999300000,44800000,16.1,17.51,14.69,0.1758,0.0315,5,3.2,16.77,3.3,0.3159,0.7116,0.1805,0.0537,0.57,0.28,1.0489
2013-06-30,422150896,422150896,1,12336700000,7604100000,9729300000,7220400000,2344300000,263100000,221500000,3580700000,1478600000,1756200000,82800000,79900000,0.19,0.18,0.075,183700000,-42600000,-121900000,-31800000,1613900000,29000000,13.93,14.94,12.91,0.1846,0.0333,5.03,2.68,13.93,3.23,0.2844,0.6965,0.1721,0.0573,0.57,0.37,1.0531
2013-03-31,428397893,428397893,1,12218300000,7448200000,9500600000,6408200000,2449300000,268400000,221500000,3588900000,2071600000,1543000000,-56300000,-59200000,-0.14,-0.14,0.075,-775100000,-39800000,-104100000,-929100000,1645700000,17800000,12.5,13.38,11.61,0.1916,0.0352,5.2,2.35,12.02,3.15,0.2586,0.9299,0.1823,0.0603,0.57,-1.85,1.1623
2012-12-31,413909582,413909582,1,13493900000,8738300000,10810100000,7701700000,2420600000,263200000,221500000,3721300000,2060800000,2063300000,316200000,313300000,0.74,0.77,0.06,802500000,19100000,571000000,1387500000,2574800000,69900000,10.46,11.47,9.45,0.1989,0.0366,5.31,2.08,12.31,3.08,0.2379,0.9371,0.163,0.0625,0.57,1.77,1.1346
2012-09-30,431388142,431388142,1,11728700000,6974500000,9081900000,6914400000,2395800000,251000000,221500000,3574300000,1263100000,1670400000,71600000,68700000,0.16,0.15,0.06,-104700000,-131700000,-98600000,-314700000,1187300000,41100000,10.71,11.74,9.68,0.1733,0.0325,5.04,2.13,9.74,3.02,0.2769,0.5809,0.1854,0.0547,0.58,-0.34,1.0087
2012-06-30,437127262,437127262,1,11851600000,7237300000,9176900000,7015200000,2424000000,250700000,221500000,3461700000,1238700000,1715700000,101900000,99000000,0.23,0.22,0.06,157900000,-76300000,-112100000,-71100000,1502000000,35800000,10.99,11.96,10.02,0.2372,0.044,5.04,2.24,10.27,2.96,0.2062,0.5624,0.1858,0.0741,0.58,0.28,1.0317
2012-03-31,443045442,443045442,1,11765900000,7112500000,9114100000,6987100000,2393900000,257900000,221500000,3463000000,1239700000,1506800000,-43000000,-45900000,-0.1,-0.1,0.06,-498500000,-21300000,-229000000,-729600000,1573100000,22400000,11.07,11.97,10.16,0.2374,0.0438,4.9,2.21,10.35,2.9,0.2099,0.5707,0.1846,0.0742,0.58,-1.18,1.0179
2011-12-31,446111507,446111507,1,12876600000,8286800000,10135900000,8032600000,2461700000,279000000,221500000,3578600000,1210900000,2072600000,261900000,259000000,0.58,0.58,0.06,717400000,-67900000,-118300000,517700000,2302700000,57000000,8.44,9.92,6.95,0.2336,0.0433,5.02,1.8,10.29,2.84,0.216,0.5405,0.174,0.0742,0.57,1.48,1.0316
2011-09-30,461172626,461172626,1,11825900000,7229300000,9154700000,7116600000,2378600000,292600000,221500000,3405400000,1166200000,1726500000,211000000,208100000,0.45,0.4,0.06,157800000,93600000,-202000000,-24800000,1785000000,30200000,10.02,12.84,7.2,0.2034,0.0379,4.68,2.14,20.04,2.78,0.1877,0.5406,0.1824,0.0657,0.56,0.28,1.0158
2011-06-30,478523337,478523337,1,12301600000,7593700000,9534000000,7512700000,2463600000,304000000,221500000,3427100000,1167800000,1740700000,104600000,101700000,0.21,0.19,0.06,200000000,-67700000,-175300000,-30400000,1809800000,36200000,11.89,12.63,11.15,0.1308,0.0245,4.69,2.55,25.85,2.72,0.1994,0.5209,0.1823,0.0429,0.55,0.34,1.0108
2011-03-31,488694439,488694439,1,12177200000,7474100000,9358500000,7312800000,2497900000,320800000,221500000,3407700000,1165900000,1474800000,-45200000,-48100000,-0.1,-0.1,0.06,-801700000,-16800000,-45400000,-835500000,1840200000,16900000,11.84,13.2,10.47,0.1369,0.0229,4.66,2.51,28.88,2.66,0.0995,0.5122,0.1869,0.0442,0.55,-1.68,1.0221
2010-12-31,489199876,489199876,1,13070800000,8453500000,10212700000,7740900000,2529000000,329100000,221500000,3368500000,1583300000,2012000000,197900000,195000000,0.41,0.33,0,979100000,-24900000,-220000000,748000000,2675700000,46600000,10.54,11.11,9.98,0.1312,0.0217,4.72,2.49,31.94,2.6,0,0.6862,0.1765,0.0415,0.54,1.91,1.0921
2010-09-30,488735381,488735381,1,11950600000,7315800000,9349600000,6873000000,2296100000,304900000,221500000,3350400000,1588900000,1560800000,45300000,42400000,0.09,0.08,0,40400000,-74300000,-11800000,-2200000,1927700000,21400000,8.55,10.17,6.93,0.1031,0.0166,4.24,2.14,30.54,2.6,0,0.7659,0.1736,0.0325,0.53,0.04,1.0644
2010-06-30,488820779,488820779,1,11704600000,7180800000,9227400000,6735700000,2169700000,307500000,221500000,3278300000,1628000000,1617800000,82500000,105300000,0.22,0.15,0,353300000,-22300000,-299700000,1100000,1929900000,18900000,8.5,9.87,7.13,0.0934,0.0151,3.99,2.15,50,2.6,0,0.8356,0.1664,0.0292,0.53,0.68,1.0661
2010-03-31,489316940,489316940,1,11389400000,6776700000,8669800000,6174700000,2464500000,255100000,525000000,3306100000,1634500000,1341300000,-64600000,-71500000,-0.15,-0.15,0,-555500000,13000000,-16200000,-566400000,1928800000,9400000,7.57,8.79,6.35,0.0511,0.0108,3.96,1.83,47.31,2.6,0,0.8427,0.1703,0.0159,0.53,-1.15,1.0975
2009-12-31,485867132,485867132,1,12263100000,7637700000,9449000000,6905600000,2536300000,277800000,525000000,3321000000,1638000000,1801200000,132800000,129400000,0.28,0.25,0,739300000,-17900000,-4400000,733700000,2495200000,23400000,6.71,7.53,5.89,0.052,0.0107,4.14,1.78,24.85,2.6,0,0.8144,0.164,0.0155,0.53,1.47,1.106
2009-09-30,486118123,486118123,1,10978300000,6282200000,8362500000,5602500000,2353400000,262400000,525000000,3310200000,1866900000,1426700000,24100000,17200000,0.04,0.03,0,124900000,-49400000,-112600000,1000000,1761500000,16000000,6.15,7.59,4.71,0.0966,0.0182,3.76,1.72,19.22,2.6,0,1.0211,0.1665,0.0281,0.54,0.22,1.1213
2009-06-30,486111579,486111579,1,11065100000,6354400000,8542300000,5722500000,2260000000,262800000,525000000,3298000000,1901100000,1474400000,31400000,20900000,0.04,0.04,0,233900000,-29100000,-134100000,118500000,1760500000,16000000,5.38,6.32,4.45,0.1077,0.0197,3.57,1.59,11.96,2.6,0,1.0957,0.1568,0.0301,0.56,0.45,1.1104
2009-03-31,478389940,478389940,1,10929700000,6269300000,8502700000,5789100000,2148100000,278900000,525000000,3243000000,1781900000,1325300000,-67000000,-73900000,-0.16,-0.16,0,-557300000,125800000,-15900000,-465200000,1642000000,11700000,3.87,4.53,3.2,0.1419,0.0246,3.39,0.95,8.41,2.6,0,1.0978,0.1485,0.0384,0.57,-1.19,1.0829
2008-12-31,476421138,476421138,1,12125200000,7487600000,9649600000,6877000000,2475600000,0,525000000,3220900000,1786900000,1901800000,217000000,208100000,0.45,0.36,0,719200000,-206000000,-12700000,417400000,2107200000,55600000,5.16,7.7,2.61,0.1408,0.0245,4.09,1.3,13.23,2.6,0,0.9161,0.1609,0.0381,0.58,1.39,1.0888
2008-09-30,476540074,476540074,1,12097300000,7241600000,9686200000,6684800000,2411100000,0,525000000,3325000000,2043100000,1740000000,45700000,38700000,0.08,0.08,0,34200000,-113600000,-24100000,-141200000,1689800000,24000000,8.39,9.57,7.21,0.1236,0.0211,3.96,2.11,33.56,2.6,0,1.0832,0.1559,0.0324,0.58,0.02,1.0833
2008-06-30,476471942,476471942,1,12207000000,7424100000,9784400000,6780800000,2422600000,0,525000000,3272600000,2045800000,1835700000,95100000,88100000,0.19,0.17,0,399900000,-37700000,-31900000,339800000,1831000000,26900000,9.14,10.39,7.9,0.0852,0.0157,3.98,2.39,28.56,2.6,0,1.0781,0.1555,0.0235,0.57,0.78,1.0949
2008-03-31,471945755,471945755,1,11783800000,6942500000,9456400000,6438300000,2327400000,0,525000000,3265400000,2050300000,1485200000,-62800000,-69700000,-0.15,-0.15,0,-288000000,-47000000,-207100000,-523700000,1491200000,31900000,8.19,8.98,7.4,0.1015,0.0194,3.82,2.13,45.5,2.6,0,1.1375,0.153,0.0291,0.56,-0.68,1.0783
2007-12-31,471152044,471152044,1,12458100000,7685800000,10125900000,7120600000,2332200000,0,525000000,3231600000,2044100000,1982500000,178400000,171400000,0.37,0.29,0,517900000,28600000,5600000,584800000,2014900000,51200000,9.32,10.55,8.1,0.0687,0.0143,3.84,2.14,310.67,2.6,0,1.1311,0.1451,0.02,0.56,0.99,1.0794
2007-09-30,471380833,471380833,1,11665700000,6870000000,9611400000,6773800000,2054300000,0,0,3196000000,1841200000,1559900000,-21900000,-28800000,-0.06,-0.06,0,118900000,92700000,-26400000,209600000,1430100000,29900000,10.68,11.61,9.75,0.0113,0.0046,4.36,2.52,133.5,2.6,0,0.8963,0.1761,0.0034,0.56,0.19,1.0142
2007-06-30,471463748,471463748,1,11566100000,6805000000,9570300000,6721500000,1995800000,0,0,3140600000,1843000000,1652700000,137000000,121500000,0.27,0.24,0,43800000,-305000000,14200000,-246400000,1220500000,38500000,12.14,12.97,11.31,0.0238,0.0071,4.23,3.19,None,2.6,0,0.9234,0.1726,0.007,0.56,0.01,1.0124
2007-03-31,468887871,468887871,1,11094600000,6413600000,9265600000,6393100000,1787400000,41600000,0,3077100000,1846100000,1359100000,-125900000,-132800000,-0.29,-0.29,0,-382500000,-84100000,-30700000,-488800000,1466900000,28000000,12.99,13.81,12.17,-0.0162,0.0011,3.81,3.22,None,2.6,None,1.0328,0.1611,None,0.55,-0.88,1.0032
2006-12-31,468710972,468710972,1,11864100000,7208800000,9923500000,6663000000,1894100000,46500000,0,3067800000,2248600000,1877100000,63800000,62000000,0.14,0.14,0,589900000,132300000,-14300000,692200000,1955700000,58000000,11.07,12.35,9.79,-0.0429,-0.0028,4.04,2.66,None,2.6,None,1.1872,0.1596,None,0.55,1.13,1.0819
2006-09-30,441182731,441182731,1,10931500000,6346900000,9059500000,5870900000,1834000000,38000000,0,3081900000,2183800000,1453800000,5800000,-6100000,-0.01,-0.01,0,-69500000,210000000,-6500000,127900000,1263500000,29300000,8.92,9.98,7.86,-0.1069,-0.0117,4.16,2.09,None,2.6,None,1.1907,0.1678,None,0.55,-0.22,1.0811
2006-06-30,440806113,440806113,1,11314100000,6753200000,9430600000,6223100000,1883500000,0,0,3063600000,2183700000,1532900000,68900000,46900000,0.11,0.11,0,16700000,-8700000,-81700000,-71400000,1135600000,21800000,9.2,10.04,8.35,-0.1794,-0.0206,4.27,2.24,None,2.6,None,1.1594,0.1665,None,0.54,-0.01,1.0852
2006-03-31,436237262,436237262,1,10992400000,6557900000,9201800000,6051200000,1790600000,0,0,3034800000,2183100000,1327000000,-170200000,-182100000,-0.43,-0.43,0,-528100000,-322000000,-27200000,-868900000,1207000000,18700000,10.04,10.56,9.51,-0.2312,-0.0251,4.1,2.88,None,2.6,None,1.2192,0.1629,None,0.54,-1.25,1.0837
2005-12-31,436029334,436029334,1,11945200000,7497400000,9999900000,6856500000,1896000000,49300000,373700000,3030900000,2183000000,1885600000,-37000000,-46600000,-0.11,-0.11,0,344900000,-106400000,491600000,729200000,2075900000,41500000,10.45,11.75,9.14,-0.2345,-0.0224,3.49,4.02,None,2.6,None,1.434,0.1274,None,0.54,0.7,1.0935
2005-09-30,430526247,430526247,1,11285500000,6664700000,9792800000,6551200000,1492700000,0,373700000,3166000000,2184000000,1442200000,-96500000,-101500000,-0.24,-0.24,0,-124300000,-55400000,-56900000,-235300000,1346700000,33700000,11.86,12.67,11.04,-0.1577,-0.0139,2.6,4.41,None,2.6,None,1.9517,0.0992,None,0.54,-0.37,1.0173
2005-06-30,427268023,427268023,1,11929700000,7360800000,10362100000,7403100000,1522100000,45500000,373700000,3180800000,1933500000,1616200000,14400000,7700000,0.02,0.02,0,99200000,-30500000,-19900000,37400000,1582000000,32900000,12.7,13.28,12.11,-0.5123,-0.0548,2.69,4.74,None,2.6,None,1.6836,0.0963,None,0.54,0.16,0.9943
2005-03-31,427268023,427268023,1,11691300000,7076900000,10123500000,7155100000,1516900000,50900000,373700000,3177700000,1923900000,1330300000,-143800000,-148800000,-0.35,-0.35,0,-340000000,358700000,-4700000,-5800000,1544600000,32600000,12.59,13.68,11.5,-0.4386,-0.0562,2.68,4.17,None,2.6,None,1.6829,0.0978,None,0.53,-0.87,0.9891
2004-12-31,427268023,427268023,1,12272300000,7636700000,10554000000,7563200000,1663100000,55200000,373700000,3179200000,1936000000,1939000000,62300000,57300000,0.14,0.14,0,581800000,-343700000,-14500000,245700000,1550400000,74700000,12.22,13.5,10.95,-0.3059,-0.0455,3.02,3.17,None,2.6,None,1.5015,0.1051,None,0.54,1.19,1.0097
2004-09-30,422889703,422889703,1,11202300000,6737200000,9145100000,6171200000,2001800000,55400000,373700000,3036300000,2188900000,1508800000,-578400000,-583400000,-1.4,-1.4,0,-9500000,-24100000,29600000,4200000,1438500000,41800000,12.06,13.62,10.51,-0.3484,-0.0595,3.85,2.33,None,2.6,None,1.3445,0.1453,None,0.5,-0.12,1.0917
2004-06-30,422130934,422130934,1,12156200000,7127300000,9537500000,6597700000,2562400000,56300000,373700000,3467800000,2189300000,1544100000,-5400000,-10400000,-0.03,-0.03,0,230300000,-112000000,-75500000,39000000,1434300000,39700000,15.08,16.43,13.73,-0.2159,-0.0382,5.18,2.88,None,2.6,None,1.0003,0.18,None,0.5,0.45,1.0803
2004-03-31,418919837,418919837,1,11700500000,6747200000,9068900000,6138900000,2567100000,64500000,373700000,3387400000,2190600000,1395100000,-16900000,-21700000,-0.05,-0.05,0,-347100000,-64800000,-189800000,-610400000,1395300000,37800000,16.02,17.19,14.86,-0.2164,-0.0389,5.24,3,None,2.6,None,0.9987,0.1875,None,0.49,-0.92,1.0991
2003-12-31,418107956,418107956,1,12234500000,7349700000,9558600000,6624500000,2605900000,70000000,373700000,3352600000,2191700000,1512100000,-102500000,-102500000,-0.24,-0.24,0,640100000,8200000,703500000,1310200000,2005700000,65400000,14.98,16.41,13.55,-0.2113,-0.038,5.34,3.03,None,2.6,None,0.9819,0.1825,None,0.49,1.37,1.1095
2003-09-30,392238613,392238613,1,11272100000,6013100000,9331000000,6308000000,1941100000,0,0,3281200000,2191000000,1418900000,-327100000,-327100000,-0.85,-0.85,0,-101300000,322600000,-233900000,-4600000,695500000,22100000,14.19,15.44,12.94,-0.1563,-0.0279,4.95,2.49,None,2.6,None,1.1287,0.1722,None,0.51,-0.31,0.9532
2003-06-30,391399332,391399332,1,12096700000,6770400000,9871200000,6597800000,2225500000,0,0,3442900000,2587100000,1499400000,-13500000,-13500000,-0.04,-0.04,0,None,None,None,-488100000,700100000,41100000,11.93,14.55,9.3,-0.0429,-0.0078,5.69,2.16,149.13,2.6,None,1.1625,0.184,None,0.52,None,1.0262
2003-03-31,389639512,389639512,1,11963100000,6719300000,9747100000,6481900000,2151500000,64500000,0,3307100000,2618000000,1433000000,-8600000,-8600000,-0.02,-0.02,0,-286100000,-89200000,615200000,255200000,1188200000,31000000,11.7,15.38,8.01,0.0147,0.0027,5.52,2.16,45,2.6,3.4728,1.2168,0.1798,0.005,0.53,-0.81,1.0366
2002-12-31,387922710,387922710,1,11793700000,6322300000,9623300000,7089800000,2100000000,70400000,0,3458700000,1817700000,1668700000,20300000,20300000,0.05,0.05,0.09,622100000,-116500000,-290700000,318000000,933000000,59700000,14.15,17.05,11.25,0.0485,0.0087,5.41,2.66,32.16,2.6,1.4502,0.8656,0.1781,0.016,0.54,1.45,0.8917
2002-09-30,385640588,385640588,1,11277400000,5984400000,9165200000,6225900000,2046600000,65600000,0,3272200000,2367400000,1502200000,-89600000,-89600000,-0.24,-0.24,0.095,232100000,-31000000,-90800000,77700000,615000000,41600000,19.04,24.67,13.4,0.0893,0.0157,5.31,3.37,None,2.51,0.8076,1.1567,0.1815,0.0269,0.58,0.49,0.9612
2002-06-30,383735876,383735876,1,11681300000,6343700000,9422600000,6455000000,2169600000,89100000,0,3401300000,2377700000,1612700000,109000000,109000000,0.29,0.29,0.095,214100000,-230400000,-21500000,-37800000,537300000,47100000,29.2,34.89,23.51,-0.1079,-0.0186,5.65,5.89,None,2.41,None,1.0959,0.1857,None,0.59,0.44,0.9828
2002-03-31,382025651,382025651,1,10893900000,5812000000,8909400000,6004000000,1894500000,90000000,0,3180500000,2368500000,1420000000,59800000,59800000,0.16,0.16,0.095,-194500000,-99200000,-56300000,-360100000,575100000,34800000,30.88,34.56,27.2,-0.2166,-0.0378,4.96,6.31,None,2.31,None,1.2502,0.1739,None,0.6,-0.6,0.968
2001-12-31,380207886,380207886,1,11390500000,6353200000,9443300000,6431100000,1857900000,89300000,0,3106400000,2480600000,2071886000,98615000,98615000,0.23,0.23,0.09,666000000,-191600000,-212600000,249600000,935200000,73300000,25.25,31,19.5,-0.2635,-0.0477,4.89,5.12,None,2.22,None,1.3352,0.1631,None,0.61,1.56,0.9879
2001-09-30,377638379,377638379,1,11328100000,6300200000,9360900000,6850700000,1863500000,103700000,0,3058700000,1900900000,1605700000,-477500000,-477500000,-1.29,-1.29,0.095,-191019000,-151992000,331120000,-485000,685600000,70049000,24.88,30.46,19.3,-0.2452,-0.0466,4.93,4.05,191.38,2.13,None,1.0201,0.1645,None,0.6,-0.69,0.9196
2001-06-30,375830709,375830709,1,11790844000,6843235000,9375471000,7351064000,2312249000,103124000,0,3013163000,1410070000,1743415000,-110158000,-110158000,-0.3,-0.3,0.095,154646000,-237856000,70922000,-14903000,686119000,77516000,33.32,38.85,27.79,0.018,0.0036,6.15,5.36,37.86,2.03,3.333,0.6098,0.1961,0.006,0.6,0.21,0.9309
2001-03-31,317130155,317130155,1,9746738000,5599805000,7696385000,5768806000,1972725000,77628000,0,2699021000,1426130000,1302199000,-38357000,-38357000,-0.12,-0.12,0.095,-481127000,-115052000,486058000,-143612000,564700000,47135000,39.84,47.19,32.5,0.1462,0.0289,6.22,6.08,35.26,1.94,0.411,0.7229,0.2024,0.0486,0.59,-1.67,0.9707
2000-12-31,312407679,312407679,1,10238222000,6026053000,8106060000,6106080000,2046356000,85806000,0,2696230000,1505061000,1797576000,123614000,123614000,0.36,0.35,0.09,461984000,-167483000,-205060000,101928000,708312000,53053000,38.41,43.75,33.06,0.1955,0.0378,6.55,6.33,37.66,1.84,0.3129,0.7355,0.1999,0.0638,0.59,1.31,0.9869
2000-09-30,307735360,307735360,1,9566629000,5650659000,7621968000,5464840000,1867264000,77397000,0,2536326000,1657593000,1320439000,61860000,61860000,0.21,0.2,0.095,-93175000,-213248000,228791000,-104208000,583319000,52107000,39.06,44.63,33.5,0.1814,0.0344,6.07,6.39,37.92,1.75,0.3507,0.8877,0.1952,0.0585,0.59,-0.47,1.034
2000-06-30,307768471,307768471,1,9770597000,6015548000,7805424000,6062176000,1880215000,84958000,0,2402265000,1245788000,1418192000,136839000,136839000,0.46,0.45,0.095,103125000,-421404000,312662000,-15978000,687527000,65990000,43.13,48.25,38,0.1934,0.036,6.11,8.42,40.31,1.66,0.3366,0.6626,0.1924,0.0614,0.59,0.12,0.9923
2000-03-31,301704485,301704485,1,8400145000,5466584000,6776050000,5444943000,1544238000,79857000,0,1700599000,844834000,1089638000,36345000,36345000,0.13,0.13,0.085,-171755000,-142468000,28790000,-302506000,678942000,30721000,46.28,55.56,37,0.2128,0.0386,5.12,8.19,42.07,1.56,0.317,0.5471,0.1838,0.0661,0.58,-0.67,1.004
1999-12-31,287967109,287967109,1,8727255000,5767844000,7020541000,5636929000,1628071000,78643000,0,1657488000,867262000,1535459000,78683000,78683000,0.26,0.24,0.09,492064000,-107316000,-105658000,266498000,981448000,60259000,46.91,58.06,35.75,0.2301,0.0416,5.65,9.57,37.38,1.48,0.2946,0.5327,0.1866,0.0706,0.59,1.5,1.0232
1999-09-30,280651942,280651942,1,7657675000,5237792000,6217409000,4901849000,1376518000,63748000,0,1455380000,854483000,1021357000,59044000,59044000,0.22,0.21,0.085,30464000,-13896000,-105791000,-89782000,763245000,37248000,40.28,44.06,36.5,0.2782,0.0499,4.9,8.44,33.29,1.39,0.247,0.6208,0.1798,0.081,0.62,-0.02,1.0685
1999-06-30,282011856,282011856,1,7689347000,5373234000,6285629000,4986991000,1344000000,59718000,0,1393241000,847444000,1096621000,139409000,139409000,0.51,0.49,0.085,235453000,-124590000,76155000,187018000,853027000,23741000,38.95,43.31,34.59,0.2751,0.0505,4.77,8.77,34.17,1.3,0.2482,0.6305,0.1748,0.0812,0.62,0.75,1.0775
1999-03-31,140544975,281089950,2,6906530000,4682293000,5600781000,4602470000,1248453000,57296000,0,1324553000,551499000,908081000,44785000,44785000,0.33,0.32,0.15,-195673000,-105545000,187504000,-142794000,666009000,28468000,37.44,40,34.88,0.2645,0.0496,4.44,8.28,34.51,1.22,0.2549,0.4417,0.1808,0.0787,0.63,-0.8,1.0173
1998-12-31,139985134,279970268,2,6942823000,4776945000,5621803000,4658352000,1265092000,55928000,0,1281399000,506618000,1468710000,120756000,120756000,0.88,0.79,0.15,345054000,-77712000,-90341000,184433000,808803000,53457000,31.69,39.88,23.5,0.2556,0.0496,4.52,7.15,29.34,1.14,0.2581,0.4005,0.1822,0.0781,0.63,1.04,1.0255
1998-09-30,138984743,277969486,2,6204733000,4292005000,4919961000,4062777000,1232498000,52274000,0,1172387000,464058000,837371000,45162000,45162000,0.34,0.33,0.15,71171000,-27314000,-71313000,-15295000,621698000,24523000,29.27,32.44,26.09,0.2398,0.0473,4.43,6.65,27.74,1.07,0.2707,0.3765,0.1986,0.0792,0.6,0.17,1.0564
1998-06-30,136184187,272368374,2,6346004000,4450879000,5099212000,4243391000,1199176000,47616000,0,1152652000,464261000,943211000,116353000,116353000,0.88,0.84,0.15,251665000,-54473000,-61874000,131092000,636993000,32538000,29.95,32.25,27.66,0.2484,0.0479,4.4,7.1,29.95,0.99,0.2641,0.3872,0.189,0.0794,0.6,0.8,1.0489
1998-03-31,136372692,272745384,2,5510908000,3736147000,4326763000,3508157000,1152178000,31967000,0,1324553000,454671000,719436000,27634000,27634000,0.22,0.21,0.13,-163185000,-84233000,21642000,-229539000,485667000,26220000,27.58,31.32,23.84,0.2399,0.0455,4.22,6.57,28,0.92,0.2755,0.3946,0.2091,0.075,0.61,-0.69,1.065
1997-12-31,131754675,263509350,2,5702521000,4025655000,4563449000,3751641000,1107155000,31917000,0,1024142000,452715000,1052524000,92055000,92055000,0.78,None,0.13,233921000,89793000,-41704000,263611000,715206000,27996000,24.44,26.25,22.63,0.2541,0.0462,4.2,6.75,26.91,0.85,0.2662,0.4089,0.1942,0.0765,0.6,0.78,1.073
1997-09-30,125953776,251907552,2,5081735000,3489648000,4142712000,3255160000,911561000,27462000,0,906083000,578196000,701303000,35292000,35292000,0.28,None,0.13,106026000,-58448000,7175000,45918000,451595000,27082000,23.22,25.69,20.75,0.2539,0.0454,3.62,6.36,26.34,0.79,0.2695,0.6343,0.1794,0.0764,0.59,0.31,1.072
1997-06-30,124546711,249093422,2,5204108000,3658836000,4266595000,3603745000,910426000,27087000,0,868796000,350706000,788621000,89764000,89764000,0.73,None,0.13,100987000,-72365000,-30503000,-5937000,405677000,25216000,19.09,20.69,17.5,0.2523,0.0456,3.65,5.63,22.11,0.72,0.2672,0.3852,0.1749,0.0776,0.59,0.3,1.0153
1997-03-31,82097787,246293361,3,4711765000,3313769000,3851540000,3196854000,835406000,24819000,0,748429000,346352000,583398000,22035000,22035000,0.27,None,0.17,-163820000,-30816000,150249000,-56912000,411614000,16609000,17.23,18.32,16.13,0.2516,0.0459,3.39,4.83,20.27,0.66,0.2636,0.4146,0.1773,0.0797,0.58,-0.73,1.0366
1996-12-31,81512748,244538244,3,4765130000,3353459000,3869834000,3199029000,872015000,23281000,0,749323000,346952000,858741000,76974000,76974000,0.94,None,0.17,135857000,36603000,-126371000,43694000,468526000,29408000,15.73,16.67,14.79,0.2548,0.0468,3.57,4.72,23.95,0.6,0.2608,0.3979,0.183,0.0809,0.58,0.44,1.0483
1996-09-30,81061337,243184011,3,4276170000,2917266000,3446711000,2783426000,810684000,18775000,0,702798000,298648000,554981000,27471000,27471000,0.34,None,0.17,27465000,-40853000,17201000,8934000,424832000,16179000,15.05,16.17,13.92,0.2025,0.0369,3.33,4.45,23.64,0.55,0.3284,0.3684,0.1896,0.0654,0.56,0.05,1.0481
1996-06-30,80000000,240000000,3,4510687000,3159264000,3680689000,3000744000,811052000,18946000,0,690749000,307562000,631585000,82928000,82928000,1.04,None,0.17,112529000,-29626000,12898000,93024000,415898000,19243000,15.89,16.58,15.21,0.2014,0.0367,3.38,5.19,28.21,0.49,0.3289,0.3792,0.1798,0.0653,0.56,0.39,1.0528
1996-03-31,79230414,237691242,3,3982938000,2677235000,3237083000,2559642000,727695000,18160000,0,655114000,308009000,492209000,17832000,17832000,0.23,None,0.155,-26825000,-38908000,-24120000,-95574000,322874000,14251000,14.54,15.75,13.33,0.1819,0.0333,3.06,4.6,26.28,0.43,0.3652,0.4233,0.1827,0.0595,0.56,-0.17,1.0459
1995-12-31,79128246,237384738,3,4259766000,2974398000,3494889000,2826697000,749706000,15171000,0,638168000,283497000,721568000,28687000,28687000,0.36,None,0.15,180724000,-23014000,-34238000,117586000,418448000,22399000,13.46,14.46,12.46,0.1803,0.0334,3.16,4.37,23.48,0.38,0.3625,0.3781,0.176,0.0596,0.56,0.67,1.0523
1995-09-30,78225119,234675357,3,3785292000,2516893000,3050334000,2424213000,722367000,12591000,0,682872000,259702000,476308000,22181000,22181000,0.28,None,0.155,33081000,-51301000,13269000,-3519000,300862000,18054000,12.66,13.33,12,0.1897,0.0349,3.08,4.15,22.74,0.33,0.3496,0.3595,0.1908,0.0619,0.56,0.06,1.0382
1995-06-30,78066140,234198420,3,3905613000,2703929000,3179101000,2594189000,713607000,12905000,0,650651000,272981000,534427000,63768000,63768000,0.82,None,0.155,31596000,-52249000,12923000,-6833000,304381000,12873000,12.38,13,11.75,0.1879,0.0355,3.05,4.18,23.66,0.28,0.3521,0.3825,0.1827,0.0611,0.58,0.08,1.0423
1995-03-31,78322109,234966327,3,3609299000,2455741000,2901149000,2353800000,695030000,13120000,0,609359000,248462000,447436000,15176000,15176000,0.2,None,0.14,-81022000,-28068000,-5851000,-102495000,311214000,16236000,11.63,12.46,10.79,0.181,None,2.96,4.18,27.91,0.23,0.368,0.3575,0.1926,0.0579,0.6,-0.41,1.0433
1994-12-31,77925241,233775723,3,3793418000,2675307000,3131506000,2595173000,649427000,12485000,0,601130000,241803000,671768000,30754000,30754000,0.42,None,0.14,245265000,-11277000,-52737000,180194000,413709000,20994000,10.81,11.79,9.83,0.1527,None,2.78,3.85,None,0.18,0.4457,0.3723,0.1712,0.0471,0.62,0.96,1.0309
1994-09-30,76956291,230868873,3,3032710000,1978667000,2373286000,1848921000,648231000,11193000,0,589748000,241262000,427378000,17404000,17404000,0.23,None,0.14,40921000,-27251000,-13708000,6828000,233515000,11479000,10.88,11.58,10.17,None,None,2.81,4.09,None,0.14,None,0.3722,0.2137,None,None,0.13,1.0702
1994-06-30,75437853,226313559,3,3126089000,2186788000,2513783000,2005252000,602422000,9884000,0,517403000,235379000,480796000,54099000,54099000,0.72,None,0.14,18290000,-22351000,-26793000,-25023000,226687000,16552000,10.14,11,9.29,None,None,2.66,4.17,None,0.09,None,0.3907,0.1927,None,None,0.01,1.0905
1994-03-31,75279754,225839262,3,2805188000,1902976000,2244797000,1757057000,548853000,11538000,0,504631000,221863000,404313000,-8790000,-8790000,-0.12,None,0.125,-19198000,-10754000,-14174000,-40558000,251710000,6900000,10.61,11.33,9.88,None,None,2.43,4.23,None,0.04,None,0.4042,0.1957,None,None,-0.12,1.083
1993-12-31,75011265,225033795,3,2869817000,2003156000,2292594000,1835981000,564015000,13208000,0,491170000,226085000,None,None,None,None,None,0,None,None,None,None,292268000,0,10.44,10.96,9.92,None,None,2.51,None,None,0,None,0.4008,0.1965,None,None,None,1.0911
