"Quarter end","Shares","Shares split adjusted","Split factor","Assets","Current Assets","Liabilities","Current Liabilities","Shareholders equity","Non-controlling interest","Preferred equity","Goodwill & intangibles","Long-term debt","Revenue","Earnings","Earnings available for common stockholders","EPS basic","EPS diluted","Dividend per share","Cash from operating activities","Cash from investing activities","Cash from financing activities","Cash change during period","Cash at end of period","Capital expenditures","Price","Price high","Price low","ROE","ROA","Book value of equity per share","P/B ratio","P/E ratio","Cumulative dividends per share","Dividend payout ratio","Long-term debt to equity ratio","Equity to assets ratio","Net margin","Asset turnover","Free cash flow per share","Current ratio"
2019-06-30,176977106,176977106,1,7706806000,1239827000,5212212000,501327000,2494594000,0,0,4114851000,4003248000,1035485000,162760000,162757000,0.92,0.91,0.13,167841000,-36791000,-164818000,-36149000,460662000,36441000,113.09,131.01,95.18,0.2448,0.0813,14.1,8.5,35.12,8.74,0.1504,1.6048,0.3237,0.1503,0.54,0.74,2.4731
2019-03-31,176943121,176943121,1,7774132000,1229393000,5421372000,565377000,2352760000,0,0,4115380000,4180733000,1034531000,161607000,161569000,0.91,0.9,0.13,227589000,-82779000,-124327000,22532000,496811000,80429000,86.73,95.8,77.66,0.2366,0.0792,13.3,5.93,28.07,8.61,0.1567,1.7769,0.3026,0.1463,0.54,0.83,2.1745
2018-12-31,176915530,176915530,1,7468709000,1140783000,4882803000,515601000,2585906000,0,0,5717576000,3918666000,1018090000,137681000,136359000,0.75,0.69,0.13,289159000,-96821000,-201208000,-12347000,474279000,98308000,87.59,99.6,75.58,0.2277,0.0772,14.62,6.05,23.42,8.48,0.1633,1.5154,0.3462,0.1431,0.54,1.08,2.2125
2018-09-30,182441467,182441467,1,7473044000,1199917000,4832862000,467171000,2640182000,0,0,4113669000,3874815000,1015371000,155960000,155898000,0.85,0.85,0.13,281915000,-53822000,-203011000,25586000,486626000,52271000,92.2,100.39,84.01,0.2789,0.0948,14.47,6.73,25.97,8.35,0.147,1.4676,0.3533,0.1591,0.59,1.26,2.5685
2018-06-30,182418038,182418038,1,7466490000,1137022000,4964794000,445573000,2501696000,0,0,4088579000,4053187000,1007580000,142435000,142376000,0.78,0.78,0.13,258700000,-58867000,-227204000,-33198000,461040000,41522000,85.83,89.4,82.26,0.2733,0.0943,13.71,6.54,25.32,8.22,0.1463,1.6202,0.3351,0.1436,0.66,1.19,2.5518
2018-03-31,182306223,182306223,1,7531717000,1178279000,5011143000,1217870000,2394574000,126000000,0,4073511000,3326536000,987170000,141841000,141673000,0.78,0.77,0.13,211893000,-1084639000,913930000,42868000,494238000,46236000,84.4,90.74,78.06,0.2683,0.0944,13.13,6.85,26.46,8.09,0.1443,1.3892,0.3179,0.1313,0.72,0.91,0.9675
2017-12-31,181725568,181725568,1,6331689000,1079244000,3975007000,989092000,2240993000,115689000,0,4592105000,2628002000,1273289000,242208000,241691000,1.32,1.34,0.16,204467000,-87949000,-80174000,36735000,450357000,38523000,72.97,80.51,65.44,0.2597,0.0931,12.33,5.69,32.58,7.96,0.1441,1.1727,0.3539,0.1187,0.78,0.91,1.0911
2017-09-30,183846212,183846212,1,6218890000,998838000,3848728000,971680000,2356760000,13402000,0,4043746000,2394283000,1247576000,123095000,122864000,0.67,0.66,0.1,251233000,-44493000,-222802000,-13967000,413622000,36809000,64.08,70.62,57.53,0.1882,0.0663,12.82,5.21,31.41,7.8,0.1763,1.0159,0.379,0.0871,0.76,1.17,1.0279
2017-06-30,184238052,184238052,1,6277014000,1027008000,3999376000,943180000,2264536000,13102000,0,4086737000,2564068000,1222375000,115014000,114762000,0.62,0.62,0.1,140631000,-33498000,-146200000,-37151000,427589000,26131000,56.26,60.64,51.88,0.1771,0.0599,12.29,4.83,31.26,7.7,0.1938,1.1323,0.3608,0.081,0.74,0.62,1.0889
2017-03-31,184031162,184031162,1,6350680000,1050811000,4191213000,452258000,2144730000,14737000,0,4130844000,3229137000,1184725000,105868000,105495000,0.58,0.57,0.1,260161000,-32804000,-189549000,39386000,464740000,24757000,52.58,55.48,49.69,0.1613,0.0524,11.65,4.59,30.57,7.6,0.2197,1.5056,0.3377,0.0725,0.72,1.28,2.3235
2016-12-31,183354641,183354641,1,6366177000,1022689000,4242164000,420353000,2099920000,24093000,0,4177628000,3313276000,1132224000,73950000,73950000,0.4,0.39,0.1,166949000,-35738000,-147438000,-21529000,425354000,27775000,49.19,51.61,46.77,0.1584,0.0519,11.45,4.38,27.63,7.5,0.2298,1.5778,0.3299,0.0767,0.68,0.76,2.4329
2016-09-30,183816753,183816753,1,6375178000,984868000,4284456000,369475000,2065669000,25053000,0,4209243000,3425147000,1146888000,85352000,85352000,0.46,0.46,0.1,211999000,-28282000,-200568000,-18436000,446883000,18419000,51.45,56.54,46.37,0.1681,0.0592,11.24,4.76,26.12,7.4,0.2236,1.6581,0.324,0.0875,0.68,1.05,2.6656
2016-06-30,183835996,183835996,1,6477033000,1009431000,4468306000,363485000,1985428000,23299000,0,4254707000,3600154000,1151587000,69708000,69708000,0.38,0.38,0.1,193133000,-2384468000,728184000,-1466792000,465319000,27154000,51.31,55.56,47.07,0.1908,0.0739,10.8,4.9,25.15,7.3,0.2019,1.8133,0.3065,0.1097,0.67,0.9,2.7771
2016-03-31,183612032,183612032,1,5423933000,2426434000,3477306000,283697000,1921541000,25086000,0,1855003000,2884274000,739378000,90628000,90628000,0.49,0.49,0.1,145828000,-44388000,1442012000,1542783000,1932111000,23378000,43.02,48.86,37.17,0.2033,0.0885,10.47,4.28,21.84,7.2,0.1949,1.501,0.3543,0.1319,0.67,0.67,8.5529
2015-12-31,183168798,183168798,1,3908300000,882902000,2036208000,339218000,1843018000,29074000,0,1873744000,1383634000,716843000,82828000,82828000,0.45,0.45,0.1,139640000,-63566000,-132325000,-58522000,389328000,59377000,51.09,56.37,45.82,0.2022,0.0946,10.06,5.01,26.2,7.1,0.202,0.7507,0.4716,0.131,0.72,0.44,2.6028
2015-09-30,183989416,183989416,1,3889522000,896324000,1985355000,325361000,1875615000,28552000,0,1893905000,1377927000,707890000,120622000,120622000,0.66,0.65,0.1,175261000,-41106000,-32185000,98472000,447850000,28754000,45.08,48.64,41.52,0.2049,0.0949,10.19,4.67,25.76,7,0.2042,0.7347,0.4822,0.1338,0.71,0.8,2.7549
2015-06-30,183949954,183949954,1,3812524000,787745000,2009987000,331224000,1774224000,28313000,0,1913304000,1387514000,692652000,82839000,82839000,0.45,0.45,0.1,126801000,-55798000,-52488000,21266000,349378000,25268000,40.3,42.72,37.89,0.1891,0.0862,9.65,4.35,21.44,6.9,0.228,0.782,0.4654,0.1244,0.69,0.55,2.3783
2015-03-31,184311974,184311974,1,3777438000,760640000,2040017000,344493000,1707677000,29744000,0,1931346000,1396044000,662156000,77755000,77755000,0.42,0.42,0.1,158492000,-41714000,-73756000,38929000,328112000,31189000,36.15,39.02,33.27,0.2097,0.0943,9.27,3.95,21.02,6.8,0.2109,0.8175,0.4521,0.1396,0.68,0.69,2.208
2014-12-31,185053781,185053781,1,3733581000,690553000,2011445000,296513000,1692762000,29374000,0,1951504000,1405106000,635102000,79860000,79860000,0.43,0.43,0.1,170087000,-62079000,-80284000,23142000,289183000,45936000,31.62,34.41,28.83,0.1957,0.0869,9.15,3.49,19.4,6.7,0.2309,0.8301,0.4534,0.132,0.66,0.67,2.3289
2014-09-30,185897897,185897897,1,3720582000,688701000,2008925000,301394000,1682544000,29113000,0,1972583000,1416195000,616891000,83805000,83805000,0.45,0.45,0.1,150672000,-102989000,-28614000,15084000,266041000,34964000,31.52,32.41,30.63,0.1903,0.0834,9.05,3.61,20.74,6.6,0.2424,0.8417,0.4522,0.1279,0.65,0.62,2.2851
2014-06-30,185680678,185680678,1,3677909000,651938000,2030245000,322892000,1618433000,29231000,0,1993478000,1418292000,602036000,109904000,109904000,0.59,0.58,0.1,90736000,-13475000,-135101000,-56456000,250957000,36813000,30.7,32.7,28.7,0.1804,0.078,8.72,3.6,24.56,6.5,0.26,0.8763,0.44,0.1213,0.64,0.29,2.0191
2014-03-31,188738707,188738707,1,3721219000,688856000,2067620000,327695000,1607162000,46437000,0,2001785000,1425838000,592848000,49303000,49303000,0.26,0.26,0.1,148706000,-48064000,-72474000,29183000,307413000,29339000,31,33.28,28.71,0.1503,0.0661,8.52,3.68,24.03,6.4,0.3189,0.8872,0.4319,0.1049,0.63,0.63,2.1021
2013-12-31,187858119,187858119,1,3686568000,653933000,2044490000,297215000,1581077000,61001000,0,2024598000,1435751000,600840000,65656000,65656000,0.34,0.34,0.1,144913000,-75379000,-188269000,-118630000,278230000,56006000,30.89,33.3,28.49,0.159,0.0773,8.42,3.65,24.32,6.3,0.3081,0.9081,0.4289,0.1148,0.67,0.47,2.2002
2013-09-30,189780958,189780958,1,3754886000,760581000,2090634000,297652000,1604768000,59484000,0,2046654000,1504719000,588074000,64350000,64350000,0.34,0.34,0.1,150237000,-1355011000,225189000,-977349000,396860000,27893000,27.29,29.93,24.65,0.16,0.0872,8.46,3.41,21.83,6.2,0.3137,0.9377,0.4274,0.1193,0.73,0.64,2.5553
2013-06-30,189417117,189417117,1,3188177000,1716637000,1614258000,208424000,1515906000,58013000,0,636166000,1273928000,478443000,57716000,57716000,0.31,0.31,0.1,104811000,-23687000,1071579000,1151112000,1374209000,12252000,23.78,24.94,22.62,0.1631,0.1023,8,3.06,18.43,6.1,0.3178,0.8404,0.4755,0.1248,0.82,0.49,8.2363
2013-03-31,187012839,187012839,1,2039194000,566702000,525648000,220197000,1454801000,58745000,0,641471000,185746000,464996000,57028000,57028000,0.31,0.3,0.1,52437000,-55759000,-16685000,-24515000,223097000,41682000,23.38,24.78,21.97,0.173,0.1229,7.78,3.06,18.12,6,0.3056,0.1277,0.7134,0.1306,0.94,0.06,2.5736
2012-12-31,186586846,186586846,1,2023838000,574726000,539398000,230519000,1425210000,59230000,0,648398000,192014000,479100000,60863000,60863000,0.33,0.32,0.1,121766000,-156591000,-70822000,-108957000,247612000,24798000,22.71,24.19,21.23,0.1758,0.1247,7.64,3.05,17.6,5.9,0.3073,0.1347,0.7042,0.1306,0.96,0.52,2.4932
2012-09-30,186837768,186837768,1,1969919000,690953000,519567000,221436000,1390945000,59407000,0,524786000,197357000,468059000,60312000,60312000,0.32,0.32,0.1,130583000,-92881000,-103855000,-62074000,356569000,17674000,23.52,24.39,22.64,0.1791,0.1269,7.44,3.17,18.52,5.8,0.3095,0.1419,0.7061,0.1305,0.97,0.6,3.1203
2012-06-30,188069286,188069286,1,1936541000,753840000,522823000,372098000,1392951000,20767000,0,430581000,60076000,462651000,66710000,66710000,0.35,0.35,0.1,105491000,-40962000,-14994000,47688000,418643000,29197000,22.91,23.93,21.88,0.1806,0.1277,7.41,3.21,19.09,5.7,0.2932,0.0431,0.7193,0.1299,0.98,0.41,2.0259
2012-03-31,189081320,189081320,1,1906135000,712980000,537911000,383034000,1349051000,19173000,0,435561000,57687000,461162000,56395000,56395000,0.3,0.3,0.1,97913000,-19360000,-23294000,54618000,370955000,12012000,21.29,23.18,19.4,0.1736,0.1226,7.13,3.09,18.51,5.6,0.2865,0.0428,0.7077,0.124,0.99,0.45,1.8614
2011-12-31,188880349,188880349,1,1858392000,650181000,537383000,380576000,1301289000,19720000,0,436748000,63593000,472235000,59874000,59874000,0.32,0.32,0.1,138654000,-35047000,-63334000,35624000,316337000,22837000,19.63,19.71,19.54,0.1717,0.1204,6.89,3.04,18.18,5.5,0.2718,0.0489,0.7002,0.1219,0.99,0.61,1.7084
2011-09-30,201357765,201357765,1,1849050000,631791000,531347000,216479000,1298173000,19530000,0,438186000,211063000,459747000,58148000,58148000,0.3,0.3,0.07,98371000,-21912000,-57291000,17379000,280713000,13818000,17.05,17.25,16.86,0.1637,0.1121,6.45,2.51,16.88,5.4,0.2627,0.1626,0.7021,0.1173,0.96,0.42,2.9185
2011-06-30,192662668,192662668,1,1832278000,587661000,503620000,229204000,1310229000,18429000,0,442747000,214015000,447554000,53747000,53747000,0.28,0.28,0.07,97123000,-70041000,-19793000,10846000,263334000,15949000,18.5,18.64,18.36,0.1557,0.1044,6.8,2.9,18.88,5.33,0.2769,0.1633,0.7151,0.112,0.93,0.42,2.5639
2011-03-31,192652326,192652326,1,1785025000,572011000,539608000,218416000,1228015000,17402000,0,399306000,219114000,429430000,48790000,48790000,0.25,0.25,0.07,102171000,-14420000,-230635000,-142307000,252488000,7218000,18.07,18.16,17.99,0.1546,0.1014,6.37,2.81,18.25,5.26,0.2844,0.1784,0.688,0.1105,0.92,0.49,2.6189
2010-12-31,193409543,193409543,1,1952261000,721813000,694456000,227270000,1241124000,16681000,0,403517000,225276000,435241000,47173000,47173000,0.25,0.25,0.07,109258000,-102333000,17518000,22195000,394795000,69547000,15.54,16.1,14.97,0.1575,0.103,6.42,2.43,14.94,5.19,0.2824,0.1815,0.6357,0.1129,0.91,0.21,3.176
2010-09-30,194324860,194324860,1,1920955000,747031000,662283000,219138000,1242976000,15696000,0,407765000,224814000,433236000,45743000,45743000,0.23,0.23,0.07,84194000,-43547000,-62895000,-15393000,372600000,24885000,14.57,15.74,13.41,0.1704,0.1135,6.4,2.32,13.37,5.12,0.2659,0.1809,0.6471,0.1205,0.94,0.31,3.409
2010-06-30,197412493,197412493,1,1895864000,738403000,642862000,208655000,1238790000,14212000,0,410490000,224904000,433746000,49704000,49704000,0.25,0.25,0.07,62173000,-187213000,-17916000,-146494000,387993000,38237000,15.25,16.99,13.52,0.1823,0.1228,6.28,2.5,13.74,5.05,0.2554,0.1816,0.6534,0.126,0.97,0.12,3.5389
2010-03-31,197400167,197400167,1,1764043000,871645000,549116000,228650000,1201510000,13417000,0,289852000,226635000,415354000,51327000,51327000,0.26,0.26,0.07,133535000,-28613000,-18383000,84532000,534487000,9170000,15.93,17.75,14.11,0.1917,0.1297,6.09,2.67,14.61,4.98,0.251,0.1886,0.6811,0.1298,1,0.63,3.8121
2009-12-31,197230902,197230902,1,1710954000,810896000,521507000,220779000,1175801000,13646000,0,182253000,205123000,434840000,60214000,60214000,0.3,0.3,0.07,90081000,-37997000,-19492000,29815000,449955000,12673000,16.23,17.71,14.76,0.1952,0.1302,5.96,2.83,14.49,4.91,0.2565,0.1745,0.6872,0.1275,1.02,0.39,3.6729
2009-09-30,197184497,197184497,1,1676267000,778329000,536113000,227300000,1129014000,11140000,0,295444000,208983000,432296000,55026000,55026000,0.28,0.28,0.07,113961000,-24626000,-17203000,73861000,420141000,7560000,14.52,16.43,12.61,0.2095,0.1372,5.73,2.64,12.41,4.84,0.2495,0.1851,0.6735,0.1267,1.08,0.54,3.4242
2009-06-30,197146311,197146311,1,1634779000,715420000,540319000,233005000,1083915000,10545000,0,300671000,211788000,411993000,53447000,53447000,0.27,0.27,0.07,120425000,-31671000,-17682000,68734000,346280000,11603000,13.49,14.79,12.2,0.226,0.1449,5.5,2.6,11.06,4.77,0.2396,0.1954,0.663,0.1269,1.14,0.55,3.0704
2009-03-31,197160976,197160976,1,1589152000,678944000,557617000,255233000,1021806000,9729000,0,295325000,211106000,408933000,46526000,46526000,0.24,0.24,0.07,98670000,-25138000,-14921000,57527000,277545000,2181000,13.2,15.07,11.33,0.2445,0.1531,5.18,2.63,10.39,4.7,0.2301,0.2066,0.643,0.1273,1.2,0.49,2.6601
2008-12-31,197273497,197273497,1,1550252000,625101000,549403000,248711000,990948000,9901000,0,183447000,209870000,493380000,66328000,66328000,0.34,0.33,0.07,74345000,-88465000,-66246000,-88986000,220018000,12467000,13.41,16.47,10.36,0.2637,0.1612,5.02,2.69,11.46,4.63,0.2211,0.2118,0.6392,0.129,1.25,0.31,2.5134
2008-09-30,196828728,196828728,1,1586497000,694632000,595686000,305987000,981257000,9554000,0,292533000,189210000,500392000,64074000,64074000,0.33,0.33,0.07,104633000,-33568000,-18205000,51201000,309004000,9206000,18.73,23.15,14.3,0.2517,0.1496,4.99,3.97,15.74,4.56,2.8674,0.1928,0.6185,0.1205,1.24,0.48,2.2701
2008-06-30,197678378,197678378,1,1546079000,654138000,603000000,306348000,933278000,9801000,0,302640000,192024000,483113000,63084000,63084000,0.32,0.32,0.07,74768000,-35656000,-25558000,15154000,257803000,11946000,24.38,26.62,22.14,0.231,0.1469,4.72,5.44,20.32,4.49,2.8098,0.2058,0.6036,0.1258,1.17,0.32,2.1353
2008-03-31,198184002,198184002,1,1522977000,625569000,625268000,333658000,887916000,9793000,0,303333000,193854000,461723000,56614000,56614000,0.29,0.29,0.07,99999000,-36282000,-30077000,32131000,242649000,14350000,24.13,29.5,18.76,0.2128,0.145,4.48,5.68,20.11,4.42,2.7788,0.2183,0.583,0.1288,1.13,0.43,1.8749
2007-12-31,198849665,198849665,1,1479020000,586578000,625967000,273795000,844473000,8580000,0,307606000,256593000,458513000,45680000,45680000,0.24,0.23,3.1,87384000,-64020000,-414634000,-382316000,210518000,18854000,27.67,30.99,24.35,0.1966,0.1423,4.25,3.94,19.76,4.35,2.7709,0.3038,0.571,0.1315,1.08,0.34,2.1424
2007-09-30,197911497,197911497,1,1826886000,963409000,429178000,252280000,1389765000,7943000,0,303689000,73862000,457565000,68802000,68802000,0.35,0.35,0.07,127972000,-33993000,51486000,140640000,592834000,14982000,28.34,30.01,26.68,0.2143,0.1633,7.02,4.21,21.31,1.25,0.1984,0.0531,0.7607,0.1506,1.08,0.57,3.8188
2007-06-30,197494382,197494382,1,1704499000,832951000,368477000,246669000,1329000000,7022000,0,301802000,9634000,460155000,65688000,65688000,0.33,0.33,0.07,53056000,-11948000,-12037000,30483000,452194000,4206000,32.02,35.05,29,0.2136,0.1621,6.73,4.99,24.82,1.18,0.209,0.0072,0.7797,0.144,1.13,0.25,3.3768
2007-03-31,197396834,197396834,1,1663109000,777659000,388624000,271231000,1267862000,6623000,0,308625000,7084000,429603000,57273000,57273000,0.29,0.29,0.07,66450000,-31772000,-1519000,32588000,421711000,17232000,29.29,33.09,25.48,0.2167,0.1635,6.42,4.75,23.25,1.11,0.2155,0.0056,0.7623,0.1419,1.15,0.25,2.8671
2006-12-31,197382904,197382904,1,1634241000,744716000,410652000,295787000,1217360000,6229000,0,322100000,3625000,503901000,87058000,87058000,0.44,0.43,0.07,157726000,-11842000,-14060000,133401000,389123000,5303000,24.5,26.61,22.4,0.2209,0.1657,6.17,4.25,22.48,1.04,0.2136,0.003,0.7449,0.1394,1.19,0.77,2.5177
2006-09-30,196936671,196936671,1,1519957000,592662000,379338000,276018000,1136505000,4114000,0,316583000,1740000,441815000,54306000,54306000,0.28,0.28,0.07,99461000,-104627000,-30794000,-39761000,255722000,6897000,20.95,24.02,17.87,0.1967,0.1462,5.77,3.73,19.95,0.97,0.2419,0.0015,0.7477,0.1243,1.18,0.47,2.1472
2006-06-30,196612906,196612906,1,1447447000,590666000,338573000,233564000,1104910000,3964000,0,271736000,2261000,429165000,57406000,57406000,0.29,0.29,0.07,90187000,-26821000,-12504000,52626000,295483000,8520000,19.34,20.76,17.92,0.1983,0.1455,5.62,3.62,18.96,0.9,0.2398,0.002,0.7634,0.1221,1.19,0.42,2.5289
2006-03-31,197433706,197433706,1,1414869000,545193000,357128000,244043000,1053998000,3743000,0,268517000,0,412290000,50393000,50393000,0.26,0.26,0.06,38385000,-20889000,-12239000,5288000,242857000,5786000,19.66,20.79,18.54,0.1999,0.1439,5.34,3.83,19.86,0.83,0.2382,0,0.7449,0.1194,1.21,0.17,2.234
2005-12-31,197433707,197433707,1,1410897000,512289000,394443000,277012000,1012772000,3682000,0,290306000,3555000,420735000,49698000,49698000,0.26,0.26,0.06,114993000,-62040000,-12876000,38213000,237569000,7364000,20.7,23.65,17.76,0.2034,0.1444,5.13,4.19,22.02,0.77,0.2231,0.0035,0.7178,0.1214,1.19,0.55,1.8493
2005-09-30,197274881,197274881,1,1376024000,506301000,398290000,235736000,973969000,3765000,0,268032000,0,421969000,48056000,48056000,0.24,0.24,0.06,86184000,-20397000,-9768000,55631000,199356000,13157000,23.86,25.2,22.51,0.2043,0.1429,4.94,5.02,26.51,0.71,0.2099,0,0.7078,0.1261,1.13,0.37,2.1477
2005-06-30,197202781,197202781,1,1322810000,435416000,381710000,251466000,937291000,3809000,0,271755000,91000,410243000,50643000,50643000,0.26,0.26,0.06,82288000,-28018000,-8658000,45809000,143725000,9681000,24.18,25.88,22.48,0.203,0.1428,4.75,5.29,29.49,0.65,0.1983,0.0001,0.7086,0.1303,1.1,0.37,1.7315
2005-03-31,197075431,197075431,1,1277029000,370841000,372197000,228666000,900982000,3850000,0,277908000,1317000,349984000,46123000,46123000,0.23,0.23,0.04,-44535000,-79705000,-7453000,-133890000,97916000,10702000,23.75,25.5,22,0.1943,0.1391,4.57,5.41,31.25,0.59,0.192,0.0015,0.7055,0.1311,1.06,-0.28,1.6218
2004-12-31,196848529,196848529,1,1281943000,448156000,413517000,277903000,864612000,3814000,0,207681000,0,307157000,42970000,42970000,0.21,0.21,0.04,152352000,-30592000,-8209000,116929000,231806000,4075000,24.63,26.66,22.59,0.1858,0.1352,4.39,5.91,32.84,0.55,0.183,0,0.6745,0.1268,1.07,0.75,1.6126
2004-09-30,196848529,196848529,1,1127997000,328508000,302680000,202525000,821776000,3541000,0,203501000,0,304993000,39141000,39141000,0.2,0.2,0.04,67228000,-85754000,-8155000,-27052000,114878000,10489000,23.2,25.52,20.89,0.1891,0.1409,4.17,5.77,31.78,0.51,0.1607,0,0.7285,0.1269,1.11,0.29,1.6221
2004-06-30,196848529,196848529,1,1030839000,292929000,235527000,140926000,791738000,3574000,0,148376000,0,289622000,35886000,35886000,0.18,0.18,0.04,68496000,-28693000,-4336000,35671000,141930000,19791000,22.37,23.74,21,0.1927,0.1451,4.02,5.77,31.07,0.47,0.1373,0,0.7681,0.1281,1.13,0.25,2.0786
2004-03-31,196846029,196846029,1,1014254000,269105000,247627000,156466000,763042000,3585000,0,151971000,0,285236000,32561000,32561000,0.17,0.17,0.02,43959000,-15744000,-45572000,-16615000,106259000,19535000,25.37,31.27,19.47,0.1998,0.1487,3.88,6.82,35.73,0.43,0.111,0,0.7523,0.1304,1.14,0.12,1.7199
2003-12-31,196846029,196846029,1,1001236497,274362967,265263426,146971170,732533647,3439424,0,155097486,0,278299526,39417789,39417789,0.21,0.2,0.02,96649125,-27385303,-4334189,67243087,122873589,11786580,28.79,31.5,26.07,0.2085,0.1554,3.72,8.23,41.13,0.41,0.1089,0,0.7316,0.1338,1.16,0.43,1.8668
2003-09-30,196820178,196820178,1,905009759,226565859,212769318,123745513,689020480,3219961,0,157851282,224230,266114824,35512189,35512189,0.18,0.18,0.02,59041806,-31202166,-20968389,7455232,55630502,-22949975,24.74,26.99,22.49,0.2156,0.1628,3.5,7.45,36.38,0.39,0.1106,0.0003,0.7613,0.1341,1.21,0.42,1.8309
2003-06-30,196777820,196777820,1,892946944,232064849,236251095,140913779,653682828,3013021,0,159045667,20548133,257698409,34306997,34306997,0.17,0.17,0.02,49843647,-146801198,7909319,-90065468,48175270,115907601,19.3,23.2,15.39,0.2192,0.1668,3.32,6.03,29.24,0.37,0.1103,0.0314,0.7321,0.1352,1.23,-0.34,1.6469
2003-03-31,196621470,196621470,1,828829039,298854784,196598981,124419464,629371414,2858644,0,127476997,45426,251353154,31735992,31735992,0.16,0.16,0.018,60820597,-29256676,-3472736,29069532,138240738,20491194,15.19,17.12,13.25,0.2194,0.1705,3.2,4.96,23.73,0.35,0.1108,0.0001,0.7594,0.1329,1.28,0.21,2.402
2002-12-31,197049470,197049470,1,782867510,265978774,177917757,113981717,602205890,2743863,0,123728968,67354,259361268,37214752,37214752,0.19,0.19,0.02,64100736,-71699313,-3550928,-11149505,109171206,29273658,12.65,14.29,11.01,0.2205,0.1722,3.06,4.23,20.74,0.34,0.1104,0.0001,0.7692,0.1317,1.31,0.18,2.3335
2002-09-30,197049470,197049470,1,747493094,276857635,155566734,110584606,589257934,2668426,0,0,0,234931733,32346538,32346538,0.16,0.16,0.018,61979538,-18555482,-3448821,39975235,117632633,11922321,16.04,19.35,12.73,0.2166,0.1692,2.99,5.65,27.66,0.32,0.101,0,0.7883,0.1362,1.24,0.25,2.5036
2002-06-30,197049470,197049470,1,706059303,241459216,143150722,95527029,560290100,2618481,0,0,0,237014266,29329998,29329998,0.15,0.15,0.0175,20635306,-22107184,-2789963,-4261841,77657398,21455320,22.08,25.85,18.31,0.2154,0.1655,2.84,8.21,39.43,0.3,0.1016,0,0.7935,0.1399,1.18,-0,2.5277
2002-03-31,196982670,196982670,1,685116503,232123027,152686157,101504174,530122750,2307596,0,0,0,223825564,26913683,26913683,0.14,0.14,0.015,50898217,-22059253,-2880813,25958151,81919239,18439565,25.06,29.44,20.68,0.2208,0.167,2.69,9.87,47.28,0.28,0.0999,0,0.7738,0.1497,1.12,0.16,2.2868
2001-12-31,196965670,196965670,1,652277008,206353917,149106744,102553083,500811686,2358578,0,0,0,170847932,29472697,29472697,0.16,0.16,0.01,34344873,-42014128,-2921658,-10590913,55961088,27529845,22.68,26.45,18.91,0.2226,0.1652,2.54,9.33,47.25,0.27,0.1043,0,0.7678,0.1582,1.04,0.03,2.0122
2001-09-30,194778670,194778670,1,643293725,223773257,167511876,127829473,473249470,2532379,0,0,0,162954429,25458316,25458316,0.13,0.13,0.015,37030394,-13688824,-2920447,20421123,66552001,12690342,27.92,35.84,20,0.2163,0.1556,2.43,12.14,62.04,0.26,0.1127,0,0.7357,0.1495,1.04,0.12,1.7506
2001-06-30,194778670,194778670,1,600652512,187697105,149759377,112426438,448650348,2242787,0,0,0,162471708,25956395,25956395,0.13,0.13,0.015,17709211,-22361125,-2887293,-7539207,46130878,22233630,28.05,32,24.1,0.2118,0.1512,2.3,12.81,63.75,0.24,0.1154,0,0.7469,0.1426,1.06,-0.02,1.6695
2001-03-31,194761020,194761020,1,594836584,190257259,166438273,127227403,426152749,2245562,0,0,0,154133581,22014621,22014621,0.11,0.11,0.015,-715762,-23480896,-2205152,-26401810,53670085,22307237,23.06,24.63,21.5,0.2177,0.1546,2.19,10.98,52.41,0.23,0.1119,0,0.7164,0.1427,1.08,-0.12,1.4954
2000-12-31,194761020,194761020,1,604392682,210955226,192794812,147300590,409014188,2583682,0,0,0,155985115,21588973,21588973,0.11,0.11,0.01,56032375,-64666007,-3114183,-11747815,80071895,62798748,18.82,22.75,14.88,0.2248,0.1606,2.1,9.41,43.77,0.21,0.1023,0,0.6767,0.1424,1.13,-0.03,1.4321
2000-09-30,194781170,194781170,1,545328451,212952629,152762504,119015699,389999378,2566569,0,0,0,148958597,19066585,19066585,0.1,0.1,0.0125,55133126,-54434097,-2501154,-1802125,91819710,15465187,17.38,18.75,16,0.2327,0.1699,2,9.05,41.38,0.2,0.1039,0,0.7152,0.1431,1.19,0.2,1.7893
2000-06-30,194783770,194783770,1,506666002,220020100,133242512,101086746,373423490,0,0,0,0,150489751,24330582,24330582,0.12,0.12,0.0125,35635615,-4224277,-2152518,29258820,93621835,19339910,18.19,20.63,15.75,0.239,0.176,1.92,10.05,46.64,0.19,0.1007,0,0.737,0.1422,1.24,0.08,2.1765
2000-03-31,194780470,194780470,1,476083007,189785884,124449064,93576499,351633943,0,0,0,0,145859279,20657241,20657241,0.11,0.11,0.01,19503739,-6787271,-3256560,9459908,64363015,6787271,16.78,18.56,15,0.2342,0.1736,1.81,9.76,47.94,0.18,0.1022,0,0.7386,0.1352,1.28,0.07,2.0281
1999-12-31,194832720,194832720,1,457349538,179675933,123057482,103261836,334292056,0,0,0,159766,143795779,20274826,20274826,0.1,0.1,0.01,52619738,-29863793,-3276567,19479378,54903107,18304391,17,19,15,0.2219,0.1663,1.72,10.49,50,0.17,0.1137,0.0005,0.7309,0.1285,1.29,0.18,1.74
1999-09-30,194918470,194918470,1,428509306,173549995,112336911,88144439,316172395,0,0,0,204286,137827221,16933721,16933721,0.09,0.09,0.01,20079585,-13705671,-1949345,4424569,35423729,12682172,16.88,19.63,14.13,0.2254,0.1714,1.62,10.89,51.15,0.16,0.118,0.0006,0.7378,0.1324,1.29,0.04,1.9689
1999-06-30,194936570,194936570,1,396136690,147529948,94908631,72966485,301228059,0,0,0,204286,136992499,18435861,18435861,0.09,0.09,0.01,37493169,-21461636,-1896414,14135119,30999160,24076169,19.22,20.88,17.56,0.2318,0.1784,1.55,13.16,64.07,0.15,0.1211,0.0007,0.7604,0.1396,1.28,0.07,2.0219
1999-03-31,194917727,194917727,1,368285928,130871996,83551260,64836874,284734668,0,0,0,204286,115310512,12948568,12948568,0.07,0.07,0.01,24334863,-15096960,-1929622,7308281,16864041,14357915,22.25,26.25,18.25,0.2194,0.1687,1.46,16.01,79.46,0.14,0.1352,0.0007,0.7731,0.1386,1.22,0.05,2.0185
1998-12-31,194909527,194909527,1,348908312,119722091,78554593,59249795,270353719,0,0,0,211316,109004752,17759557,17759557,0.09,0.09,0.01,12353932,-31214546,-1967118,-20827732,9555760,27392644,19.32,24.19,14.44,0.2206,0.1685,1.39,14.75,71.56,0.13,0.1329,0.0008,0.7749,0.1384,1.22,-0.08,2.0206
1998-09-30,194043698,194043698,1,328366753,125992443,74922926,64590484,253443827,0,0,0,274703,99401925,15171168,15171168,0.08,0.08,0.01,18010619,-21133543,-1953900,-5076824,30383492,15830367,18.13,21.44,14.81,0.2237,0.1693,1.31,14.62,70.64,0.12,0.1254,0.0011,0.7718,0.1378,1.23,0.01,1.9506
1998-06-30,194024348,194024348,1,318194469,129097932,78000938,66162386,240193531,0,0,0,297249,91469098,11650057,11650057,0.06,0.06,0.01,7737005,-23888823,-1443529,-17595347,35460316,22506792,21.19,23.94,18.44,0.2267,0.169,1.24,17.81,84.76,0.11,0.12,0.0012,0.7549,0.1353,1.25,-0.08,1.9512
1998-03-31,194009062,194009062,1,305843099,133307809,75401535,63249454,230441564,0,0,0,319714,96318293,10250361,10250361,0.05,0.05,0.0075,24844335,-13665349,-1459245,9719741,53055663,10684453,18.22,21.44,15,0.2307,0.1708,1.19,15.98,73.86,0.1,0.1163,0.0014,0.7535,0.1313,1.3,0.07,2.1077
1997-12-31,129331775,193997662,1.5,296857937,132405707,75603181,61506397,221254756,0,0,0,342096,96491141,15794925,15794925,0.12,None,0.01,20233064,-12281974,-4613905,3337185,43335922,10104039,15.91,19.63,12.19,0.2347,0.1731,1.14,14.87,66.29,0.09,0.1198,0.0015,0.7453,0.1313,1.32,0.05,2.1527
1997-09-30,129326275,193989412,1.5,284263464,125393551,77491234,63770060,206772230,0,0,0,401712,92134977,13225395,13225395,0.1,None,0.011,14695617,-5293199,705969,10108387,39998737,4376176,15.59,16.63,14.56,0.2395,0.1754,1.07,15.59,66.81,0.08,0.1239,0.0019,0.7274,0.1308,1.34,0.05,1.9663
1997-06-30,129312380,193968570,1.5,265595394,107116851,70756067,56363966,194839327,0,0,0,423931,89736807,9941445,9941445,0.08,None,0.012,14072514,-7486586,-501764,6084164,29890350,8139627,19.03,23.06,15,0.2427,0.1763,1,19.82,86.5,0.07,0.1322,0.0022,0.7336,0.1299,1.36,0.03,1.9004
1997-03-31,129289680,193934520,1.5,250454939,92667903,64265156,49158729,186189783,0,0,0,446070,83136474,8516707,8516707,0.07,None,0.011,16116403,-18305966,-1500308,-3689871,23806186,10444585,20.13,23.06,17.19,0.2447,0.1766,0.96,21.88,97.4,0.07,0.1355,0.0024,0.7434,0.1297,1.36,0.03,1.8851
1996-12-31,129289680,193934520,1.5,246759083,98322938,67881336,52105345,178877747,0,0,0,474513,85878329,14220940,14220940,0.11,None,0.01,13949048,-9899593,-1543207,2506248,27496057,7917302,18.38,19.83,16.92,0.243,0.1743,0.92,21.62,100.25,0.06,0.1442,0.0027,0.7249,0.1265,1.38,0.03,1.887
1996-09-30,129289680,193934520,1.5,236072971,98468786,70461213,53635057,165611758,0,0,0,549556,80178654,11346910,11346910,0.09,None,0.012,19648761,-16662414,-1508845,1477502,24989809,5353299,15.59,17.5,13.67,0.2262,0.1622,0.85,19.49,97.44,0.05,0.1637,0.0033,0.7015,0.1171,1.39,0.07,1.8359
1996-06-30,129289680,193934520,1.5,217934357,84795927,62222836,45853695,155711521,0,0,0,589991,74489387,7900117,7900117,0.06,None,0.011,14611484,-9202218,-1509906,3899360,23512307,7120839,15.79,18.25,13.33,0.2104,None,0.8,20.51,105.27,0.04,0.1815,0.0038,0.7145,0.1089,1.39,0.04,1.8493
1996-03-31,129288722,193933083,1.5,204040528,77813337,55172051,37798636,148868477,0,0,0,630500,71101979,5969214,5969214,0.05,None,0.011,9844486,-7572970,-1508192,763324,19612947,7572970,10.84,14,7.67,0.2064,None,0.77,14.65,77.43,0.04,0.1945,0.0042,0.7296,0.1081,1.39,0.01,2.0586
1995-12-31,64644361,193933083,3,198999801,77826902,54527780,37580775,144472021,0,0,0,686955,71085847,9543094,9543094,0.15,None,0.02,11009159,-10967340,-3498377,-3456558,18849623,10270218,8.84,10.59,7.09,None,None,0.74,12.63,None,0.03,0.2039,0.0048,0.726,None,None,0,2.0709
1995-09-30,64631294,193893882,3,190335325,77200273,53683244,36422843,136652081,0,0,0,773449,66108316,7389910,7389910,0.11,None,0.0225,18586927,-3008900,-1500830,14077197,22306181,2269606,6.5,8.09,4.92,None,None,0.7,9.7,None,0.02,None,0.0057,0.718,None,None,0.08,2.1196
1995-06-30,64631294,193893882,3,173521913,61055590,43198290,24425511,130323623,0,0,0,2790563,59133125,6013579,6013579,0.09,None,0.0225,4687965,-7721846,469831,-2564050,8228984,4035029,5.13,5.75,4.5,None,None,0.67,7.89,None,0.01,None,0.0214,0.751,None,None,0,2.4997
1995-03-31,64631294,193893882,3,166084268,56724199,40350142,24915071,125734126,0,0,0,877292,53380409,4783519,4783519,0.07,None,0.0225,3639275,-6000792,-1530123,-3891640,10793034,5050715,5.75,6.09,5.42,None,None,0.65,None,None,0.0075,None,0.007,0.7571,None,None,-0.01,2.2767
