"Quarter end","Shares","Shares split adjusted","Split factor","Assets","Current Assets","Liabilities","Current Liabilities","Shareholders equity","Non-controlling interest","Preferred equity","Goodwill & intangibles","Long-term debt","Revenue","Earnings","Earnings available for common stockholders","EPS basic","EPS diluted","Dividend per share","Cash from operating activities","Cash from investing activities","Cash from financing activities","Cash change during period","Cash at end of period","Capital expenditures","Price","Price high","Price low","ROE","ROA","Book value of equity per share","P/B ratio","P/E ratio","Cumulative dividends per share","Dividend payout ratio","Long-term debt to equity ratio","Equity to assets ratio","Net margin","Asset turnover","Free cash flow per share","Current ratio"
2019-06-30,491110300,491110300,1,13713093000,None,7093821000,None,6054404000,564868000,0,317960000,6231752000,491567000,-13597000,-13597000,-0.03,-0.03,0.37,221978000,-928700000,716137000,9400000,156052000,917074000,31.22,33.58,28.86,0.1706,0.0747,12.33,2.56,13.94,45.02,0.7259,1.0293,0.4415,0.5351,0.14,-1.42,None
2019-03-31,477983011,477983011,1,12899501000,None,6500436000,None,5836882000,562183000,0,275565000,5674647000,436154000,61470000,61470000,0.13,0.13,0.37,158582000,-160277000,8521000,6806000,146652000,139494000,29.52,32.23,26.8,0.1964,0.083,12.21,2.37,13.48,44.65,0.6494,0.9722,0.4525,0.5988,0.14,0.04,None
2018-12-31,477771756,477771756,1,12718553000,None,6205962000,None,5944439000,568152000,0,352079000,5477123000,441919000,831548000,830156000,1.76,1.71,0.37,215791000,1011745000,-1196377000,31105000,139846000,-1049874000,27.37,30.27,24.47,0.1982,0.0796,12.44,2.54,76.03,44.28,0.6597,0.9214,0.4674,0.5731,0.14,2.65,None
2018-09-30,469918837,469918837,1,13083958000,None,7443583000,None,5071168000,569207000,0,305805000,6705759000,456022000,99371000,98946000,0.21,0.21,0.37,193244000,325766000,-532419000,-13188000,108741000,62028000,26.26,27.43,25.09,0.0327,0.0125,10.79,2.4,202,43.91,4.1037,1.3223,0.3876,0.0917,0.14,0.28,None
2018-06-30,469832569,469832569,1,13451387000,None,8034664000,None,5143494000,273229000,0,294056000,7309972000,469551000,89942000,89481000,0.19,0.19,0.37,243510000,481040000,-720502000,3961000,121929000,-145338000,23.86,25.91,21.8,0.0118,0.0046,10.95,2.15,None,43.54,11.0872,1.4212,0.3824,0.034,0.13,0.83,None
2018-03-31,469755917,469755917,1,14067571000,None,8586648000,None,5206291000,274632000,0,395298000,7871735000,479197000,40232000,39841000,0.08,0.08,0.37,196164000,10728000,-171238000,35765000,117968000,124623000,23.82,26.16,21.48,-0.0014,-0.0005,11.08,2.11,27.38,43.17,None,1.512,0.3701,None,0.13,0.15,None
2017-12-31,469443487,469443487,1,14088461000,None,8493523000,None,5301005000,293933000,0,457082000,7786301000,443259000,-58702000,-58857000,-0.12,-0.12,0.37,209145000,-509566000,206502000,-93944000,82203000,512623000,26.36,27.62,25.09,0.0738,0.0291,11.29,2.24,23.54,42.8,1.6807,1.4688,0.3763,0.2234,0.13,-0.65,None
2017-09-30,469108449,469108449,1,13904081000,None,8049850000,None,5531433000,322798000,0,447886000,7371385000,454023000,-7657000,-7788000,-0.02,-0.02,0.37,206307000,-201763000,-262796000,-258078000,133887000,185485000,30.06,32.65,27.47,0.0938,0.0363,11.79,2.47,20.59,42.43,3.9121,1.3326,0.3978,0.3363,0.11,0.04,None
2017-06-30,468963146,468963146,1,14102575000,None,8073634000,None,5702047000,326894000,0,461423000,7390525000,458928000,19383000,19283000,0.04,0.04,0.37,238460000,242369000,-853198000,-372149000,391965000,105465000,31.61,33.67,29.55,0.1049,0.0419,12.16,2.53,15.34,42.06,3.1496,1.2961,0.4043,0.3877,0.11,0.28,None
2017-03-31,468572028,468572028,1,14855868000,None,8682393000,None,5841348000,332127000,0,479128000,8050189000,492168000,461145000,460375000,0.98,0.97,0.37,193129000,1715217000,-1238969000,669384000,764114000,-1068406000,31.16,32.97,29.36,0.1301,0.0534,12.47,2.63,23.25,41.69,2.3329,1.3781,0.3932,0.4903,0.11,2.69,None
2016-12-31,468178740,468178740,1,15759265000,None,9817957000,None,5547595000,393713000,0,522191000,9097110000,172066000,58661000,58488000,0.12,0.13,3.32,215499000,-96458000,-156937000,-38161000,94730000,9796000,32.85,38.09,27.61,0.0754,0.0317,11.85,1.67,None,41.32,3.7681,1.6398,0.352,0.2943,0.11,0.44,None
2016-09-30,467971166,467971166,1,21188545000,None,11613111000,None,9183112000,392322000,0,588977000,10826659000,654270000,151250000,150924000,0.32,0.32,0.575,331720000,-160541000,-154580000,16441000,132891000,265044000,37.5,40.43,34.56,-0.0034,-0.0008,19.62,1.89,None,38,None,1.179,0.4334,None,0.12,0.14,None
2016-06-30,467583448,467583448,1,21116457000,None,11440069000,None,9281130000,395258000,0,600915000,9408481000,662176000,301717000,301375000,0.65,0.64,0.575,398295000,12139000,-388346000,21785000,116450000,121920000,34.41,36.9,31.91,-0.007,-0.0025,19.85,1.74,None,37.42,None,1.0137,0.4395,None,0.12,0.59,None
2016-03-31,467087589,467087589,1,21199927000,None,11569602000,None,9230747000,399578000,0,635676000,10935944000,640782000,116119000,115762000,0.25,0.25,0.575,268617000,-165757000,-354402000,-251835000,94665000,302870000,32.18,39.25,25.11,-0.0209,-0.0087,19.76,1.6,None,36.85,None,1.1847,0.4354,None,0.12,-0.07,None
2015-12-31,465531737,465531737,1,21449849000,None,11703532000,None,9343643000,402674000,0,614227000,11069003000,668036000,-586051000,-599164000,-1.3,-1.3,0.56,354485000,13580000,-141793000,226002000,346500000,369005000,36.27,39.83,32.71,-0.056,-0.0251,20.07,1.66,71.12,36.27,None,1.1847,0.4356,None,0.12,-0.03,None
2015-09-30,465042243,465042243,1,22192973000,None,11732516000,None,10167752000,292705000,0,610023000,11144880000,657953000,115362000,115046000,0.25,0.25,0.565,273674000,-40517000,-227162000,5995000,120498000,124870000,38.13,40.9,35.37,0.0227,0.0109,21.86,1.72,47.66,35.71,4.4036,1.0961,0.4582,0.0947,0.11,0.32,None
2015-06-30,462586622,462586622,1,22348127000,None,11821130000,None,10232787000,294210000,0,627584000,10191034000,607532000,164885000,164515000,0.36,0.36,0.565,363918000,-1316782000,931320000,-21544000,115770000,603324000,40.5,44.79,36.2,0.0349,0.0172,22.12,1.82,44.02,35.15,2.7835,0.9959,0.4579,0.1517,0.11,-0.52,None
2015-03-31,461676261,461676261,1,21024442000,None,10468796000,None,10293270000,262376000,0,508595000,9986763000,610791000,-240614000,-240949000,-0.52,-0.52,0.565,230068000,-328286000,51722000,-46640000,137170000,126598000,44.75,49.61,39.88,0.0395,0.0203,22.3,1.92,22.38,34.58,2.4002,0.9702,0.4896,0.1793,0.11,0.22,None
2014-12-31,460763248,460763248,1,21369940000,None,10372841000,None,10735297000,261802000,0,531359000,9759773000,603528000,196583000,196145000,0.43,0.42,0.54,365599000,-554654000,287622000,100279000,183810000,605632000,42.86,46.07,39.66,0.0855,0.0449,23.3,1.83,19.31,34.02,1.086,0.9091,0.5024,0.4059,0.11,-0.52,None
2014-09-30,459263486,459263486,1,20744890000,None,9708716000,None,10773125000,263049000,0,529572000,9214637000,596638000,247654000,247208000,0.54,0.54,0.545,275317000,-572027000,326173000,29461000,83531000,108357000,41.6,43.86,39.34,0.0945,0.0504,23.46,1.77,19,33.48,0.9719,0.8553,0.5193,0.4649,0.11,0.36,None
2014-06-30,458820961,458820961,1,20144169000,None,9171575000,None,10760131000,212463000,0,528183000,8674029000,536121000,218885000,218396000,0.48,0.48,0.545,360524000,-338647000,-17548000,4332000,54070000,90207000,40.66,42.82,38.49,0.0935,0.0503,23.45,1.73,18.65,32.93,0.9747,0.8061,0.5342,0.4699,0.11,0.59,None
2014-03-31,458197511,458197511,1,19858678000,None,8889105000,None,10761753000,207820000,0,522404000,8450347000,529992000,259111000,258047000,0.56,0.56,0.545,247181000,-46551000,-451450000,-250818000,49738000,46230000,37.77,39.59,35.95,0.0934,0.05,23.49,1.61,17.73,32.39,0.9688,0.7852,0.5419,0.4717,0.11,0.44,None
2013-12-31,457169700,457169700,1,20075870000,None,9144736000,None,10723300000,207834000,0,540188000,8661627000,523367000,293095000,292691000,0.64,0.64,0.52,305307000,77306000,-131777000,251142000,300556000,179042000,39.39,43.29,35.5,0.0911,0.0487,23.46,1.69,19.4,31.84,0.9852,0.8077,0.5341,0.4615,0.11,0.28,None
2013-09-30,456271507,456271507,1,19889509000,None,9039272000,None,10640218000,210019000,0,558100000,8560592000,543958000,233756000,233282000,0.51,0.51,0.525,272078000,146981000,-423350000,-3700000,49414000,-47069000,43.19,47.45,38.93,0.0865,0.0462,23.32,1.86,21.92,31.32,1.0299,0.8046,0.535,0.4409,0.1,0.7,None
2013-06-30,455098236,455098236,1,20051793000,None,9253534000,None,10596558000,201701000,0,569328000,8766901000,516284000,213401000,213023000,0.47,0.47,0.525,357252000,-363575000,11827000,5504000,53114000,38257000,48.78,56.06,41.5,0.0852,0.0453,23.28,2.1,24.64,30.8,1.0587,0.8273,0.5285,0.4372,0.1,0.7,None
2013-03-31,454486181,454486181,1,19732731000,None,8950672000,None,10581266000,200793000,2100000,588038000,8545590000,516269000,230585000,230107000,0.51,0.51,0.525,214350000,-57360000,-357116000,-200126000,47547000,101949000,47.56,49.91,45.22,0.0864,0.0461,23.28,2.04,25.03,30.27,1.0449,0.8078,0.5361,0.4429,0.1,0.25,None
2012-12-31,453379156,453379156,1,19915555000,None,9161778000,None,10551237000,202540000,0,603047000,8693820000,501790000,241028000,239936000,0.53,0.54,0.5,313917000,-1663454000,1500734000,151197000,247673000,-26130000,44.73,46.15,43.31,0.084,0.0453,23.27,2.12,29.82,29.75,1.08,0.824,0.5298,0.4274,0.1,0.75,None
2012-09-30,452066005,452066005,1,18079336000,None,8351483000,None,9517999000,209854000,0,432667000,7903998000,475482000,196108000,195629000,0.46,0.45,0.5,237402000,-337156000,26594000,-73160000,96476000,243639000,45.67,47.75,43.59,0.0688,0.0371,21.05,2.06,31.28,29.25,1.3352,0.8304,0.5265,0.3412,0.1,-0.01,None
2012-06-30,429523635,429523635,1,17789768000,None,8098829000,None,9507230000,183709000,0,398016000,7641998000,464439000,202024000,201467000,0.48,0.48,0.5,297083000,-282396000,-192476000,-177789000,169636000,89520000,40.98,44.15,37.81,0.0668,0.0361,22.13,1.88,26.78,28.75,1.3497,0.8038,0.5344,0.331,0.1,0.48,None
2012-03-31,419503466,419503466,1,17725319000,None,8415357000,None,9124791000,185171000,0,410486000,7707926000,459011000,193380000,175257000,0.43,0.43,0.5,186468000,-31146000,158597000,313919000,347425000,45102000,40.73,42.75,38.72,0.0705,0.0377,21.75,1.91,32.07,28.25,1.2725,0.8447,0.5148,0.3383,0.11,0.34,None
2011-12-31,409378447,409378447,1,17408475000,None,8187853000,None,9033482000,187140000,285173000,424109000,7722619000,460303000,67844000,62067000,0.15,0.14,0.48,137240000,-29462000,-119132000,-11354000,33506000,67756000,37.32,41.98,32.66,0.0585,0.0308,21.37,1.72,24.08,27.75,1.5187,0.8828,0.5025,0.2987,0.1,0.17,None
2011-09-30,407788174,407788174,1,17439377000,None,8122325000,None,9127777000,189275000,285173000,439864000,7659462000,444672000,172195000,166367000,0.41,0.41,0.48,154106000,-286371000,-99080000,-231345000,44860000,55597000,33.49,38.23,28.76,0.069,0.0372,21.68,1.54,28.14,27.27,1.2901,0.8662,0.507,0.3674,0.1,0.24,None
2011-06-30,407179224,407179224,1,17693058000,None,8371790000,None,9145528000,175740000,285173000,450784000,7577129000,488706000,228759000,222993000,0.55,0.55,0.48,282988000,-3689148000,-306257000,-3712417000,276205000,114579000,37.88,40.75,35,0.0566,0.0305,21.76,1.75,41.63,26.79,1.6114,0.8552,0.5008,0.298,0.1,0.41,None
2011-03-31,406026946,406026946,1,17499652000,None,8232204000,None,9077533000,189915000,285173000,440062000,7697302000,331705000,70093000,63875000,0.17,0.17,0.48,149827000,-575503000,3377597000,2951921000,3988622000,87453000,37.05,38.29,35.81,0.0423,0.0231,21.65,1.79,37.42,26.31,2.2184,0.8755,0.5024,0.2297,0.09,0.15,None
2010-12-31,371011207,371011207,1,13331923000,None,5185876000,None,7957367000,188680000,285173000,366721000,4646345000,339052000,141917000,136202000,0.42,0.42,0.47,149770000,-103964000,938260000,984066000,1036701000,114550000,34.76,37.65,31.87,0.0498,0.0265,20.68,1.87,52.67,25.83,1.9501,0.6056,0.5755,0.245,0.1,0.09,None
2010-09-30,310532601,310532601,1,12245299000,None,5991515000,None,6064881000,188903000,285173000,376205000,5419705000,317149000,22655000,16995000,0.05,0.05,0.465,154631000,-165633000,-32623000,-43625000,52635000,107121000,34.56,38.05,31.08,0.0351,0.0184,18.61,1.84,80.37,25.36,2.8349,0.9377,0.472,0.1522,0.11,0.15,None
2010-06-30,310066208,310066208,1,12244643000,None,5951323000,None,6112203000,181117000,285173000,406733000,5370498000,303019000,85101000,79465000,0.27,0.27,0.465,166638000,-122622000,7640000,51656000,96260000,187135000,31.52,34.5,28.53,0.023,0.0129,18.79,1.7,61.8,24.89,4.2937,0.9217,0.4759,0.1037,0.1,-0.07,None
2010-03-31,293960511,293960511,1,12139570000,None,6231399000,None,5724554000,183617000,285173000,373001000,5658999000,295914000,81036000,74836000,0.26,0.25,0.465,109459000,-38710000,-138404000,-67655000,44604000,31041000,30.53,34.37,26.7,0.0257,0.0144,18.5,1.63,71,24.43,3.7927,1.0404,0.4481,0.1171,0.1,0.27,None
2009-12-31,293844057,293844057,1,12209735000,None,6251126000,None,5780537000,178072000,285173000,389698000,5656143000,382750000,35484000,26397000,0.09,0.09,0.46,125914000,7248000,-165269000,-32107000,112259000,11293000,30.2,33.45,26.94,0.0205,0.0121,18.7,1.59,64.26,23.96,4.7077,1.0293,0.4501,0.0943,0.1,0.39,None
2009-09-30,293138580,293138580,1,12338210000,None,6288733000,None,5869804000,179673000,285173000,410366000,5683468000,255329000,-43220000,-52397000,-0.18,-0.18,0.46,139623000,-79456000,34715000,94882000,144366000,7099000,25.26,30.73,19.79,0.0228,0.0126,19.05,1.31,22.16,23.5,4.2043,1.0177,0.4526,0.1105,0.09,0.45,None
2009-06-30,275273367,275273367,1,11785850000,None,5994425000,None,5611396000,180029000,285173000,433874000,5509843000,267336000,101178000,91784000,0.35,0.35,0.46,133085000,28661000,-178638000,-16892000,49484000,-18283000,20.79,24.5,17.07,0.0578,0.0269,19.35,1.09,11.88,23.04,1.637,1.0345,0.4519,0.2688,0.09,0.55,None
2009-03-31,253974711,253974711,1,11801289000,None,6470377000,None,5129262000,201650000,285173000,482329000,5984223000,251615000,52709000,43285000,0.17,0.17,0.46,117012000,-17859000,-90339000,8814000,66376000,24147000,21.35,27.77,14.93,0.0882,0.0376,19.07,1.1,11.93,22.58,1.0723,1.2354,0.4105,0.3999,0.09,0.37,None
2008-12-31,253929108,253929108,1,11849826000,None,6441986000,None,5201271000,206569000,285173000,507100000,5937456000,291221000,40371000,35089000,0.13,0.13,0.46,113314000,-29312000,-143492000,-59490000,57562000,28171000,27.04,39.83,14.26,0.094,0.0369,19.36,1.36,14.54,22.12,1.0444,1.2078,0.4149,0.4166,0.08,0.34,None
2008-09-30,252652540,252652540,1,12031404000,None,6489824000,None,5293339000,248241000,285173000,552906000,5326758000,269938000,125417000,120135000,0.49,0.49,0.455,182689000,27403000,-309829000,-99737000,117052000,-44594000,36.14,42.16,30.12,0.1023,0.0372,19.82,1.89,12.46,21.66,0.9772,1.0636,0.4163,0.5515,0.06,0.9,None
2008-06-30,236691971,236691971,1,12223730000,None,7143040000,None,4807654000,273036000,285173000,582088000,5338166000,251372000,232295000,227012000,0.97,0.96,0.455,141019000,450555000,-528785000,62789000,216789000,-439119000,34.95,38.75,31.14,0.1621,0.0531,19.11,2.19,15.46,21.21,0.6445,1.1804,0.37,0.7855,0.07,2.45,None
2008-03-31,234894583,234894583,1,12500064000,None,8158679000,None,4027647000,313738000,285173000,598167000,7570940000,213287000,50412000,45129000,0.21,0.21,0.455,131675000,-21319000,-52625000,57731000,154000000,31479000,30.97,35.14,26.8,0.131,0.043,15.93,1.76,11.34,20.75,0.8303,2.023,0.2994,0.5923,0.07,0.43,None
2007-12-31,217351487,217351487,1,12521772000,None,8078792000,None,4103709000,339271000,285173000,623650000,7510907000,58278000,50295000,45013000,0.2,0.2,0.45,143230000,-953839000,338025000,-472584000,96269000,75699000,32.27,35.24,29.3,0.1619,0.0549,17.57,1.96,8.4,20.3,0.6649,1.967,0.305,0.6795,0.08,0.31,None
2007-09-30,216263469,216263469,1,12096133000,None,7913250000,None,3843856000,339027000,285173000,648915000,7367717000,284249000,322148000,316866000,1.54,1.53,0.445,95099000,-2513928000,2638747000,219918000,568853000,-420094000,29.8,34.49,25.11,0.2296,0.0773,16.46,1.85,10.53,19.85,0.4851,2.0703,0.2942,0.7782,0.1,2.38,None
2007-06-30,206380189,206380189,1,8879326000,None,4934137000,None,3604387000,340802000,285173000,328753000,4592804000,242747000,71284000,66001000,0.32,0.32,0.445,128040000,352147000,-231893000,248294000,351217000,-127674000,33.31,38.6,28.02,0.1903,0.065,16.08,2.06,12.03,19.4,0.6658,1.3837,0.3738,0.6183,0.1,1.24,None
2007-03-31,206018737,206018737,1,9391086000,None,5428967000,None,3620388000,341731000,285173000,430011000,5072814000,250448000,145288000,140005000,0.69,0.68,0.445,86682000,227505000,-271951000,42236000,102923000,59984000,38.56,42.11,35.01,0.2256,0.0725,16.19,2.63,15.61,18.96,0.6375,1.521,0.3551,0.6647,0.1,0.13,None
2006-12-31,205453864,205453864,1,10012749000,None,6556948000,None,3294036000,161765000,285173000,479612000,6202015000,197713000,241274000,235992000,1.28,1.31,0.43,79723000,-3352796000,2688397000,-584676000,60687000,-261743000,33.49,36.88,30.1,0.249,0.075,14.64,4.89,23.42,18.51,0.6935,2.0612,0.3005,0.6403,0.11,1.66,None
2006-09-30,164808806,164808806,1,4611501000,None,3044171000,None,1414719000,152611000,285173000,58501000,2923428000,139597000,76818000,71536000,0.52,0.52,0.425,80626000,-119938000,663199000,623887000,645363000,3878000,28.73,31.05,26.4,0.1759,0.0549,6.85,3.56,23.94,18.08,1.2395,2.5881,0.2449,0.3593,0.14,0.47,None
2006-06-30,137301582,137301582,1,3858605000,None,2309244000,None,1391647000,157714000,285173000,60849000,2196489000,140082000,41567000,36284000,0.27,0.26,0.425,81656000,-65702000,-50435000,-34481000,21476000,71988000,26.59,27.82,25.37,0.1476,0.0505,8.06,3.24,21.8,17.66,1.3997,1.9851,0.2868,0.3099,0.14,0.07,None
2006-03-31,136843121,136843121,1,3788816000,None,2224517000,None,1407505000,156794000,285173000,51556000,2119869000,141695000,57888000,52605000,0.39,0.38,0.425,92211000,-151334000,93738000,34615000,55957000,172629000,27.35,28.81,25.89,0.148,0.0533,8.2,3.34,24.42,17.23,1.3789,1.8888,0.2962,0.3258,0.15,-0.59,None
2005-12-31,136199799,136199799,1,3597265000,None,2048215000,None,1399766000,149284000,285173000,38804000,1956946000,125946000,41511000,36229000,0.27,0.27,0.42,58191000,-91729000,16706000,-16832000,21342000,54867000,25.72,27,24.44,0.1349,0.0519,8.18,3.11,22.17,16.81,1.4984,1.7557,0.3098,0.3183,0.14,0.02,None
2005-09-30,135863587,135863587,1,3494944000,None,1943657000,None,1410384000,140903000,285173000,23236000,1854112000,124392000,45041000,39759000,0.29,0.29,0.42,83742000,-232276000,167818000,19284000,38174000,244362000,27.04,28.68,25.39,0.1384,0.0554,8.28,3.23,24.81,16.39,1.4488,1.6478,0.322,0.3377,0.14,-1.18,None
2005-06-30,135648707,135648707,1,3187760000,None,1646903000,None,1420421000,120436000,285173000,19725000,1565709000,118542000,43047000,37764000,0.28,0.28,0.42,67671000,-123510000,60515000,4676000,18890000,117475000,25.94,28.43,23.45,0.1288,0.0541,8.37,3.09,24.02,15.97,1.5436,1.3792,0.3561,0.3242,0.15,-0.37,None
2005-03-31,134319016,134319016,1,3048133000,None,1512469000,None,1413821000,121843000,285173000,18517000,1432751000,108396000,43458000,38175000,0.29,0.28,0.42,72486000,32729000,-107963000,-2748000,17807000,-26978000,25.45,27.45,23.45,0.127,0.0548,8.4,3.01,22.93,15.55,1.5488,1.2694,0.3703,0.3292,0.15,0.74,None
2004-12-31,134183176,134183176,1,3102634000,None,1561411000,None,1419442000,121781000,285173000,0,1486206000,112180000,46131000,40848000,0.3,0.31,0.42,80048000,-99106000,28244000,9186000,20555000,99131000,27.52,28.85,26.18,0.129,0.0569,8.45,3.22,24.79,15.13,1.5047,1.3103,0.3656,0.345,0.14,-0.14,None
2004-09-30,133032167,133032167,1,3013639000,None,1592412000,None,1421227000,0,285173000,0,1390294000,111226000,34490000,29208000,0.22,0.22,0.418,72624000,-36110000,-36694000,-180000,11369000,48262000,24.95,26,23.89,0.129,0.0566,8.54,2.87,20.88,14.71,1.4912,1.2238,0.377,0.3508,0.14,0.18,None
2004-06-30,132704423,132704423,1,2918824000,None,1479406000,None,1439418000,0,285173000,0,1292671000,107186000,41584000,36302000,0.28,0.27,0.418,52532000,-93689000,24574000,-16583000,11549000,94477000,25.14,28.6,21.68,0.1379,0.0627,8.7,2.86,23.06,14.29,1.3902,1.1199,0.3954,0.3806,0.14,-0.32,None
2004-03-31,132020011,132020011,1,2857462000,None,1411948000,None,1445514000,0,285173000,0,1216971000,98092000,46835000,41552000,0.32,0.31,0.4175,67338000,146945000,-203919000,10364000,28132000,-41408000,27.2,29.09,25.3,0.1275,0.062,8.79,3.09,28.33,13.87,1.5265,1.0488,0.4061,0.3495,0.14,0.82,None
2003-12-31,131517628,131517628,1,3035957000,None,1595340000,None,1440617000,0,285173000,0,1407284000,106765000,44398000,41435000,0.32,0.31,0.42,62955000,-166650000,111757000,8062000,17768000,-18122000,24.07,25.63,22.52,0.1134,0.0558,8.79,2.8,28.49,13.45,1.7415,1.218,0.3806,0.3045,0.14,0.62,None
2003-09-30,64796060,129592120,2,2832439000,None,1622282000,None,1210157000,0,96510000,0,1345659000,102957000,49609000,38680000,0.61,0.61,0.83,71871000,-110179000,36455000,-1853000,9706000,159263000,22.09,23.35,20.84,0.0998,0.0518,8.59,2.74,27.44,13.03,1.9939,1.2083,0.3932,0.2653,0.14,-0.67,None
2003-06-30,63343471,126686942,2,2743822000,None,1534337000,None,1209485000,0,186843000,0,1391429000,98405000,36914000,20295000,0.33,0.33,0.83,50190000,-2672000,-49399000,-1881000,11559000,2317000,18.97,21.18,16.76,0.0949,0.0479,8.07,2.29,20.29,12.62,2.0969,1.3606,0.3727,0.2524,0.14,0.38,None
2003-03-31,60970877,121941754,2,2754957000,None,1472316000,None,1282641000,0,274487000,0,1329557000,92056000,27664000,21439000,0.36,0.36,0.83,72157000,-33383000,-33829000,4945000,13440000,23177000,18.17,19.66,16.68,0.1096,0.05,8.27,2.16,18.83,12.21,1.7836,1.3188,0.3659,0.2959,0.14,0.4,None
2002-12-31,59672500,119345000,2,2748417000,None,1467528000,None,1280889000,0,274487000,0,1333848000,96876000,29374000,23149000,0.39,0.39,0.83,49919000,-68989000,15851000,-3219000,8495000,43147000,20.59,22.54,18.64,0.1134,0.0522,8.43,2.41,19.89,11.79,1.6971,1.3254,0.3662,0.3128,0.14,0.06,None
2002-09-30,59010094,118020188,2,2703101000,None,1409107000,None,1280784000,13210000,274487000,0,1288503000,92672000,37242000,31017000,0.53,0.53,0.82,68559000,-155869000,90108000,2798000,11714000,33578000,20.32,22.25,18.4,0.1213,0.0564,8.53,2.41,21.85,11.38,1.5621,1.2804,0.3723,0.3425,0.14,0.3,None
2002-06-30,58277021,116554042,2,2563112000,None,1291488000,None,1258315000,13309000,274487000,0,1182660000,89259000,40355000,34130000,0.6,0.59,0.81,53609000,-57348000,6038000,2299000,8916000,58296000,20.7,21.95,19.45,0.1089,0.0526,8.44,2.44,22.87,10.97,1.7099,1.2021,0.3838,0.3124,0.14,-0.04,None
2002-03-31,57216155,114432310,2,2519069000,None,1272243000,None,1246826000,0,274487000,0,1144893000,80769000,30409000,24184000,0.43,0.42,0.8,51753000,-109087000,55543000,-1791000,6617000,116942000,19.29,20.68,17.9,0.1034,0.0516,8.5,2.26,21.67,10.56,1.7565,1.1775,0.386,0.3006,0.14,-0.57,None
2001-12-31,56902388,113804776,2,2431153000,None,1184429000,None,1246724000,0,274487000,0,1057752000,85508000,36169000,29944000,0.54,0.53,0.79,49372000,-2830000,-47970000,-1428000,8408000,12201000,18.55,19.53,17.56,0.1019,0.0507,8.54,2.14,20.05,10.16,1.7641,1.088,0.3999,0.2896,0.14,0.33,None
2001-09-30,55763594,111527188,2,2443511000,None,1200827000,None,1242684000,0,274487000,0,1076148000,84137000,24073000,17848000,0.32,0.32,0.78,56251000,-95992000,33446000,-6295000,9836000,84416000,18.09,19.31,16.88,0.1052,0.051,8.68,2.03,18.18,9.77,1.6867,1.1115,0.3962,0.2929,0.14,-0.25,None
2001-06-30,55283459,110566918,2,2344693000,None,1087468000,None,1257225000,0,274487000,0,991669000,84450000,34900000,28675000,0.54,0.54,0.77,45027000,-7775000,-27334000,9918000,16131000,7146000,17.45,18.41,16.5,0.1139,0.0535,8.89,2.08,17.45,9.38,1.5404,1.0091,0.4191,0.3111,0.14,0.34,None
2001-03-31,51062314,102124628,2,2343196000,None,1213736000,None,1129460000,0,274487000,0,1111830000,78365000,26024000,19799000,0.39,0.39,0.76,50198000,-11566000,-91042000,-52410000,6213000,22263000,15.94,17.25,14.63,0.1163,0.0529,8.37,1.87,14.97,8.99,1.4936,1.3004,0.3649,0.3122,0.14,0.27,None
2000-12-31,50978878,101957756,2,2398703000,None,1254148000,None,1144555000,0,274487000,0,5047000000,83178000,36606000,30381000,0.59,0.6,0.75,50258000,48060000,-44599000,53719000,58623000,-48472000,14.3,14.97,13.63,0.1224,0.0552,8.53,1.66,14.3,8.61,1.3773,5.8007,0.3627,0.3301,0.14,0.97,None
2000-09-30,50962752,101925504,2,2404707000,None,1249773000,None,1154934000,0,274525000,0,1087648000,82281000,29501000,23276000,0.46,0.46,0.74,53869000,19717000,-75859000,-2273000,4904000,-14168000,14.22,15.25,13.19,0.1108,0.0509,8.64,1.62,12.15,8.24,1.4805,1.2354,0.3661,0.3148,0.13,0.67,None
2000-06-30,50962328,101924656,2,2433607000,None,1264262000,None,1169345000,0,274526000,0,1094579000,82096000,34506000,28281000,0.55,0.55,0.73,44379000,-48000,-42111000,2220000,7177000,288000,13.5,14.5,12.5,0.1301,0.0563,8.78,1.51,11.84,7.87,1.2917,1.2232,0.3677,0.3574,0.13,0.43,None
2000-03-31,51105902,102211804,2,2454177000,None,1268257000,None,1185920000,0,274525000,0,1090899000,82252000,33154000,26929000,0.53,0.52,0.72,57005000,-4015000,-55729000,-2739000,4957000,2888000,12.43,13,11.85,0.1338,0.0554,8.92,1.38,11.05,7.5,1.3065,1.197,0.3714,0.35,0.13,0.53,None
1999-12-31,51253192,102506384,2,2469390000,None,1269133000,None,1200257000,0,275041000,0,1179507000,71142000,26998000,21551000,0.49,0.47,0.71,26941000,-109953000,82509000,-503000,7696000,-6147000,12.27,13.56,10.97,0.1436,0.0555,9.03,1.83,9.7,7.14,1.3007,1.2748,0.3747,0.349,0.13,0.32,None
1999-09-30,32046000,64092000,2,1504591000,None,886716000,None,617875000,0,187847000,0,712166000,52218000,30173000,26064000,0.81,0.8,0.7,34744000,12442000,-44403000,2783000,8199000,7672000,13.31,14.28,12.35,0.1916,0.0662,6.71,2,10.87,6.79,1.0826,1.6561,0.2858,0.4018,0.14,0.42,None
1999-06-30,32045176,64090352,2,1512994000,None,898789000,None,614205000,0,187847000,0,830002000,51812000,19676000,15566000,0.49,0.49,0.69,25998000,-66668000,41834000,1164000,5416000,55306000,15.06,16.47,13.65,0.1866,0.0655,6.65,2.32,12.1,6.44,1.1023,1.9467,0.2818,0.4061,0.14,-0.46,None
1999-03-31,31044176,62088352,2,1448314000,None,857267000,None,591047000,0,187847000,0,779860000,49621000,19378000,15269000,0.49,0.49,0.68,36434000,-66281000,29595000,-252000,4252000,57752000,14.5,15.69,13.31,0.1918,0.0691,6.49,2.21,11.42,6.09,1.0628,1.9342,0.2784,0.4439,0.14,-0.34,None
1998-12-31,31040276,62080552,2,1356612000,None,761193000,None,595419000,0,187847000,0,709045000,45101000,27066000,22956000,0.74,0.75,0.67,22016000,-190867000,90328000,-78523000,4504000,216293000,16.11,17.78,14.44,0.1969,0.0746,6.57,2.46,13.89,5.75,1.0325,1.7397,0.3004,0.4868,0.14,-3.13,None
1998-09-30,30986736,61973472,2,1239292000,None,646421000,None,592871000,0,187847000,0,585930000,42166000,24896000,22836000,0.74,0.72,0.66,38940000,-46896000,88894000,80938000,83027000,50027000,16.93,18.75,15.1,0.1838,0.0721,6.54,2.6,15.82,5.42,1.0983,1.4467,0.3268,0.4822,0.14,-0.18,None
1998-06-30,30963046,61926092,2,1109083000,None,648832000,None,460251000,0,57810000,0,600236000,37948000,17727000,16546000,0.54,0.53,0.65,24054000,-148548000,123398000,-1096000,2089000,112421000,17.61,18.5,16.72,0.1731,0.0702,6.5,2.85,16.38,5.09,1.1812,1.4915,0.3629,0.4641,0.15,-1.43,None
1998-03-31,30959321,61918642,2,966189000,None,525782000,None,440407000,0,57810000,0,477552000,36334000,17478000,16297000,0.54,0.54,0.64,27301000,-31213000,3013000,-899000,3185000,11443000,18.77,19.63,17.91,0.1779,0.0734,6.18,2.95,16.99,4.76,1.1617,1.2482,0.396,0.477,0.15,0.26,None
1997-12-31,30246169,60492338,2,940964000,None,498695000,None,442269000,0,57810000,0,452858000,33578000,16657000,16657000,0.53,None,0.63,20105000,-118490000,99449000,1064000,4084000,103576000,19.49,20.16,18.82,0.186,0.0773,6.36,3.36,17.48,4.44,1.107,1.1779,0.4086,0.5037,0.15,-1.38,None
1997-09-30,28778819,57557638,2,827089000,None,418378000,None,391671000,17040000,57810000,0,393627000,32307000,15619000,15553000,0.54,None,0.62,25586000,-16385000,-9537000,-336000,3020000,16723000,18.66,19.38,17.94,0.1889,0.0803,5.8,3.19,16.89,4.13,1.0952,1.179,0.4037,0.5042,0.16,0.15,None
1997-06-30,28721719,57443438,2,816589000,None,463367000,None,335838000,17384000,0,0,443265000,31751000,15394000,15394000,0.54,None,0.61,17780000,-61782000,36496000,-7506000,3356000,61636000,16.94,17.88,16,0.1868,0.0813,5.85,2.88,15.33,3.81,1.0851,1.3199,0.4113,0.5099,0.16,-0.76,None
1997-03-31,28711569,57423138,2,767557000,None,412154000,None,337772000,17631000,0,0,389139000,30867000,17119000,17119000,0.6,None,0.6,24073000,-8581000,-7441000,8051000,10862000,9473000,17.57,18.57,16.57,0.1868,0.0833,5.88,2.99,16.58,3.51,1.063,1.1521,0.4401,0.5164,0.16,0.25,None
1996-12-31,28708284,57416568,2,753653000,None,399243000,None,336806000,17604000,0,0,379504000,30987000,15421000,15421000,0.55,None,0.59,16296000,-13470000,-17224000,-14398000,2811000,11546000,17.5,18.75,16.25,0.179,0.0803,5.87,2.97,17.07,3.21,1.0878,1.1268,0.4469,0.5037,0.16,0.08,None
1996-09-30,28677534,57355068,2,758836000,None,402887000,None,338072000,17877000,0,0,379807000,29877000,15028000,15028000,0.52,None,0.58,28780000,-9765000,-16778000,2237000,17209000,15418000,16.79,17.25,16.32,0.1745,0.0807,5.89,2.84,16.46,2.92,1.0936,1.1235,0.4455,0.5097,0.16,0.23,None
1996-06-30,28668914,57337828,2,752128000,None,394076000,None,339699000,18353000,0,0,380109000,30586000,15591000,15591000,0.54,None,0.57,19083000,-11162000,-17065000,-9144000,None,13062000,16.22,16.94,15.5,0.173,0.0836,5.92,2.74,11.46,2.63,1.08,1.119,0.4517,0.5226,0.16,0.11,None
1996-03-31,28665214,57330428,2,755777000,None,396883000,None,340160000,18734000,0,0,380385000,28943000,14601000,14601000,0.51,None,0.56,26426000,-70400000,66090000,22116000,None,75282000,16.75,17.75,15.75,0.2382,0.1215,5.93,2.82,11.88,2.34,0.7685,1.1183,0.4501,0.7516,0.16,-0.85,None
1995-12-31,28607694,57215388,2,667831000,None,309652000,None,339460000,18719000,0,0,299084000,26783000,14000000,14000000,0.48,None,0.55,14756000,-33374000,18548000,-70000,None,53592000,16.69,17.63,15.75,0.2397,0.129,5.93,2.8,11.8,2.06,0.7615,0.8811,0.5083,0.7594,0.17,-0.68,None
1995-09-30,28546174,57092348,2,639029000,None,279323000,None,340760000,18946000,0,0,265209000,26274000,14644000,14644000,0.51,None,0.54,24521000,-37773000,12867000,-385000,None,20017000,16.63,17.44,15.81,0.2501,0.1326,5.97,2.78,11.96,1.79,0.755,0.7783,0.5332,0.7604,0.17,0.08,None
1995-06-30,28543874,57087748,2,607176000,None,246457000,None,341500000,19219000,0,0,237123000,25911000,37866000,37866000,1.33,None,0.53,14935000,-5077000,-9466000,392000,None,5759000,15.56,16.38,14.75,0.2577,0.1338,5.98,2.79,15.96,1.52,0.7503,0.6944,0.5624,0.7516,0.18,0.16,None
1995-03-31,28541474,57082948,2,574999000,None,237796000,None,317748000,19455000,0,0,224762000,26728000,13756000,13756000,0.5,None,0.52,16952000,-4403000,-13414000,-865000,None,3977000,14.59,15.19,14,0.1866,None,5.57,3.09,15.6,1.25,1.0636,0.7074,0.5526,0.514,0.18,0.23,None
1994-12-31,28509254,57018508,2,573826000,None,284946000,None,269403000,19477000,0,0,271463000,25465000,13100000,13100000,0.49,None,0.51,16591000,-27377000,11081000,295000,2928000,26557000,14.29,15.44,13.13,0.1857,None,4.72,2.85,None,0.99,1.076,1.0076,0.4695,0.5048,0.18,-0.17,None
1994-09-30,26733734,53467468,2,550283000,None,281711000,None,268572000,0,0,0,247897000,24525000,12417000,12417000,0.46,None,0.5,17337000,-12653000,-11623000,-6939000,2633000,9531000,14.79,15.63,13.94,None,None,5.02,2.93,None,0.73,None,0.923,0.4881,None,None,0.15,None
1994-06-30,26669574,53339148,2,545683000,None,276253000,None,269430000,0,0,0,243346000,25389000,13208000,13208000,0.5,None,0.49,15842000,-8785000,-13511000,-6454000,9572000,2994000,15.54,16.32,14.75,None,None,5.05,3.08,None,0.48,None,0.9032,0.4937,None,None,0.24,None
1994-03-31,26669574,53339148,2,547266000,None,277910000,None,269356000,0,0,0,243669000,23617000,11252000,11252000,0.42,None,0.48,15749000,-12568000,-14365000,-11184000,None,13331000,14.82,16,13.63,None,None,5.05,2.93,None,0.24,None,0.9046,0.4922,None,None,0.05,None
1993-12-31,26666774,53333548,2,549638000,None,279765000,None,269873000,0,0,0,245291000,None,None,None,None,None,0,None,None,None,None,None,0,14.66,16.82,12.5,None,None,5.06,None,None,0,None,0.9089,0.491,None,None,None,None
