"Quarter end","Shares","Shares split adjusted","Split factor","Assets","Current Assets","Liabilities","Current Liabilities","Shareholders equity","Non-controlling interest","Preferred equity","Goodwill & intangibles","Long-term debt","Revenue","Earnings","Earnings available for common stockholders","EPS basic","EPS diluted","Dividend per share","Cash from operating activities","Cash from investing activities","Cash from financing activities","Cash change during period","Cash at end of period","Capital expenditures","Price","Price high","Price low","ROE","ROA","Book value of equity per share","P/B ratio","P/E ratio","Cumulative dividends per share","Dividend payout ratio","Long-term debt to equity ratio","Equity to assets ratio","Net margin","Asset turnover","Free cash flow per share","Current ratio"
2019-05-04,364695608,364695608,1,9049120000,3462705000,5781594000,2593511000,3267526000,0,0,0,312552000,3796642000,421142000,421142000,1.16,1.15,0.255,508987000,-95112000,-459437000,-45562000,1432517000,95629000,94.54,100.77,88.31,0.4914,0.2328,8.96,10.53,22.19,4.79,0.2147,0.0957,0.3611,0.1047,2.22,1.13,1.3351
2019-02-02,368247009,368247009,1,6073691000,3404019000,2767945000,2009484000,3305746000,0,0,0,312440000,4107388000,441693000,441693000,1.21,1.2,0.22,616605000,-117782000,-432333000,66490000,1478079000,120532000,90.13,104.35,75.91,0.4958,0.2614,8.98,10.48,21.21,4.53,0.2098,0.0945,0.5443,0.1059,2.47,1.35,1.694
2018-11-03,370588820,370588820,1,6235767000,3623307000,3048604000,2252294000,3187163000,0,0,0,312328000,3549608000,338108000,338108000,0.92,0.91,0.225,435888000,-114497000,-359333000,-37942000,1411589000,114731000,95.02,101.2,88.83,0.5088,0.2667,8.6,11.14,23.4,4.31,0.1959,0.098,0.5111,0.1068,2.5,0.87,1.6087
2018-08-04,373365687,373365687,1,5963756000,3379655000,2779146000,1978147000,3184610000,0,0,0,312217000,3737926000,389404000,389404000,1.05,1.04,0.225,542134000,-98842000,-358899000,84393000,1449531000,98842000,83.15,89.86,76.43,0.5016,0.2612,8.53,10.01,21.65,4.09,0.1895,0.098,0.534,0.1041,2.51,1.19,1.7085
2018-05-05,376540575,376540575,1,6020836000,3454079000,2890548000,2106625000,3130288000,0,0,0,312105000,3588619000,418252000,418252000,1.12,1.11,0.225,472050000,-79288000,-380896000,11866000,1365138000,79793000,78.28,82.81,73.76,0.4917,0.2536,8.31,9.72,22.05,3.86,0.1837,0.0997,0.5199,0.1013,2.5,1.04,1.6396
2018-02-03,378713373,378713373,1,5722051000,3151157000,2672743000,1926402000,3049308000,0,0,0,311994000,4067806000,450747000,450747000,1.2,1.19,0.16,515645000,-87095000,-282425000,146125000,1290294000,88579000,74.25,85.66,62.85,0.473,0.2417,8.05,9.93,23.72,3.64,0.1803,0.1023,0.5329,0.0964,2.51,1.13,1.6358
2017-10-28,382145997,382145997,1,5766978000,3235945000,2908459000,2056242000,2858519000,0,0,0,396848000,3328894000,274449000,274449000,0.72,0.72,0.16,367703000,-96453000,-278013000,-6763000,1144169000,97547000,59.5,66.16,52.85,0.4321,0.219,7.48,8.08,19.64,3.48,0.1979,0.1388,0.4957,0.0893,2.45,0.71,1.5737
2017-07-29,385592082,385592082,1,5514479000,3004417000,2674595000,1828961000,2839884000,0,0,0,396729000,3431603000,316539000,316539000,0.83,0.82,0.16,277092000,-93513000,-276866000,-93287000,1150932000,93345000,59.72,66.53,52.91,0.4295,0.2177,7.36,8.36,20.45,3.32,0.1962,0.1397,0.515,0.0887,2.46,0.48,1.6427
2017-04-29,389182128,389182128,1,5552975000,3064735000,2775229000,1937723000,2777746000,0,0,0,396611000,3306429000,321018000,321018000,0.83,0.82,0.16,520838000,-76031000,-312187000,132620000,1244219000,75971000,66,69.53,62.46,0.4256,0.2145,7.14,9.42,23.32,3.16,0.195,0.1428,0.5002,0.0877,2.44,1.14,1.5816
2017-01-28,391895145,391895145,1,5309351000,2813049000,2561334000,1752506000,2748017000,0,0,0,396493000,3510158000,300568000,300568000,0.77,0.77,0.14,529623000,-76731000,-220104000,232788000,1111599000,77438000,65.41,69.53,61.28,0.4237,0.2132,7.01,9.73,24.05,3,0.1929,0.1443,0.5176,0.0869,2.45,1.15,1.6052
2016-10-29,394120444,394120444,1,5349887000,2875376000,2700365000,1887944000,2649522000,0,0,0,396376000,3086687000,244546000,244546000,0.63,0.62,0.135,249674000,-68977000,-229604000,-48907000,878811000,73016000,62.92,66.28,59.57,0.4209,0.2107,6.72,9.55,23.92,2.86,0.1931,0.1496,0.4952,0.0858,2.46,0.45,1.523
2016-07-30,396579811,396579811,1,5194234000,2713680000,2579904000,1751181000,2614330000,0,0,0,396259000,3180917000,281906000,281906000,0.72,0.71,0.135,310474000,-67287000,-225494000,17693000,927718000,67702000,57.17,62.35,52,0.4201,0.2096,6.59,8.99,22.42,2.72,0.1931,0.1516,0.5033,0.0855,2.45,0.61,1.5496
2016-04-30,399509797,399509797,1,5114177000,2629123000,2574736000,1750896000,2539441000,0,0,0,396142000,3088995000,290634000,290634000,0.73,0.73,0.135,469080000,-79768000,-240889000,148423000,910025000,79724000,55.89,59.68,52.11,0.4204,0.2088,6.36,9.07,22.31,2.59,0.192,0.156,0.4965,0.0851,2.45,0.97,1.5016
2016-01-30,401287592,401287592,1,4869119000,2372195000,2397128000,1602847000,2471991000,0,0,0,396025000,3250726000,264161000,264161000,0.66,0.66,0.12,564225000,-76743000,-211583000,275899000,761602000,81400000,50.53,56.26,44.81,0.4259,0.209,6.16,8.55,20.67,2.45,0.1881,0.1602,0.5077,0.0855,2.45,1.2,1.48
2015-10-31,405005042,405005042,1,4903771000,2434590000,2509689000,1749479000,2394082000,0,0,0,395909000,2782855000,215656000,215656000,0.54,0.53,0.1175,171656000,-92469000,-223772000,-144585000,485703000,92452000,51.64,56.68,46.6,0.428,0.2076,5.91,8.83,21.7,2.33,0.1844,0.1654,0.4882,0.0857,2.42,0.2,1.3916
2015-08-01,408072468,408072468,1,4824304000,2370033000,2437790000,1675657000,2386514000,0,0,0,395793000,2968270000,258639000,258639000,0.64,0.63,0.1175,176383000,-86243000,-221208000,-131068000,630288000,86180000,76.31,104.76,47.87,0.4276,0.2053,5.85,13.46,32.89,2.21,0.1828,0.1658,0.4947,0.0851,2.41,0.22,1.4144
2015-05-02,205678629,411357258,2,4936049000,2486366000,2602550000,1825007000,2333499000,0,0,0,395677000,2938148000,282205000,282205000,1.38,1.37,0.235,413988000,-107054000,-242186000,64748000,761356000,106928000,49.59,54.45,44.73,0.4304,0.2085,5.67,9.03,22.44,2.1,0.1802,0.1696,0.4727,0.0852,2.45,0.75,1.3624
2015-01-31,207489276,414978552,2,4703134000,2262790000,2423924000,1659368000,2279210000,0,0,2889000,398375000,3032698000,248530000,248530000,1.21,1.2,0.2,390883000,-94712000,-171141000,125030000,696608000,95146000,44.34,48.47,40.22,0.4256,0.2091,5.49,8.45,20.87,1.98,0.1811,0.1748,0.4846,0.0837,2.5,0.71,1.3636
2014-11-01,208486401,416972802,2,4669242000,2302493000,2481946000,1766924000,2187296000,0,0,0,398339000,2598820000,192720000,192720000,0.94,0.93,0.2,240191000,-295916000,77519000,21794000,571578000,298195000,36.36,40.41,32.32,0.4248,0.2118,5.25,7.1,17.65,1.88,0.1814,0.1821,0.4684,0.0832,2.55,-0.14,1.3031
2014-08-02,209831704,419663408,2,4167832000,2023865000,2018505000,1532121000,2149327000,0,0,0,150000000,2729566000,239561000,239561000,1.15,1.14,0.2,237214000,-104713000,-178667000,-46166000,549784000,104650000,32.95,34.83,31.07,0.4273,0.2161,5.12,6.72,16.64,1.78,0.1799,0.0698,0.5157,0.0828,2.61,0.32,1.321
2014-05-03,211593659,423187318,2,4151594000,2063022000,2076316000,1576353000,2075278000,0,0,0,150000000,2680593000,243913000,243913000,1.17,1.15,0.2,504577000,-143658000,-188137000,172782000,595950000,148700000,34.97,37.05,32.89,0.4257,0.2129,4.9,7.42,18.03,1.68,0.1794,0.0723,0.4999,0.0816,2.61,0.84,1.3087
2014-02-01,212969295,425938590,2,3896797000,1867159000,1889495000,1393057000,2007302000,0,0,2889000,150000000,2741040000,217953000,217953000,1.03,1.03,0.17,340782000,-126903000,-162981000,50898000,423168000,127304000,37.33,40.82,33.83,0.4319,0.2148,4.71,8.26,19.05,1.58,0.1309,0.0747,0.5151,0.0818,2.62,0.5,1.3403
2013-11-02,214915331,429830662,2,3946723000,2050089000,2005596000,1496697000,1941127000,0,0,0,150000000,2398122000,171618000,171618000,0.81,0.8,0.17,148893000,-154009000,-173179000,-178295000,372270000,151521000,35.59,38.81,32.38,0.4556,0.2228,4.52,7.98,18.54,1.49,0.1654,0.0773,0.4918,0.0835,2.67,-0.01,1.3697
2013-08-03,216683333,433366666,2,3908485000,2098477000,1977515000,1471814000,1930970000,0,0,0,150000000,2551277000,213121000,213121000,1,0.98,0.17,179469000,-173197000,-169881000,-163609000,550565000,174138000,33.12,34.6,31.64,0.4642,0.224,4.46,7.72,18.05,1.41,0.1614,0.0777,0.494,0.0834,2.68,0.01,1.4258
2013-05-04,218677597,437355194,2,3842761000,2153196000,1967500000,1467202000,1875261000,0,0,0,150000000,2539914000,234612000,234612000,1.09,1.07,0,352859000,-109699000,-175747000,67413000,714174000,97552000,30.32,33.03,27.61,0.4642,0.2208,4.29,7.54,17.18,1.32,0.1608,0.08,0.488,0.0821,2.69,0.58,1.4676
2013-02-02,220018890,440037780,2,3670561000,2031427000,1903698000,1422582000,1766863000,0,0,2889000,150000000,2760646000,236602000,236602000,1.09,1.07,0.31,333374000,-168765000,-141670000,22939000,646761000,169102000,28.38,30.57,26.2,0.467,0.2195,4.02,7.43,17.15,1.32,0.1661,0.0849,0.4814,0.0809,2.71,0.37,1.428
2012-10-27,222380667,444761334,2,3647937000,2150870000,1950202000,1466588000,1697735000,0,0,0,150000000,2262723000,159524000,159524000,0.73,0.72,0.14,142107000,-100164000,-139167000,-97224000,623822000,103227000,32.58,34.99,30.16,0.4591,0.2125,3.82,8.76,20.24,1.17,0.1605,0.0884,0.4654,0.0793,2.68,0.09,1.4666
2012-07-28,223927978,447855956,2,3560163000,2117992000,1896010000,1415136000,1664153000,0,0,0,150000000,2340855000,182024000,182024000,0.83,0.81,0.14,206833000,-85586000,-141318000,-20071000,721046000,94112000,32.4,34.62,30.18,0.4676,0.2153,3.72,9.08,21.25,1.1,0.1557,0.0901,0.4674,0.0795,2.71,0.25,1.4967
2012-04-28,225578030,451156060,2,3457486000,2058985000,1846851000,1370637000,1610635000,0,0,0,150000000,2356841000,208613000,208613000,0.94,0.93,0,297330000,-71209000,-134839000,91282000,741117000,57993000,28.23,31.11,25.35,0.4637,0.2132,3.57,8.55,19.74,1.03,0.1547,0.0931,0.4658,0.0779,2.74,0.53,1.5022
2012-01-28,226520166,453040332,2,3301209000,1924371000,1808197000,1346052000,1493012000,0,0,2889000,150000000,2397878000,191952000,191952000,0.87,0.85,0.25,406414000,-184879000,-124624000,96911000,649835000,100000000,23.77,26.19,21.34,0.4554,0.208,3.3,7.52,17.61,1.03,0.1631,0.1005,0.4523,0.0763,2.72,0.68,1.4296
2011-10-29,114320487,457281948,4,3181944000,1958100000,1734693000,1269072000,1447251000,0,0,0,150000000,2046427000,143969000,143969000,1.28,1.26,0.22,252026000,-77872000,-133946000,40208000,552924000,85629000,19.62,22.1,17.13,0.4469,0.2014,3.16,6.37,15.21,0.9,0.1519,0.1036,0.4548,0.075,2.68,0.36,1.5429
2011-07-30,115598812,462395248,4,3055275000,1869862000,1629346000,1164731000,1425929000,0,0,0,150000000,2089410000,148276000,148276000,1.3,1.28,0.22,120614000,-140735000,-138168000,-158289000,512716000,75624000,19.5,20.66,18.34,0.4436,0.1976,3.08,6.48,15.76,0.85,0.1475,0.1052,0.4667,0.0739,2.68,0.1,1.6054
2011-04-30,116956306,467825224,4,3101994000,1997241000,1695888000,1238794000,1406106000,0,0,0,150000000,2074576000,172973000,172973000,1.51,1.48,0,41051000,-68282000,-135688000,-162919000,671005000,70096000,17.36,18.5,16.21,0.4434,0.1946,3.01,6.13,15,0.79,0.1418,0.1067,0.4533,0.0731,2.66,-0.06,1.6122
2011-01-29,117599994,470399976,4,3116204000,2043239000,1783512000,1352320000,1332692000,0,0,2889000,150000000,2145242000,161796000,161796000,1.39,1.38,0.38,246305000,-47805000,-97374000,101126000,833924000,48992000,15.82,16.75,14.9,0.4348,0.1879,2.83,5.86,14.32,0.79,0.1496,0.1126,0.4277,0.0705,2.66,0.42,1.5109
2010-10-30,119084540,476338160,4,2962589000,1904844000,1677578000,1247630000,1285011000,0,0,0,150000000,1874320000,121378000,121378000,1.04,1.02,0.16,121924000,-59096000,-102701000,-39873000,732798000,61537000,13.5,14.75,12.26,0.4349,0.187,2.7,5.17,12.74,0.7,0.1333,0.1167,0.4337,0.0696,2.69,0.13,1.5268
2010-07-31,120457145,481828580,4,2850863000,1814847000,1594014000,1179602000,1256849000,0,0,0,150000000,1911760000,129276000,129276000,1.09,1.07,0.16,115656000,-55273000,-111364000,-50981000,772671000,52603000,13.66,14.43,12.88,0.4375,0.1848,2.61,5.42,13.69,0.66,0.127,0.1193,0.4409,0.0686,2.69,0.13,1.5385
2010-05-01,122094664,488378656,4,2882607000,1859744000,1653254000,1229551000,1229353000,0,0,0,150000000,1934778000,142347000,142347000,1.19,1.16,0,189181000,-34671000,-99201000,55309000,823652000,35519000,12.96,14.63,11.3,0.4328,0.1796,2.52,5.49,14.6,0.62,0.1225,0.122,0.4265,0.0665,2.7,0.31,1.5125
2010-01-30,122529865,490119460,4,2768633000,1745447000,1611340000,1190514000,1157293000,0,0,0,150000000,1979839000,142883000,142883000,1.18,1.17,0.27,304502000,-32987000,-79334000,192181000,768343000,34312000,11.16,11.69,10.63,0.4053,0.1662,2.36,5,14.26,0.62,0.1366,0.1296,0.418,0.0616,2.7,0.55,1.4661
2009-10-31,123873076,495492304,4,2741470000,1714060000,1634277000,1207872000,1107193000,0,0,0,150000000,1744139000,105080000,105080000,0.86,0.84,0.11,169914000,-39936000,-74240000,55738000,576162000,43444000,11.33,12.12,10.54,0.3776,0.1552,2.23,5.29,16.6,0.55,0.1327,0.1355,0.4039,0.0573,2.71,0.26,1.4191
2009-08-01,125096413,500385652,4,2600649000,1574773000,1531227000,1106637000,1069422000,0,0,0,150000000,1768636000,103407000,103407000,0.84,0.82,0.11,173236000,-34583000,-77531000,61122000,520424000,46817000,9.96,11.12,8.8,0.342,0.14,2.14,4.88,16.26,0.52,0.1489,0.1403,0.4112,0.0518,2.71,0.25,1.423
2009-05-02,126648834,506595336,4,2542120000,1507138000,1506362000,1088719000,1035758000,0,0,0,150000000,1691599000,91387000,91387000,0.73,0.72,0,240732000,-29327000,-73458000,137947000,459302000,33904000,8.51,9.96,7.06,0.3154,0.1288,2.04,4.32,14.61,0.5,0.1621,0.1448,0.4074,0.0479,2.69,0.41,1.3843
2009-01-31,126748087,506992348,4,2355511000,1313715000,1359142000,955259000,996369000,0,0,0,150000000,1734112000,97387000,97387000,0.76,0.75,0.2,214606000,-44303000,-80189000,90114000,321355000,48950000,6.72,7.91,5.53,0.3068,0.1252,1.97,3.52,11.84,0.5,0.1684,0.1505,0.423,0.0471,2.66,0.33,1.3752
2008-11-01,129380561,517522244,4,2482639000,1456656000,1496749000,1098755000,985890000,0,0,0,150000000,1555287000,57270000,57270000,0.44,0.44,0.1,62277000,-59155000,-81435000,-78313000,231241000,61996000,8.55,10.33,6.78,0.3058,0.1238,1.91,4.48,15.62,0.45,0.1567,0.1521,0.3971,0.0472,2.62,0,1.3257
2008-08-02,131531262,526125048,4,2478417000,1464630000,1472297000,1070065000,1006120000,0,0,0,150000000,1640412000,71299000,71299000,0.55,0.54,0.1,145721000,-75973000,-65998000,3750000,309554000,71185000,9.16,9.92,8.4,0.3013,0.122,1.91,4.9,18.14,0.42,0.1541,0.1491,0.406,0.0465,2.62,0.14,1.3687
2008-05-03,132815055,531260220,4,2444393000,1466921000,1450168000,1048175000,994225000,0,0,0,150000000,1556328000,79485000,79485000,0.61,0.6,0,160835000,-39332000,-73279000,48224000,305804000,42170000,7.68,8.6,6.77,0.2854,0.116,1.87,4.22,16.17,0.4,0.1577,0.1509,0.4067,0.0447,2.6,0.22,1.3995
2008-02-02,133182333,532729332,4,2371322000,1398001000,1400673000,1010605000,970649000,0,0,0,150000000,1651702000,94462000,94462000,0.71,0.69,0.16,221154000,-65902000,-49220000,106032000,257580000,58975000,6.42,7.47,5.37,0.2766,0.1126,1.82,3.73,13.73,0.4,0.1652,0.1545,0.4093,0.0437,2.58,0.3,1.3833
2007-11-03,135475503,541902012,4,2343642000,1414349000,1412739000,1012904000,930903000,0,0,0,150000000,1468337000,48682000,48682000,0.36,0.36,0.08,124757000,-44256000,-61761000,18740000,151548000,69505000,6.95,7.5,6.4,0.2797,0.1122,1.72,4.06,15.27,0.36,0.1589,0.1611,0.3972,0.0438,2.56,0.1,1.3963
2007-08-04,137116311,548465244,4,2268879000,1377856000,1331831000,930789000,937048000,0,0,0,150000000,1444632000,50863000,50863000,0.37,0.37,0.08,73693000,-83445000,-56563000,-66315000,132808000,59904000,7.76,8.63,6.89,0.28,0.1127,1.71,4.59,17.54,0.34,0.1523,0.1601,0.413,0.0438,2.57,0.03,1.4803
2007-05-05,138636599,554546396,4,2290146000,1424954000,1354137000,952985000,936009000,0,0,0,150000000,1410541000,67044000,67044000,0.49,0.48,0,-66045000,-51140000,-51080000,-168265000,199123000,47381000,8.29,8.71,7.87,0.2802,0.1145,1.69,5.05,19.51,0.32,0.1456,0.1603,0.4087,0.0438,2.61,-0.2,1.4953
2007-02-03,139023168,556092672,4,2358591000,1514956000,1448761000,1083257000,909830000,0,0,0,150000000,1608437000,93107000,93107000,0.67,0.66,0.14,176618000,-43521000,112222000,245319000,367388000,42646000,7.78,8.41,7.14,0.2772,0.1151,1.64,5.05,20.47,0.32,0.1503,0.1649,0.3858,0.0434,2.65,0.24,1.3985
2006-10-28,139748624,558994496,4,2132128000,1300638000,1273392000,1047526000,858736000,0,0,0,50000000,1362045000,43933000,43933000,0.32,0.31,0.06,161153000,-49512000,-48923000,62718000,122069000,34571000,6.64,7.75,5.53,0.2573,0.11,1.54,4.37,18.19,0.28,0.1552,0.0582,0.4028,0.0409,2.69,0.23,1.2416
2006-07-29,141106256,564425024,4,1936147000,1131045000,1079098000,860591000,857049000,0,0,0,50000000,1308052000,45377000,45377000,0.32,0.32,0.06,63631000,-91476000,-58034000,-85879000,59351000,40770000,6.92,7.76,6.09,0.2525,0.1078,1.52,4.58,19.36,0.27,0.1553,0.0583,0.4427,0.0404,2.67,0.04,1.3143
2006-04-29,142872573,571490292,4,1973637000,1267410000,1112915000,890487000,860722000,0,0,0,50000000,1291676000,59217000,59217000,0.42,0.41,0,105465000,-51432000,-100570000,-46537000,145230000,18024000,7.17,7.7,6.64,0.2525,0.107,1.51,4.91,21.09,0.25,0.1521,0.0581,0.4361,0.0408,2.62,0.15,1.4233
2006-01-28,143498614,573994456,4,1938738000,1228847000,1102566000,878983000,836172000,0,0,0,50000000,1411488000,70978000,70978000,0.5,0.48,0.12,110990000,-60465000,-36511000,14014000,191767000,36520000,6.95,7.63,6.26,0.2453,0.1035,1.46,5,23.17,0.25,0.1591,0.0598,0.4313,0.0404,2.56,0.13,1.398
2005-10-29,144537641,578150564,4,2014541000,1331644000,1212344000,945414000,802197000,0,0,0,50000000,1236892000,36325000,36325000,0.25,0.25,0.05,124210000,-17331000,-48523000,58356000,177753000,43131000,6.21,6.74,5.68,0.2253,0.0956,1.39,4.5,20.53,0.22,0.1139,0.0623,0.3982,0.0378,2.53,0.14,1.4085
2005-07-30,146106238,584424952,4,1878341000,1216442000,1069129000,807235000,809212000,0,0,0,50000000,1171862000,42279000,42279000,0.29,0.29,0.05,44745000,-21625000,-48104000,-24984000,119397000,80175000,6.92,7.47,6.36,0.2324,0.1004,1.38,5.05,24.28,0.21,0.1074,0.0618,0.4308,0.0399,2.51,-0.06,1.5069
2005-04-30,147241134,588964536,4,1880429000,1275768000,1073027000,814136000,807402000,0,0,0,50000000,1123937000,50050000,50050000,0.34,0.34,0,95246000,-32975000,-33221000,29050000,144381000,16025000,7.14,7.6,6.68,0.2261,0.0983,1.37,5.49,25.5,0.2,0.1074,0.0619,0.4294,0.0392,2.51,0.13,1.567
2005-01-29,147734643,590938572,4,1735999000,1122721000,970430000,711561000,765569000,0,0,0,50000000,1211754000,50743000,50743000,0.35,0.32,0.04,197939000,-111284000,-29111000,57544000,115331000,43884000,6.97,7.48,6.46,0.2278,0.1002,1.3,5.58,22.13,0.2,0.1459,0.0653,0.441,0.0401,2.5,0.26,1.5778
2004-10-30,146789488,587157952,4,1721235000,1161261000,985207000,778186000,736028000,0,0,0,50000000,1027744000,38066000,38066000,0.26,0.26,0.0425,10574000,-31791000,-29349000,-50566000,57787000,49191000,5.91,6.58,5.24,0.2595,0.1151,1.25,4.8,17.84,0.19,0.1291,0.0679,0.4276,0.0467,2.46,-0.07,1.4923
2004-07-31,147496502,589986008,4,1641011000,1110491000,917075000,723818000,723936000,0,0,0,50000000,1008600000,32575000,32575000,0.22,0.22,0.0425,26704000,-33401000,-69901000,-76598000,108353000,33401000,6.71,7.83,5.58,0.2805,0.1255,1.23,5.33,18.45,0.18,0.1015,0.0691,0.4412,0.0504,2.49,-0.01,1.5342
2004-05-01,149843385,599373540,4,1683379000,1134791000,925885000,728725000,757494000,0,0,0,50000000,991892000,48518000,48518000,0.32,0.32,0.0425,62940000,-23065000,-56470000,-16595000,184951000,23065000,7.58,8.21,6.95,0.3158,0.1411,1.26,6.06,20.91,0.17,0.0834,0.066,0.45,0.0564,2.5,0.07,1.5572
2004-01-31,150627439,602509756,4,1657210000,1120538000,901791000,711844000,755419000,0,0,0,50000000,1098749000,73736000,73736000,0.49,0.46,0.04,142605000,-37268000,-21508000,83829000,201546000,37268000,6.83,7.2,6.45,0.3283,0.1481,1.25,5.99,20.09,0.16,0.0745,0.0662,0.4558,0.0582,2.55,0.17,1.5741
2003-11-01,75607680,604861440,8,1559572000,1041925000,868554000,735840000,691018000,0,0,0,50000000,976940000,50471000,50471000,0.67,0.65,0.0288,17872000,-38895000,-38120000,-59143000,117717000,38895000,6.14,6.66,5.62,0.3196,0.1453,1.14,5.53,18.61,0.15,0.0695,0.0724,0.4431,0.0563,2.58,-0.03,1.416
2003-08-02,76006064,608048512,8,1544227000,1050816000,868804000,737533000,675423000,0,0,0,50000000,965610000,54586000,54586000,0.72,0.7,0.0576,143268000,-42947000,-40005000,60316000,176860000,42947000,5.21,5.69,4.73,0.3235,0.1471,1.11,4.87,16.28,0.14,0.0786,0.074,0.4374,0.0564,2.61,0.16,1.4248
2003-05-03,76571482,612571856,8,1399754000,944369000,742538000,622215000,657216000,0,0,0,50000000,879284000,49309000,49309000,0.64,0.63,0.0576,11561000,-27419000,-18247000,-34105000,116544000,27419000,4.53,4.94,4.12,0.3278,0.1514,1.07,4.36,14.38,0.13,0.0771,0.0761,0.4695,0.0565,2.68,-0.03,1.5178
2003-02-01,77112695,616901560,8,1361345000,922420000,718157000,626684000,643188000,0,0,0,25000000,964610000,58743000,58743000,0.77,0.74,0.05,100952000,-45154000,-6639000,49159000,150649000,45154000,5.35,5.86,4.83,0.3379,0.1566,1.04,5.63,17.91,0.13,0.0744,0.0389,0.4725,0.057,2.75,0.09,1.4719
2002-11-02,77550108,620400864,8,1341249000,928771000,748849000,675647000,592400000,0,0,0,25000000,870196000,45078000,45078000,0.58,0.57,0.0475,53158000,-33924000,-13066000,6168000,101490000,33924000,4.84,5.6,4.09,0.3371,0.1583,0.95,5.15,17.21,0.12,0.0742,0.0422,0.4417,0.0563,2.81,0.03,1.3746
2002-08-03,77772375,622179000,8,1255808000,862005000,673523000,623682000,582285000,0,0,0,0,876932000,49688000,49688000,0.63,0.62,0.0475,83823000,-26828000,-34303000,22692000,95322000,26828000,4.87,5.46,4.27,0.3292,0.1562,0.94,5.41,18.82,0.12,0.0766,0,0.4637,0.0555,2.81,0.09,1.3821
2002-05-04,78617275,628938200,8,1181674000,798067000,617855000,566534000,563819000,0,0,0,0,819611000,47669000,47669000,0.6,0.59,0.0475,94512000,-27260000,-34973000,32279000,72630000,27260000,4.65,5.1,4.2,0.3147,0.1507,0.9,5.41,19.48,0.11,0.0814,0,0.4771,0.0537,2.81,0.11,1.4087
2002-02-02,79102570,632820560,8,1082725000,714991000,538270000,489588000,544455000,0,0,0,0,848374000,49970000,49970000,0.63,0.61,0.04,141926000,-17302000,-120455000,4169000,40351000,17302000,4,4.54,3.46,0.3032,0.1438,0.86,4.82,17.2,0.1,0.0861,0,0.5029,0.0519,2.77,0.2,1.4604
2001-11-03,79519539,636156312,8,1149892000,786094000,625024000,510995000,524868000,0,0,0,75000000,739272000,35027000,35027000,0.44,0.43,0.0425,15443000,-25579000,7362000,-2774000,36182000,25579000,3.47,4.02,2.93,0.3054,0.1429,0.83,4.39,15.51,0.1,0.0891,0.1429,0.4564,0.0515,2.77,-0.02,1.5384
2001-08-04,80013973,640111784,8,1047021000,694220000,544406000,450427000,502615000,0,0,0,50000000,724591000,35372000,35372000,0.44,0.44,0.0425,55335000,-21799000,-32862000,674000,38956000,21799000,2.9,3.15,2.64,0.3087,0.1423,0.79,3.92,13.03,0.09,0.09,0.0995,0.48,0.0515,2.76,0.05,1.5412
2001-05-05,79974292,639794336,8,1034626000,688184000,560889000,469518000,473737000,0,0,0,50000000,674359000,34676000,34676000,0.43,0.43,0.0425,30185000,-21322000,-7735000,1128000,38282000,21322000,2.62,2.98,2.26,0.3228,0.1445,0.74,3.59,11.52,0.09,0.0875,0.1055,0.4579,0.0529,2.73,0.01,1.4657
2001-02-03,80550177,644401416,8,975047000,631069000,507500000,434065000,467547000,0,0,0,30000000,779107000,45246000,45246000,0.57,0.56,0.04,69330000,-18613000,-48321000,2396000,37154000,18613000,2.25,2.86,1.63,0.3469,0.1533,0.73,3.36,10.34,0.08,0.0821,0.0642,0.4795,0.056,2.74,0.08,1.4539
2000-10-28,81011317,648090536,8,1020589000,667510000,585121000,454897000,435468000,0,0,0,80000000,639469000,29738000,29738000,0.36,0.36,0.0375,33519000,-24493000,-16216000,-7190000,34758000,24493000,1.86,2.1,1.63,0.3399,0.1517,0.67,2.86,8.45,0.08,0.0788,0.1837,0.4267,0.0569,2.67,0.01,1.4674
2000-07-29,82153230,657225840,8,1000625000,654795000,573178000,439474000,427447000,0,0,0,80000000,657035000,35922000,35922000,0.43,0.43,0.0375,5829000,-20977000,24464000,9316000,41948000,20977000,2.36,2.87,1.85,0.353,0.1594,0.65,3.75,10.82,0.07,0.0753,0.1872,0.4272,0.0594,2.68,-0.02,1.49
2000-04-29,82967000,663736000,8,964130000,624322000,544641000,469879000,419489000,0,0,0,20000000,633428000,40848000,40848000,0.48,0.47,0.0375,34671000,-18031000,-63337000,-46697000,32632000,18031000,2.29,3.01,1.57,0.3574,0.167,0.63,3.27,11.17,0.07,0.0731,0.0477,0.4351,0.0615,2.72,0.03,1.3287
2000-01-29,84290457,674323656,8,947678000,613194000,474247000,422470000,473431000,0,0,0,0,694517000,42692000,42692000,0.49,0.48,0.03,109586000,-15094000,-46808000,47684000,79329000,15094000,2.08,2.63,1.53,0.3405,0.1635,0.7,3.47,10.08,0.06,0.0754,0,0.4996,0.0608,2.69,0.14,1.4514
1999-10-30,88542788,708342304,8,953480000,635085000,527731000,456531000,425749000,0,0,0,24000000,608720000,34615000,34615000,0.38,0.38,0.0325,36379000,-23497000,-11356000,1526000,31645000,23497000,2.66,3,2.32,0.3569,0.1702,0.6,4.43,13.6,0.06,0.0724,0.0564,0.4465,0.0636,2.67,0.02,1.3911
1999-07-31,45235261,723764176,16,890815000,584024000,454876000,407173000,435939000,0,0,0,10000000,614576000,38636000,38636000,0.85,0.83,0.065,46657000,-18174000,-31671000,-3188000,30119000,18174000,3,3.25,2.76,0.3529,0.1679,0.6,5.08,16.16,0.06,0.0733,0.0229,0.4894,0.0629,2.67,0.04,1.4343
1999-05-01,45661134,730578144,16,881146000,580914000,452854000,407284000,428292000,0,0,0,0,550825000,34163000,34163000,0.74,0.73,0.065,-9256000,-17247000,-20273000,-46776000,33307000,17247000,2.75,2.99,2.52,0.3484,0.165,0.59,4.74,15.66,0.05,0.074,0,0.4861,0.0623,2.65,-0.04,1.4263
1999-01-30,45802686,732842976,16,870306000,573934000,445603000,403139000,424703000,0,0,0,0,629971000,45579000,45579000,1,0.98,0.05,131500000,-14063000,-64011000,53426000,80083000,14063000,2.27,2.54,1.99,0.342,0.1633,0.58,4.54,13.6,0.05,0.0749,0,0.488,0.0613,2.66,0.16,1.4237
1998-10-31,46081941,737311056,16,844400000,566724000,474113000,405766000,370287000,0,0,0,30000000,531139000,28005000,28005000,0.6,0.59,0.055,19298000,-14564000,-10049000,-5315000,26657000,14564000,2.14,2.75,1.53,0.339,0.1639,0.5,4.2,13.27,0.04,0.0749,0.081,0.4385,0.0607,2.7,0.01,1.3967
1998-08-01,46951511,751224176,16,802722000,528086000,416635000,375516000,386087000,0,0,0,0,536975000,32409000,32409000,0.68,0.67,0.055,41363000,-38306000,-810000,2247000,31972000,38306000,2.81,3.11,2.52,0.3405,0.1658,0.51,5.62,18.28,0.04,0.0735,0,0.481,0.0607,2.73,0,1.4063
1998-05-02,47579988,761279808,16,761307000,516120000,377035000,336950000,384272000,0,0,0,0,484276000,27850000,27850000,0.58,0.57,0.055,8339000,-11519000,-23464000,-26644000,29725000,11519000,2.56,3.02,2.1,0.3331,0.1654,0.5,5.12,17.36,0.04,0.0731,0,0.5048,0.0599,2.76,-0,1.5317
1998-01-31,47950192,767203072,16,737953000,498424000,357272000,323746000,380681000,0,0,0,0,572297000,40668000,40668000,0.92,0.84,0.04,77039000,-6610000,-35797000,34632000,56369000,6610000,2.32,2.61,2.03,0.3299,0.1642,0.5,5.4,17.35,0.03,0.0724,0,0.5159,0.0591,2.78,0.09,1.5396
1997-11-01,47643824,762301184,16,737043000,513922000,408122000,351033000,328921000,0,0,0,25000000,482875000,25055000,25055000,0.5,0.5,0.045,18786000,-7510000,-21309000,-10033000,21737000,7510000,2.09,2.38,1.81,0.317,0.1563,0.43,4.45,17.06,0.03,0.0788,0.076,0.4463,0.0565,2.77,0.01,1.464
1997-08-02,49041095,784657520,16,704187000,482387000,338206000,308614000,365981000,0,0,0,9665000,490679000,27998000,27998000,0.55,0.55,0.045,23977000,-8514000,-10572000,4891000,31770000,8514000,1.9,2.13,1.66,0.2952,0.1479,0.47,4.32,17.18,0.03,0.0815,0.0264,0.5197,0.0542,2.73,0.02,1.5631
1997-05-03,49693516,795096256,16,683156000,458881000,334505000,305149000,348651000,0,0,0,19736000,442841000,23753000,23753000,0.47,0.47,0.045,-1918000,-10688000,-5292000,-17898000,26879000,10688000,1.54,1.83,1.26,0.278,0.1386,0.44,3.76,15.69,0.03,0.085,0.0566,0.5104,0.0515,2.69,-0.02,1.5038
1997-02-01,49597180,793554880,16,659478000,439587000,330635000,304785000,328843000,0,0,0,9806000,509823000,31966000,31966000,0.63,0.62,0.04,51174000,-3917000,-27785000,19472000,44777000,3917000,1.46,1.64,1.28,0.2562,0.128,0.41,3.74,17.24,0.02,0.0895,0.0298,0.4986,0.0479,2.67,0.06,1.4423
1996-11-02,24752157,792069024,32,660378000,458594000,347712000,314774000,312666000,0,0,0,10000000,403383000,16354000,16354000,0.64,0.64,0.07,24408000,-16853000,-17330000,-9775000,25305000,16853000,1.19,1.33,1.05,0.2287,0.1163,0.39,3.05,15.93,0.02,0.0965,0.032,0.4735,0.0431,2.7,0.01,1.4569
1996-08-03,25080634,802580288,32,615194000,420418000,300100000,271662000,315094000,0,0,0,9665000,405656000,18649000,18649000,0.72,0.72,0.07,28519000,-7001000,-21474000,44000,35080000,7001000,1.1,1.3,0.91,0.2084,0.106,0.39,2.89,16.84,0.02,0.1053,0.0307,0.5122,0.0397,2.67,0.03,1.5476
1996-05-04,25296480,809487360,32,593897000,397543000,287380000,248993000,306517000,0,0,0,19736000,370948000,13936000,13936000,0.54,0.54,0.07,12999000,-9334000,7945000,11610000,35036000,9334000,0.85,1.09,0.62,0.1877,0.0949,0.38,2.36,15.91,0.02,0.1166,0.0644,0.5161,0.0356,2.67,0,1.5966
1996-02-03,25069878,802236096,32,541152000,342766000,249636000,221216000,291516000,0,0,0,9806000,447078000,21161000,21161000,0.85,0.81,0.06,39184000,-11835000,-27522000,-173000,23426000,11835000,0.61,0.65,0.57,0.1588,0.0785,0.36,1.74,13.94,0.01,0.1368,0.0336,0.5387,0.0303,2.59,0.03,1.5495
1995-10-28,24354817,779354144,32,577162000,388550000,306616000,247277000,270546000,0,0,17558000,37874000,330682000,7909000,7909000,0.32,0.32,0.06,23314000,-10530000,-14678000,-1894000,23599000,10530000,0.45,0.53,0.37,0.1314,0.0638,0.35,1.32,9.41,0.01,0.1633,0.14,0.4688,0.0252,2.53,0.02,1.5713
1995-07-29,24683890,789884480,32,535096000,348406000,266961000,199595000,268135000,0,0,0,45940000,351202000,10336000,10336000,0.42,0.42,0.06,26632000,-8412000,-17820000,400000,25493000,8412000,0.35,0.39,0.31,0.1475,0.0702,0.34,1.06,7.62,0.01,0.143,0.1713,0.5011,0.0283,2.48,0.02,1.7456
1995-04-29,24559354,785899328,32,551892000,366339000,292329000,210002000,259563000,0,0,0,61004000,297435000,3866000,3866000,0.16,0.16,0.06,-1146000,-10929000,13587000,1512000,25093000,10929000,0.34,0.38,0.3,0.1469,None,0.33,1.06,7.3,0.01,0.1417,0.235,0.4703,0.028,2.45,-0.02,1.7445
1995-01-28,24631514,788208448,32,506241000,316281000,251690000,184505000,254551000,0,0,18709000,46069000,391081000,12481000,12481000,0.5,0.5,0.05,76825000,-15112000,-55516000,6197000,23581000,15112000,0.39,0.45,0.32,0.154,None,0.32,1.26,None,0.01,0.1329,0.181,0.5028,0.0292,2.45,0.08,1.7142
1994-10-29,24307636,777844352,32,557818000,381273000,316024000,193598000,241794000,0,0,0,102230000,294960000,11085000,11085000,0.45,0.45,0.05,-4452000,-13770000,16594000,-1628000,17384000,13770000,0.48,0.53,0.43,None,None,0.31,1.6,None,0,None,0.4228,0.4335,None,None,-0.02,1.9694
1994-07-30,24375905,780028960,32,503115000,338512000,270988000,167650000,232127000,0,0,0,83091000,312296000,8847000,8847000,0.36,0.36,0.05,-6286000,-13279000,22739000,3174000,19012000,13279000,0.47,0.53,0.41,None,None,0.3,1.62,None,0,None,0.358,0.4614,None,None,-0.03,2.0192
1994-04-30,24577862,786491584,32,489978000,332363000,261888000,187113000,228090000,0,0,0,54450000,264207000,4408000,4408000,0.18,0.18,0.05,-20871000,-9894000,14296000,-16469000,15838000,9894000,0.48,0.55,0.41,None,None,0.29,1.66,None,0,None,0.2387,0.4655,None,None,-0.04,1.7763
1994-01-29,24859733,795511456,32,437371000,280476000,209149000,155429000,228222000,0,0,3900000,33308000,None,None,None,None,None,0,None,None,None,None,32307000,0,None,None,None,None,None,0.29,None,None,0,None,0.1459,0.5218,None,None,None,1.8045
