"Quarter end","Shares","Shares split adjusted","Split factor","Assets","Current Assets","Liabilities","Current Liabilities","Shareholders equity","Non-controlling interest","Preferred equity","Goodwill & intangibles","Long-term debt","Revenue","Earnings","Earnings available for common stockholders","EPS basic","EPS diluted","Dividend per share","Cash from operating activities","Cash from investing activities","Cash from financing activities","Cash change during period","Cash at end of period","Capital expenditures","Price","Price high","Price low","ROE","ROA","Book value of equity per share","P/B ratio","P/E ratio","Cumulative dividends per share","Dividend payout ratio","Long-term debt to equity ratio","Equity to assets ratio","Net margin","Asset turnover","Free cash flow per share","Current ratio"
2019-03-31,315361125,315361125,1,41099003000,None,36252482000,None,4551090000,295431000,95624000,1581605000,1177926000,426553000,100585000,99035000,0.31,0.31,0.14,122489000,-92730000,-222214000,-192455000,1212870000,2915000,14.42,15.93,12.91,0.1263,0.0134,14.13,1.07,12.54,14.44,0.2978,0.2644,0.1084,0.2769,0.05,0.38,None
2018-09-30,323942816,323942816,1,40635924000,None,35893993000,None,4446500000,295431000,95624000,1571317000,1200134000,652672000,271833000,270283000,0.83,0.83,0.12,-174728000,916713000,-775795000,-33810000,1443210000,-8350000,17.76,19.01,16.51,0.0923,0.0097,13.43,1.39,29.6,14.3,0.3761,0.2758,0.1071,0.2049,0.05,-0.51,None
2018-06-30,325003353,325003353,1,41076795000,None,36527046000,None,4254318000,295431000,95624000,1577231000,1227281000,438457000,83140000,81590000,0.25,0.25,0.12,248261000,-839784000,635512000,43989000,1477020000,3083000,18.79,19.75,17.83,0.0497,0.0051,12.8,1.47,25.74,14.18,0.6896,0.2951,0.1012,0.1188,0.04,0.75,None
2018-03-31,327193702,327193702,1,40463195000,None,35890667000,None,4277097000,295431000,95624000,1572916000,1214967000,438190000,92174000,90624000,0.28,0.27,0.12,-204378000,1268638000,-1083275000,-19015000,1433031000,15401000,19.48,20.75,18.2,0.0589,0.0057,12.78,1.52,28.23,14.06,0.5657,0.2906,0.1033,0.1339,0.04,-0.67,None
2017-12-31,326833403,326833403,1,41423388000,None,36842900000,None,4285057000,295431000,95624000,1571242000,1218097000,372278000,-51291000,-52841000,-0.2,-0.2,0.09,543514000,142432000,-707295000,-21349000,254938000,309447000,19.35,20.86,17.84,0.0556,0.0051,12.82,1.82,17.28,13.94,0.5813,0.2908,0.1011,0.1196,0.04,0.72,None
2017-09-30,234230515,234230515,1,29622636000,None,26739085000,None,2588120000,295431000,95624000,279492000,1059507000,322234000,68886000,67336000,0.29,0.28,0.09,135025000,-225065000,98715000,8675000,1087755000,9423000,17.56,19.29,15.84,0.1107,0.0093,10.64,1.69,15.82,13.85,0.2997,0.4251,0.0841,0.2092,0.04,0.54,None
2017-06-30,234135417,234135417,1,29369956000,None,26543068000,None,2531457000,295431000,95624000,281456000,1033329000,330374000,92352000,90802000,0.39,0.38,0.09,-369250000,512942000,-300619000,-156927000,1079080000,9095000,17.92,19.22,16.63,0.1106,0.0092,10.4,1.78,18.47,13.76,0.2863,0.4242,0.0829,0.2041,0.04,-1.62,None
2017-03-31,233883250,233883250,1,29618600000,None,26878140000,None,2445029000,295431000,95624000,211156000,1035036000,307647000,55568000,54018000,0.23,0.23,0.09,-71198000,-554262000,823673000,198213000,1236007000,9300000,19.1,20.84,17.36,0.0975,0.0082,10.05,1.93,20.32,13.67,0.3082,0.4406,0.0793,0.1785,0.04,-0.34,None
2016-12-31,233679160,233679160,1,28555231000,None,25850147000,None,2409653000,295431000,95624000,212388000,1040656000,308628000,54844000,53294000,0.24,0.23,0.07,440695000,-917883000,357431000,-119757000,1037794000,19490000,17.66,20.61,14.71,0.0958,0.0081,9.9,1.75,19.41,13.58,0.2952,0.4497,0.081,0.1738,0.05,1.8,None
2016-09-30,233234592,233234592,1,28449222000,None,25704640000,None,2449151000,295431000,95624000,213688000,1065651000,333740000,64752000,63202000,0.27,0.27,0.07,-238281000,-909982000,1099864000,-48399000,1157551000,7420000,14.3,15.48,13.13,0.0938,0.0081,10.09,1.44,16.25,13.51,0.2941,0.4528,0.0827,0.1702,0.05,-1.05,None
2016-06-30,232019031,232019031,1,27541070000,None,24849146000,None,2396493000,295431000,95624000,214923000,1076943000,321778000,58088000,56538000,0.24,0.24,0.07,89722000,-372428000,406487000,123781000,1205950000,13714000,13.62,14.7,12.54,0.0935,0.0082,9.92,1.41,15.84,13.44,0.2895,0.4681,0.0835,0.1729,0.05,0.33,None
2016-03-31,232547029,232547029,1,26963682000,None,24320734000,None,2347517000,295431000,95624000,216222000,1323749000,306379000,49362000,47812000,0.2,0.2,0.07,-111018000,-268259000,430383000,51106000,1082169000,10534000,12.9,14.19,11.62,0.0926,0.0081,9.68,1.36,39.09,13.37,0.2872,0.5878,0.0835,0.1715,0.05,-0.52,None
2015-12-31,237748936,237748936,1,26195136000,None,23555550000,None,2344155000,295431000,95624000,217522000,1315176000,298884000,48581000,47031000,0.2,0.2,0.06,154532000,-941815000,704468000,-82815000,1031063000,17795000,14.52,15.36,13.68,0.0367,0.0034,9.46,1.55,44,13.3,0.7075,0.5849,0.0858,0.068,0.05,0.58,None
2015-09-30,234237439,234237439,1,25387319000,None,22807074000,None,2284814000,295431000,95624000,171556000,1341186000,288665000,60355000,58805000,0.25,0.24,0.06,101539000,-58671000,-97276000,-54408000,1113878000,9194000,14.84,16.2,13.49,0.0366,0.0033,9.35,1.63,53,13.24,0.6811,0.6126,0.0862,0.0687,0.05,0.39,None
2015-06-30,234020798,234020798,1,25239767000,None,22721862000,None,2222474000,295431000,95624000,172854000,1557647000,296941000,52106000,50556000,0.22,0.22,0.06,252678000,-99893000,-141892000,10893000,1168286000,-31822000,14.97,15.95,14,0.0302,0.0029,9.09,1.66,39.39,13.18,0.7863,0.7324,0.0843,0.0556,0.05,1.22,None
2015-03-31,233498534,233498534,1,25715888000,None,23216631000,None,2203826000,295431000,95624000,174152000,1573215000,286555000,-75163000,-76713000,-0.33,-0.33,0.06,-141586000,580365000,-352791000,85988000,1157393000,7204000,13.5,14.68,12.31,0.0418,0.0039,9.03,1.44,15,13.12,0.5378,0.7462,0.082,0.0787,0.05,-0.64,None
2014-12-31,234225117,234225117,1,25672887000,None,23081919000,None,2295537000,295431000,95624000,175450000,1880105000,278648000,47911000,46361000,0.2,0.2,0.05,119159000,-1357452000,1399967000,161674000,1071405000,14737000,12.64,13.91,11.37,0.0968,0.009,9.39,1.33,13.89,13.06,0.2211,0.8546,0.0857,0.1811,0.05,0.45,None
2014-09-30,235248564,235248564,1,23986787000,None,21364846000,None,2326510000,295431000,95624000,160987000,1491138000,317356000,46874000,45324000,0.19,0.19,0.05,200064000,-22285000,-361170000,-183391000,909731000,5217000,12.21,12.96,11.47,0.0992,0.0093,9.48,1.3,46.96,13.01,0.2185,0.6684,0.093,0.1816,0.05,0.83,None
2014-06-30,237146617,237146617,1,24222750000,None,21596599000,None,2330720000,295431000,95624000,161968000,1501209000,283669000,78321000,76771000,0.33,0.32,0.05,52359000,-238106000,206768000,21021000,1093122000,11667000,11.87,12.56,11.18,0.0298,0.0029,9.42,1.3,107.91,12.96,0.7442,0.6717,0.0923,0.0537,0.05,0.17,None
2014-03-31,236586017,236586017,1,23941989000,None,21397852000,None,2248706000,295431000,95624000,162950000,1507048000,298089000,46417000,44867000,0.19,0.19,0.05,333152000,131164000,-220124000,244192000,1072101000,3752000,11.89,12.56,11.22,0.0131,0.0014,9.1,1.33,132.11,12.91,1.7168,0.6999,0.0899,0.023,0.05,1.39,None
2013-12-31,236366197,236366197,1,23789833000,None,21289082000,None,2205320000,295431000,95624000,163931000,1739859000,292178000,50954000,49404000,0.21,0.21,0.05,317162000,-801711000,287642000,-196907000,827909000,21749000,11.16,11.68,10.65,0.0112,0.0012,8.93,1.29,279,12.86,2.0082,0.8247,0.0887,0.0194,0.05,1.25,None
2013-09-30,236328090,236328090,1,24193341000,None,21760048000,None,2137862000,295431000,95624000,162695000,1771288000,309313000,-105901000,-107451000,-0.46,-0.46,0.05,26003000,968583000,-1006666000,-12080000,1024816000,3004000,11.77,12.55,10.99,0.007,0.0004,8.64,1.31,19.3,12.81,2.8726,0.8673,0.0844,0.0121,0.05,0.1,None
2013-06-30,240554552,240554552,1,25133274000,None,22586923000,None,2250977000,295374000,95624000,170906000,1800255000,302651000,42393000,40843000,0.17,0.17,0.05,35919000,22802000,-63521000,-4800000,1036896000,10289000,10.7,11.67,9.72,0.0673,0.0057,8.96,1.17,None,12.76,0.2117,0.8352,0.0858,0.1164,0.05,0.11,None
2013-03-31,241224839,241224839,1,25166427000,None,22566700000,None,2304470000,295257000,95624000,156014000,2197864000,317809000,42156000,40968000,0.17,0.17,0.05,52289000,573279000,-690134000,-64566000,1041696000,5656000,10.61,11.26,9.96,-0.0078,-0.0007,9.16,1.17,None,12.71,None,0.995,0.0878,None,0.05,0.19,None
2012-12-31,243401545,243401545,1,25520140000,None,23010934000,None,2214041000,295165000,0,156942000,2226482000,317041000,32118000,40681000,0.16,0.16,0.03,259113000,-75368000,36851000,220596000,1106262000,6527000,9.58,10.16,9,-0.0123,-0.0011,9.1,1.06,None,12.66,None,1.0056,0.0868,None,0.05,1.04,None
2012-09-30,247133973,247133973,1,25739830000,None,23207942000,None,2236723000,295165000,0,157921000,2263238000,337003000,28682000,25807000,0.11,0.11,0,423690000,-231176000,-163283000,29231000,885666000,-584000,9.07,10.23,7.91,-0.0145,-0.001,9.05,1.02,None,12.63,None,1.0119,0.0869,None,0.06,1.72,None
2012-06-30,248810099,248810099,1,25492955000,None,22978549000,None,2219241000,295165000,0,158901000,2294224000,331582000,-121930000,-124774000,-0.51,-0.51,0,-148965000,54294000,-13203000,-107874000,856435000,6130000,9.06,10.58,7.55,-0.0098,-0.0007,8.92,0.96,19.28,12.63,None,1.0338,0.0871,None,0.06,-0.62,None
2012-03-31,252666860,252666860,1,25678969000,None,23004796000,None,2379008000,295165000,0,159880000,2340706000,374370000,33371000,30527000,0.12,0.12,0.01,-162286000,-162915000,461255000,136054000,964309000,2435000,9.56,10.89,8.23,0.0507,0.0049,9.42,1.03,19.12,12.63,0.0841,0.9839,0.0926,0.0815,0.06,-0.65,None
2011-12-31,256394438,256394438,1,24789384000,None,22104747000,None,2389472000,295165000,1000000,159902000,2481660000,356687000,34941000,34941000,0.13,0.13,0.03,80013000,-89470000,-221583000,-231040000,828255000,4739000,6.94,8.25,5.63,0.0549,0.0053,9.32,0.75,49.57,12.62,0.0787,1.039,0.0964,0.0882,0.06,0.29,None
2011-09-30,263619040,263619040,1,25571469000,None,22828239000,None,2448065000,295165000,1000000,160902000,2509804000,397227000,36105000,36105000,0.14,0.14,0,261406000,-409783000,296256000,147879000,1059295000,5126000,7.84,9.72,5.96,0.0199,0.0044,9.28,0.87,118.96,12.59,0.0554,1.0256,0.0957,0.0312,0.06,0.97,None
2011-06-30,263698516,263698516,1,25054066000,None,22372684000,None,2386217000,295165000,1000000,164067000,2502517000,362632000,19991000,19991000,0.08,0.08,0,-72646000,-215132000,334629000,46851000,911416000,18381000,10.5,11.6,9.4,0.0117,0.0042,9.05,1.18,None,12.59,0.0963,1.0492,0.0952,0.0175,0.06,-0.35,None
2011-03-31,263335004,263335004,1,24438344000,None,21798287000,None,2344892000,295165000,0,183625000,2514754000,370297000,40159000,40159000,0.15,0.15,0.01,-224800000,881374000,-560783000,95791000,864565000,7162000,11.77,12.53,11.02,0.0044,0.0041,8.9,1.3,None,12.59,0.2622,1.0724,0.096,0.0062,0.06,-0.88,None
2010-12-31,263329590,263329590,1,24698952000,None,22020947000,None,2382840000,295165000,0,195061000,3228070000,393410000,14469000,-48685000,-0.23,-0.23,0,630323000,-518521000,-277178000,-165376000,768774000,19362000,10.58,11.92,9.24,-0.0258,0.002,9.05,1.19,None,12.58,None,1.3547,0.0965,None,0.07,2.32,None
2010-09-30,232841383,247311543,1.062146,25384181000,None,22077293000,None,3011723000,295165000,810974000,196443000,2805731000,434355000,30835000,15875000,0.07,0.07,0,654880000,-180656000,-507841000,-33617000,934150000,13480000,10.8,12.04,9.56,-0.0363,0.0091,8.9,1.2,None,12.58,None,1.2749,0.0867,None,0.07,2.59,None
2010-06-30,228832882,243053930,1.062146,26254226000,None,22966993000,None,2992068000,295165000,806856000,197825000,2926675000,430107000,17634000,2696000,0.01,0.01,0,-394570000,509750000,49620000,164800000,967767000,6571000,12.89,14.83,10.95,-0.0671,-0.0004,8.99,1.42,None,12.58,None,1.3393,0.0832,None,0.07,-1.65,None
2010-03-31,225676659,239701560,1.062146,25923576000,None,22652634000,None,2975777000,295165000,802760000,199207000,2932524000,428658000,-12737000,-27655000,-0.12,-0.12,0,-122559000,811654000,-804723000,-115628000,802967000,3218000,12.73,13.77,11.7,-0.1223,-0.0076,9.07,1.36,None,12.58,None,1.3495,0.0838,None,0.07,-0.52,None
2009-12-31,221993535,235789545,1.062146,26068678000,None,22766210000,None,3007303000,295165000,798685000,203784000,2891133000,419460000,199770000,-70558000,-0.36,-0.36,0,123689000,-231741000,75764000,-32288000,918595000,2753000,12.07,13.16,10.97,-0.1429,-0.0092,9.37,1.32,None,12.58,None,1.309,0.0847,None,0.07,0.51,None
2009-09-30,218653769,249271851,1.14003,26465852000,None,23095643000,None,3075044000,295165000,794630000,218879000,3079468000,494719000,-214154000,-52859000,-0.24,-0.24,0,234031000,1635408000,-1869890000,-451000,950883000,4652000,11.94,13.7,10.18,-0.1323,-0.0175,9.15,1.27,None,12.58,None,1.3504,0.0862,None,0.07,0.92,None
2009-06-30,215207891,245343447,1.14003,28758943000,None,25364961000,None,3098817000,295165000,790596000,234345000,3235351000,491364000,-176171000,-123182000,-0.58,-0.58,0,462387000,1418683000,-1883775000,-2705000,951334000,7345000,10.96,12.35,9.57,-0.1577,-0.0137,9.41,1.09,None,12.58,None,1.4017,0.0803,None,0.07,1.85,None
2009-03-31,211594836,241224456,1.14003,31208024000,None,27700348000,None,3212511000,295165000,786582000,235854000,4089636000,604456000,-67845000,-82801000,-0.39,-0.39,0,-35835000,-378833000,43927000,-370741000,954039000,6430000,8.28,10.03,6.53,-0.1109,-0.0082,10.06,0.78,None,12.58,None,1.6858,0.0777,None,0.07,-0.18,None
2008-12-31,205539708,234321429,1.14003,31021980000,None,27447348000,None,3279467000,295165000,782680000,237490000,4767660000,542966000,-55704000,-55704000,-0.31,-0.31,0.02,1336981000,-359915000,-1389516000,-412450000,1324780000,-13384000,8.47,10.42,6.52,-0.0777,-0.0056,10.66,0.77,None,12.58,None,1.9095,0.0805,None,0.07,5.76,None
2008-09-30,201593623,234044618,1.160972,32804376000,None,29931458000,None,2577641000,295277000,0,239295000,5295588000,528320000,-125095000,-125095000,-0.62,-0.62,0,2077177000,564958000,-2910263000,-268128000,1737230000,48788000,8.35,12.49,4.21,-0.1617,-0.0108,11.01,0.72,None,12.57,None,2.0544,0.0786,None,0.06,8.67,None
2008-06-30,195751330,234219500,1.196515,35549961000,None,32557238000,None,2697446000,295277000,0,241023000,6550417000,637941000,-19081000,-19081000,-0.11,-0.11,0,858054000,-205439000,-397747000,254868000,2005358000,-19757000,9.35,12.49,6.21,-0.117,-0.0074,11.52,0.67,None,12.57,None,2.4284,0.0759,None,0.06,3.75,None
2008-03-31,126786394,151701885,1.196515,37267945000,None,34860441000,None,2112227000,295277000,0,244425000,6870068000,677168000,7920000,7920000,0.06,0.06,0.38,-11568000,160417000,-658074000,-509225000,1750490000,8019000,15.1,18.48,11.71,-0.1019,-0.0062,13.92,1.07,None,12.57,None,3.2525,0.0567,None,0.05,-0.13,None
2007-12-31,126424112,151268409,1.196515,37015461000,None,34584588000,None,2135596000,295277000,0,249315000,6828417000,318974000,-248625000,-248625000,-1.97,-1.97,0.45,-31999000,-98763000,357146000,226384000,2259715000,9345000,19.31,23.59,15.04,-0.0714,-0.0045,14.12,1.21,19.25,12.25,None,3.1974,0.0577,None,0.05,-0.27,None
2007-09-30,126387854,151225026,1.196515,37478252000,None,34761148000,None,2421827000,295277000,0,325966000,6800553000,441279000,-14156000,-14156000,-0.11,-0.11,0.45,659905000,139604000,-686658000,112851000,2033331000,8872000,27.52,32.75,22.28,0.0629,0.0041,16.01,1.69,17.9,11.87,1.4625,2.808,0.0646,0.0761,0.05,4.31,None
2007-06-30,126236535,151043970,1.196515,38394084000,None,35635325000,None,2463482000,295277000,0,341772000,6650104000,519731000,22123000,22123000,0.18,0.17,0.45,143604000,-322059000,-521548000,-700003000,1920480000,7426000,33.28,34.44,32.12,0.095,0.0061,16.31,1.99,15.99,11.5,0.9558,2.6995,0.0642,0.109,0.06,0.9,None
2007-03-31,125748602,150460151,1.196515,38828766000,None,36018813000,None,2514676000,295277000,0,337254000,6528015000,520607000,70547000,70547000,0.56,0.55,0.45,-658308000,422214000,710485000,474391000,2653547000,7896000,35.55,37.72,33.37,0.1283,0.0083,16.71,2.17,11.78,11.12,0.7059,2.596,0.0648,0.1426,0.06,-4.43,None
2006-12-31,125330266,149959605,1.196515,37918259000,None,35160599000,None,2462390000,295270000,0,340112000,5836360000,553774000,76467000,76467000,0.62,0.59,0.45,1260932000,-80416000,-1897268000,-716752000,2179156000,24290000,33.48,35.02,31.95,0.1887,0.0121,16.42,1.99,10.35,10.75,0.4831,2.3702,0.0649,0.2139,0.06,8.25,None
2006-09-30,124467143,148926865,1.196515,40076183000,None,37270385000,None,2510524000,295274000,0,345080000,5487188000,573006000,67110000,67110000,0.54,0.53,0.45,-926908000,-1218183000,2614010000,468919000,2895908000,25237000,33.76,35.74,31.77,0.2054,0.0131,16.86,2.05,9.53,10.37,0.4467,2.1857,0.0626,0.2248,0.06,-6.39,None
2006-06-30,123947391,148304974,1.196515,37469234000,None,34731767000,None,2442193000,295274000,0,356965000,5606294000,585585000,104309000,104309000,0.84,0.82,0.45,759020000,-753639000,186492000,191873000,2426989000,23243000,33.87,35.45,32.29,0.2318,0.0147,16.47,2.08,9.6,9.99,0.4043,2.2956,0.0652,0.2408,0.06,4.96,None
2006-03-31,123230240,147446891,1.196515,37300975000,None,34606093000,None,2399608000,295274000,0,358141000,4599339000,451465000,215028000,215028000,1.71,1.67,0.45,533040000,-347332000,-382212000,-196504000,2235116000,27443000,32.96,34.83,31.09,0.2377,0.0147,16.27,2.16,11.6,9.62,0.403,1.9167,0.0643,0.2402,0.06,3.43,None
2005-12-31,126698027,151596152,1.196515,36579061000,None,33971476000,None,2312311000,295274000,0,394651000,3437643000,598245000,109889000,109889000,0.87,0.85,0.43,146801000,-1244401000,519550000,-578050000,2431620000,27875000,31.41,33.45,29.36,0.198,0.012,15.25,2.1,11.19,9.24,0.4971,1.4867,0.0632,0.1837,0.07,0.78,None
2005-09-30,126002753,150764246,1.196515,37042307000,None,34489123000,None,2257910000,295274000,0,396395000,2000113000,629698000,116197000,116197000,0.92,0.9,0.435,738516000,-593393000,-36384000,108739000,3009670000,29678000,33.8,37.23,30.38,0.2012,0.0124,14.98,2.32,12.07,8.88,0.4963,0.8858,0.061,0.1853,0.07,4.7,None
2005-06-30,125110574,149696740,1.196515,37165789000,None,34687186000,None,2183328000,295275000,0,378634000,2537046000,584995000,102705000,102705000,0.82,0.8,0.435,1047402000,-1343307000,824426000,528521000,2900931000,19673000,34.27,36.15,32.4,0.2066,0.0132,14.59,2.43,11.82,8.52,0.4883,1.162,0.0587,0.1911,0.07,6.87,None
2005-03-31,124131336,148525067,1.196515,35157423000,None,32768851000,None,2092714000,295858000,0,377434000,2591354000,570845000,109209000,109209000,0.88,0.85,0.435,-1433992000,-1902591000,4388494000,1051911000,2372410000,17691000,35.22,37.01,33.43,0.2211,0.0147,14.09,2.56,11.9,8.15,0.4617,1.2383,0.0595,0.1998,0.07,-9.77,None
2004-12-31,123900266,148248588,1.196515,29771683000,None,27730242000,None,2040983000,458000,0,221969000,2616368000,541594000,103152000,103152000,0.83,0.81,0.41,-139133000,-2093930000,2267726000,34663000,1320499000,21917000,35.86,36.97,34.76,0.2312,0.0162,13.77,2.66,11.89,7.79,0.4437,1.2819,0.0686,0.2047,0.08,-1.09,None
2004-09-30,123127697,147324197,1.196515,28294725000,None,26311591000,None,1982680000,454000,0,221851000,2453510000,545864000,113601000,113601000,0.91,0.89,0.407,-340789000,-631223000,713840000,-258172000,1285836000,16911000,37,38.21,35.79,0.2432,0.0175,13.46,2.85,12.2,7.45,0.409,1.2375,0.0701,0.2401,0.07,-2.43,None
2004-06-30,123494470,147763047,1.196515,27289699000,None,25368568000,None,1920677000,454000,0,213692000,2381297000,565905000,118384000,118384000,0.95,0.92,0.407,753335000,-986497000,353961000,120799000,1544008000,21128000,38.03,40.12,35.94,0.2499,0.0182,13,2.94,12.6,7.11,0.3853,1.2398,0.0704,0.2207,0.08,4.96,None
2004-03-31,123980548,148344647,1.196515,27084168000,None,25164824000,None,1918896000,448000,0,213135000,2345409000,566134000,119271000,119271000,0.95,0.92,0.407,-591498000,-742124000,1602037000,268415000,1423209000,17759000,37.86,40.04,35.69,0.2541,0.018,12.94,2.97,12.58,6.77,0.3655,1.2223,0.0708,0.2034,0.09,-4.11,None
2003-12-31,124077101,148460174,1.196515,24506690000,None,22615920000,None,1890318000,452000,0,213549000,1726766000,274943000,117645000,117645000,0.9,0.88,0.33,None,None,None,None,None,0,37.18,38.95,35.41,0.2594,0.0184,12.73,3.02,12.67,6.43,0.3458,0.9135,0.0771,0.1914,0.1,None,None
2003-09-30,125507234,150171350,1.196515,25489338000,None,23537425000,None,1851566000,100347000,0,225610000,1597045000,738481000,118283000,118283000,0.93,0.91,0.325,2446644000,-948223000,-1312958000,185463000,1388345000,41229000,35.08,37.59,32.57,0.2586,0.018,12.33,2.95,12.6,6.15,0.3413,0.8625,0.0726,None,None,16.02,None
2003-06-30,125830063,150557620,1.196515,27939234000,None,26001028000,None,1793764000,144442000,0,205849000,1584789000,748371000,118352000,118352000,0.93,0.9,0.325,-748145000,-1042762000,1764414000,-26493000,1202882000,61528000,36.37,40.1,32.64,0.2538,0.0176,11.91,3.12,13.95,5.88,0.3404,0.8835,0.0642,None,None,-5.38,None
2003-03-31,126298626,151118263,1.196515,24811131000,None,22904096000,None,1762618000,144417000,0,201689000,1030017000,711573000,119029000,119029000,0.94,0.91,0.325,246181000,-300212000,-45311000,-99342000,1229375000,13151000,31.8,33.4,30.2,0.2458,0.0179,11.66,2.83,13.21,5.61,0.3441,0.5844,0.071,None,None,1.54,None
2002-12-31,125710620,150414705,1.196515,23823095000,None,21987523000,None,1691180000,144392000,0,194265000,929715000,None,103334000,103334000,0.81,0.79,0.27,None,None,None,None,None,0,28.41,31.72,25.11,0.2352,0.0175,11.24,2.62,12.27,5.34,0.3518,0.5497,0.071,None,None,None,None
2002-09-30,125564763,150240184,1.196515,22739923000,None,20967883000,None,1627779000,144261000,0,194775000,654533000,580586000,95571000,95571000,0.75,0.73,0.26,-1115654000,-568068000,2095548000,411826000,1528338000,7353000,30.22,33.18,27.26,0.2342,0.0175,10.83,2.93,13.29,5.11,0.3587,0.4021,0.0716,None,None,-7.47,None
2002-06-30,126486638,151343222,1.196515,19811885000,None,18104262000,None,1563387000,144236000,0,196388000,650968000,513747000,90465000,90465000,0.71,0.69,0.26,381002000,-209672000,84752000,256082000,1116512000,11895000,31.34,33.81,28.88,0.2373,0.0179,10.33,3.13,13.99,4.89,0.3518,0.4164,0.0789,None,None,2.44,None
2002-03-31,126790485,151706780,1.196515,19608817000,None,17945508000,None,1519097000,144212000,0,184382000,600582000,509284000,87081000,87081000,0.69,0.67,0.26,989671000,-7922000,-1235942000,-254193000,860430000,6115000,29.06,30.14,27.99,0.2416,0.0178,10.01,2.96,14.37,4.68,0.3426,0.3954,0.0775,None,None,6.48,None
2001-12-31,125853984,150586242,1.196515,20616791000,None,18994842000,None,1477762000,144187000,0,185004000,550361000,None,89207000,89207000,0.7,0.68,0.25,None,None,None,None,None,0,28.85,31.13,26.58,0.2241,0.0162,9.81,3.04,15.07,4.46,0.3631,0.3724,0.0717,None,None,None,None
2001-09-30,126621440,151504515,1.196515,19683002000,None,18102139000,None,1436701000,144162000,0,127740000,593737000,549266000,89009000,89009000,0.7,0.68,0.22,382263000,-76679000,-83023000,222561000,1056385000,1597000,28.55,30.96,26.15,0.2153,0.0158,9.48,3.15,16.19,4.25,0.3734,0.4133,0.073,None,None,2.51,None
2001-06-30,127228403,152230755,1.196515,18796176000,None,17273123000,None,1378916000,144137000,0,130417000,479579000,552869000,85789000,85789000,0.67,0.65,0.22,68030000,498362000,-554845000,11547000,833824000,7523000,27.98,30.76,25.19,0.2034,0.0146,9.06,3.1,17.81,4.07,0.4062,0.3478,0.0734,None,None,0.4,None
2001-03-31,128371955,153599033,1.196515,19316820000,None,17787048000,None,1385654000,144118000,0,132393000,449648000,473416000,54204000,54204000,0.42,0.41,0.22,-383200000,-160874000,405952000,-138122000,822277000,7971000,25.23,27.58,22.88,0.1838,0.0129,9.02,2.8,17.06,3.88,0.4583,0.3245,0.0717,None,None,-2.55,None
2000-12-31,128190138,153381486,1.196515,18555086000,None,17032502000,None,1384156000,138428000,0,121624000,449648000,None,71688000,71688000,0.56,0.55,0.22,None,None,None,None,None,0,20.21,24.29,16.14,0.177,0.012,9.02,2.38,14.22,3.7,0.4887,0.3249,0.0746,None,None,None,None
2000-09-30,128812864,154126588,1.196515,19219630000,None,17809527000,None,1310103000,100000000,0,125156000,409803000,411351000,65947000,65947000,0.51,0.5,0.22,740468000,-295696000,-539403000,-94631000,1001001000,12546000,16.71,18.54,14.89,0.176,0.0116,8.5,1.99,11.62,3.52,0.5069,0.3128,0.0682,0.1419,0.08,4.72,None
2000-06-30,129681012,155165340,1.196515,19804616000,None,18402864000,None,1301752000,100000000,0,126662000,359830000,402682000,55423000,55423000,0.42,0.42,0.22,-210859000,-77008000,224302000,-63565000,1095632000,8617000,16.2,18.54,13.86,0.1809,0.0118,8.39,2,11.08,3.33,0.4835,0.2764,0.0657,0.1421,0.08,-1.41,None
2000-03-31,130002907,155550493,1.196515,20071575000,None,18710246000,None,1261329000,100000000,0,132276000,359857000,367891000,39523000,39523000,0.3,0.3,0.22,-776737000,-166010000,866330000,-76417000,1159197000,11121000,18.23,23.04,13.42,0.1894,0.0123,8.11,2.28,11.79,3.15,0.4562,0.2853,0.0628,0.1422,0.09,-5.06,None
1999-12-31,129901800,155429516,1.196515,18373390000,None,17031923000,None,1241467000,100000000,0,133568000,358663000,403658000,64114000,64114000,0.49,0.48,0.22,703808000,-416018000,-210093000,77697000,1235614000,11972000,26.59,30.14,23.04,0.2046,0.0133,7.99,3.33,17.01,2.96,0.4158,0.2889,0.0676,0.1445,0.09,4.45,None
1999-09-30,130374434,155995030,1.196515,19101997000,None,17755280000,None,1246717000,100000000,0,131162000,376877000,433639000,69418000,69418000,0.53,0.52,0.19,-95706000,-228450000,490023000,165867000,1157917000,20388000,28.45,33.38,23.51,0.2119,0.0133,7.99,3.72,18.7,2.78,0.3874,0.3023,0.0653,None,None,-0.74,None
1999-06-30,130641323,156314367,1.196515,18623650000,None,17329565000,None,1194085000,100000000,0,133731000,326860000,440587000,60972000,60972000,0.47,0.45,0.19,412279000,-364677000,262958000,310560000,992050000,33298000,34.34,37.77,30.92,0.2144,0.0132,7.64,4.63,23.21,2.62,0.3878,0.2737,0.0641,None,None,2.42,None
1999-03-31,130254126,155851080,1.196515,18325004000,None,17068015000,None,1156989000,100000000,0,130925000,400501000,434730000,53029000,53029000,0.41,0.4,0.19,977149000,-279015000,-952764000,-254630000,681490000,28835000,31.86,34.37,29.36,0.2171,0.0132,7.42,4.5,22.16,2.46,0.3887,0.3462,0.0631,None,None,6.08,None
1998-12-31,129809484,155319059,1.196515,18733961000,None,17534427000,None,1099534000,100000000,0,132845000,400501000,None,65459000,65459000,0.52,0.5,0.17,None,None,None,None,None,0,26.56,31.81,21.31,0.2201,0.0132,7.08,3.88,19.03,2.3,0.3874,0.3642,0.0587,None,None,None,None
1998-09-30,128231006,153430386,1.196515,17248009000,None,16096796000,None,1051213000,100000000,0,129052000,266468000,402581000,61820000,61820000,0.48,0.47,0.171,-303781000,-344728000,591473000,-57036000,860616000,24883000,24.05,28.21,19.9,0.2205,0.0137,6.85,3.73,17.71,2.16,0.3878,0.2535,0.0609,None,None,-2.14,None
1998-06-30,127763785,152871348,1.196515,16570563000,None,15485082000,None,985481000,100000000,0,125937000,266543000,352112000,52746000,52746000,0.41,0.4,0.171,-353594000,-170283000,593078000,69201000,917652000,20458000,27.06,29.88,24.24,0.2213,0.0139,6.45,4.23,20.43,2.02,0.3903,0.2705,0.0595,None,None,-2.45,None
1998-03-31,127809119,152925591,1.196515,15897562000,None,14819922000,None,977640000,100000000,0,127925000,266577000,317117000,46355000,46355000,0.36,0.35,0.171,-1064621000,1061000,910390000,-153170000,848451000,8169000,26.05,27.68,24.43,0.2206,0.0141,6.39,4.19,20.31,1.88,0.3918,0.2727,0.0615,None,None,-7.02,None
1997-12-31,128125070,153303631,1.196515,14387897000,None,13333801000,None,954096000,100000000,0,112411000,168893000,None,57857000,57857000,0.45,None,0.15,None,None,None,None,None,0,25.8,28.21,23.4,0.2203,0.0143,6.22,4.36,20.79,1.73,0.3961,0.177,0.0663,None,None,None,None
1997-09-30,64103572,153401834,2.393031,14082447000,None,13073964000,None,908483000,100000000,0,112611000,180343000,303954000,54688000,54688000,0.85,None,0.307,-186417000,-53037000,217640000,-21814000,970163000,18552000,22.23,24.34,20.11,0.2152,0.0143,5.92,3.87,18.93,1.61,0.3992,0.1985,0.0645,0.1737,0.08,-1.34,None
1997-06-30,64083009,153352626,2.393031,13679593000,None,12698670000,None,880923000,100000000,0,113280000,181768000,272195000,46364000,46364000,0.72,None,0.307,-74971000,-184646000,492490000,232873000,991977000,7156000,19.17,20.79,17.55,0.2055,0.0141,5.74,3.49,16.87,1.48,0.4078,0.2063,0.0644,0.1738,0.08,-0.54,None
1997-03-31,63977731,153100693,2.393031,12975513000,None,12033651000,None,841862000,100000000,0,115682000,208269000,254585000,38563000,38563000,0.6,None,0.307,-38755000,-43391000,-256719000,-338865000,759104000,12751000,17.92,20.48,15.36,0.2004,0.014,5.5,2.89,16,1.35,0.4084,0.2474,0.0649,0.1749,0.08,-0.34,None
1996-12-31,64350661,153993126,2.393031,13058902000,None,12104376000,None,954526000,0,0,119465000,234645000,280240000,53322000,53322000,0.8,None,0.28,19219000,-124123000,255901000,150997000,1097969000,7929000,15.2,16.14,14.26,0.1969,0.0139,6.2,2.64,14.04,1.22,0.4026,0.2458,0.0731,0.176,0.08,0.07,None
1996-09-30,67165630,160729434,2.393031,12801345000,None,11876309000,None,925036000,0,0,121928000,255998000,257468000,46797000,46797000,0.69,None,0.27,425822000,-131627000,-125938000,168257000,946972000,10253000,13.16,14.26,12.07,0.1962,0.0138,5.76,2.37,12.35,1.11,0.4064,0.2767,0.0723,0.1766,0.08,2.59,None
1996-06-30,67155030,160704068,2.393031,12954957000,None,12062623000,None,892334000,0,0,124110000,257327000,242674000,42347000,42347000,0.63,None,0.27,76927000,-194282000,185906000,68551000,778715000,9381000,13.69,14.63,12.75,0.1984,0.0139,5.55,2.49,13,0.99,0.4045,0.2884,0.0689,0.1795,0.08,0.42,None
1996-03-31,67182416,160769603,2.393031,12818432000,None,11935451000,None,882981000,0,0,126355000,258633000,241955000,37441000,37441000,0.56,None,0.27,-423142000,-149174000,506632000,-65684000,710164000,8130000,13.13,14.1,12.17,0.2004,0.0142,5.49,2.42,12.96,0.88,0.3967,0.2929,0.0689,0.184,0.08,-2.68,None
1995-12-31,67314733,161086242,2.393031,12076882000,None,11203658000,None,873224000,0,0,128985000,260017000,250518000,48691000,48691000,0.71,None,0.25,-11667000,-93335000,69498000,-35504000,775848000,10167000,12.04,12.9,11.18,0.1984,0.0143,5.42,2.42,12.78,0.77,0.4014,0.2978,0.0723,0.1858,0.08,-0.14,None
1995-09-30,34574938,165477796,4.786062,11581068000,None,10756388000,None,824680000,0,0,103389000,201057000,225004000,43830000,43830000,1.3,None,0.48,79126000,39083000,-147301000,-29092000,811352000,7666000,10.64,11.62,9.67,0.1919,0.0138,4.98,2.07,11.71,0.66,0.4129,0.2438,0.0712,0.1872,0.07,0.43,None
1995-06-30,33674552,161168493,4.786062,11614010000,None,10787260000,None,826750000,0,0,101131000,202320000,210148000,40753000,40753000,1.2,None,0.48,-281179000,-162419000,460777000,17179000,840444000,10679000,9.14,9.67,8.62,0.1874,0.0135,5.13,1.89,10.24,0.56,0.4145,0.2447,0.0712,0.1875,0.07,-1.81,None
1995-03-31,34582057,165511868,4.786062,10911788000,None,10111646000,None,800142000,0,0,163056000,203553000,201546000,31614000,31614000,0.93,None,0.48,123593000,-111220000,-167060000,-154687000,823265000,7277000,8.59,8.98,8.2,0.1868,None,4.83,1.75,9.16,0.46,0.4123,0.2544,0.0733,0.1853,0.07,0.7,None
1994-12-31,31924547,152792861,4.786062,10522411000,None,9773640000,None,748771000,0,0,162163000,88660000,183467000,37373000,37373000,1.08,None,0.44,214887000,-224024000,77347000,68210000,958938000,9505000,9.12,9.92,8.31,0.199,None,4.9,1.88,None,0.36,0.3783,0.1184,0.0712,0.1901,0.07,1.34,None
1994-09-30,32360346,154878622,4.786062,10446866000,None,9694869000,None,751997000,0,0,158447000,91701000,186360000,36758000,36758000,1.14,None,0.43,81365000,-266963000,219333000,33735000,890728000,11868000,9.54,9.98,9.09,None,None,4.86,2,None,0.27,None,0.1219,0.072,None,None,0.45,None
1994-06-30,31884333,152600394,4.786062,10228733000,None,9502996000,None,725737000,0,0,162141000,91765000,191394000,35588000,35588000,1.12,None,0.43,362038000,-376120000,-59869000,-73951000,852123000,9509000,8.67,9.45,7.89,None,None,4.76,1.84,None,0.18,None,0.1264,0.071,None,None,2.31,None
1994-03-31,31839899,152387730,4.786062,10654824000,None,9939248000,None,715576000,0,0,167403000,91829000,208514000,36630000,36630000,1.15,None,0.43,211307000,78823000,-119933000,170197000,926074000,6365000,8.06,8.31,7.81,None,None,4.7,1.71,None,0.09,None,0.1283,0.0672,None,None,1.34,None
1993-12-31,30175456,144421603,4.786062,9608848000,None,8929863000,None,678985000,0,0,131230000,89444000,None,None,None,None,None,0,None,None,None,None,740079000,0,8.02,8.46,7.57,None,None,4.7,None,None,0,None,0.1317,0.0707,None,None,None,None
