"Quarter end","Shares","Shares split adjusted","Split factor","Assets","Current Assets","Liabilities","Current Liabilities","Shareholders equity","Non-controlling interest","Preferred equity","Goodwill & intangibles","Long-term debt","Revenue","Earnings","Earnings available for common stockholders","EPS basic","EPS diluted","Dividend per share","Cash from operating activities","Cash from investing activities","Cash from financing activities","Cash change during period","Cash at end of period","Capital expenditures","Price","Price high","Price low","ROE","ROA","Book value of equity per share","P/B ratio","P/E ratio","Cumulative dividends per share","Dividend payout ratio","Long-term debt to equity ratio","Equity to assets ratio","Net margin","Asset turnover","Free cash flow per share","Current ratio"
2019-06-30,4406107022,4406107022,1,1923388000000,None,1723351000000,None,199042000000,995000000,23021000000,1900000000,241511000000,21584000000,6206000000,6206000000,1.31,1.3,0.45,-669000000,-10698000000,26826000000,15459000000,164427000000,0,46.94,49.68,44.2,0.1309,0.0127,39.95,1.21,10.36,21.09,0.3491,1.3721,0.0915,0.2657,0.05,-0.15,None
2019-03-31,4494342882,4494342882,1,1887792000000,None,1689059000000,None,197832000000,901000000,23214000000,28369000000,236373000000,21609000000,5860000000,5507000000,1.21,1.2,0.45,7951000000,-9026000000,-23244000000,-24319000000,148968000000,0,48.91,52.42,45.41,0.1222,0.0123,38.85,1.29,11.4,20.64,0.3672,1.3537,0.0925,0.2493,0.05,1.77,None
2018-12-31,4549421815,4549421815,1,1895883000000,None,1698817000000,None,196166000000,900000000,23214000000,28420000000,229080000000,20980000000,6064000000,5711000000,1.23,1.22,0.43,15034000000,-18245000000,16975000000,13764000000,173287000000,0,49.03,55.04,43.02,0.1172,0.0118,38.02,1.32,11.51,20.19,0.375,1.3245,0.0912,0.2394,0.05,3.3,None
2018-09-30,4707244168,4707244168,1,1872981000000,None,1673302000000,None,198741000000,938000000,23482000000,28665000000,221360000000,21941000000,6007000000,5453000000,1.14,1.13,0.43,6658000000,-220000000,-10364000000,-3926000000,159523000000,0,55.97,59.52,52.41,0.1168,0.0119,37.23,1.5,14.1,19.76,0.3689,1.263,0.0936,0.2381,0.05,1.41,None
2018-06-30,4816137157,4816137157,1,1879700000000,None,1673631000000,None,205188000000,881000000,25737000000,28927000000,219322000000,21553000000,5186000000,4792000000,0.98,0.98,0.39,-849000000,550000000,-38647000000,-38946000000,163449000000,0,53.69,57.12,50.26,0.109,0.0111,37.26,1.46,13.22,19.33,0.3875,1.2222,0.0955,0.2237,0.05,-0.18,None
2018-03-31,4872873834,4872873834,1,1915388000000,None,1709478000000,None,204952000000,958000000,26227000000,29213000000,227340000000,21934000000,5136000000,4733000000,0.97,0.96,0.39,15230000000,10161000000,-38943000000,-13552000000,202395000000,0,58.5,66.31,50.69,0.1124,0.0113,36.68,1.57,14.27,18.94,0.3761,1.272,0.0933,0.2291,0.05,3.13,None
2017-12-31,4877753899,4877753899,1,1951757000000,None,1743678000000,None,206936000000,1143000000,25358000000,29635000000,225059000000,22292000000,6320000000,5909000000,1.2,1.19,0.39,242000000,-14478000000,18397000000,4161000000,23367000000,0,57.54,62.24,52.84,0.1146,0.0114,37.23,1.57,14.87,18.55,0.3702,1.2395,0.093,0.2325,0.05,0.05,None
2017-09-30,4924261449,4924261449,1,1934939000000,None,1728115000000,None,205929000000,895000000,25576000000,29900000000,238932000000,21926000000,4596000000,4185000000,0.85,0.84,0.39,9522000000,-3286000000,-7278000000,-1042000000,19206000000,0,52.86,56.45,49.27,0.1098,0.0109,36.63,1.46,13.02,18.16,0.3898,1.3248,0.0932,0.2226,0.05,1.93,None
2017-06-30,4963944641,4963944641,1,1930871000000,None,1724726000000,None,205230000000,915000000,25785000000,30119000000,238876000000,22169000000,5810000000,5404000000,1.08,1.07,0.38,-4233000000,41873000000,-37090000000,550000000,20248000000,0,53.72,56.6,50.83,0.1161,0.0114,36.15,1.53,13.43,17.77,0.3691,1.3312,0.0929,0.2336,0.05,-0.85,None
2017-03-31,4997318006,4997318006,1,1951564000000,None,1749075000000,None,201500000000,989000000,25501000000,30517000000,256468000000,22002000000,5457000000,5056000000,1.01,1,0.38,13191000000,-29273000000,15051000000,-1031000000,19698000000,0,56.67,59.99,53.34,0.1152,0.0114,35.22,1.62,14.2,17.39,0.3749,1.4572,0.0902,0.231,0.05,2.64,None
2016-12-31,5003367904,5003367904,1,1930115000000,None,1729618000000,None,199581000000,916000000,24551000000,30822000000,255077000000,21582000000,5274000000,4872000000,0.97,0.96,0.38,4682000000,-12931000000,9691000000,1442000000,20729000000,0,50.78,58.02,43.55,0.1158,0.0115,34.98,1.43,12.6,17.01,0.3746,1.4573,0.0907,0.2308,0.05,0.94,None
2016-09-30,5022303027,5022303027,1,1942124000000,None,1738166000000,None,203028000000,930000000,24594000000,31062000000,254835000000,22328000000,5644000000,5243000000,1.04,1.03,0.38,-2441000000,-39684000000,41005000000,-1120000000,19287000000,0,47.55,51,44.1,0.1184,0.0119,35.53,1.36,11.74,16.63,0.3699,1.4282,0.0919,0.2412,0.05,-0.49,None
2016-06-30,5045547142,5045547142,1,1889235000000,None,1686574000000,None,201745000000,916000000,24830000000,31672000000,243927000000,22162000000,5558000000,5173000000,1.02,1.01,0.38,-7364000000,-19138000000,27825000000,1323000000,20407000000,0,47.95,51.41,44.5,0.1209,0.0123,35.06,1.4,11.78,16.25,0.3667,1.3788,0.0936,0.2448,0.05,-1.46,None
2016-03-31,5077047651,5077047651,1,1849182000000,None,1650678000000,None,197496000000,1008000000,24051000000,32176000000,227888000000,22195000000,5462000000,5085000000,1,0.99,0.375,5292000000,-50366000000,45047000000,-27000000,19084000000,0,48.89,53.27,44.5,0.1236,0.0127,34.16,1.45,11.87,15.87,0.3638,1.3139,0.0938,0.2495,0.05,1.04,None
2015-12-31,5076712397,5076712397,1,1787632000000,None,1593741000000,None,192998000000,893000000,22214000000,30004000000,199536000000,19144000000,5575000000,5203000000,1.02,1,0.38,-5029000000,-34802000000,41547000000,1716000000,19111000000,0,52.92,56.34,49.51,0.127,0.0131,33.64,1.58,12.78,15.5,0.3527,1.1684,0.0955,0.2568,0.05,-0.99,None
2015-09-30,5107812848,5107812848,1,1751265000000,None,1557222000000,None,193051000000,992000000,22424000000,30440000000,185274000000,21875000000,5796000000,5443000000,1.06,1.05,0.375,18937000000,-44307000000,23078000000,-2292000000,17395000000,0,53.26,58.77,47.75,0.1291,0.0134,33.41,1.63,12.96,15.12,0.3439,1.0858,0.0974,0.252,0.05,3.71,None
2015-06-30,5133359268,5133359268,1,1720617000000,None,1529941000000,None,189558000000,1118000000,21649000000,30774000000,179751000000,21318000000,5719000000,5363000000,1.04,1.03,0.375,-1651000000,14798000000,-13253000000,-106000000,19687000000,0,55.91,58.26,53.56,0.1304,0.0135,32.71,1.73,13.67,14.74,0.3399,1.0705,0.0976,0.2535,0.05,-0.32,None
2015-03-31,5149204973,5149204973,1,1737737000000,None,1547773000000,None,188796000000,1168000000,21998000000,31076000000,183292000000,21278000000,5804000000,5461000000,1.06,1.04,0.35,2515000000,-42924000000,40631000000,222000000,19793000000,0,53.36,56.29,50.42,0.1319,0.0138,32.39,1.66,13.01,14.37,0.3344,1.0989,0.096,0.255,0.05,0.49,None
2014-12-31,5152280886,5152280886,1,1687155000000,None,1501893000000,None,184394000000,868000000,19213000000,31379000000,183943000000,21443000000,5709000000,5382000000,1.04,1.02,0.35,2865000000,-33105000000,31779000000,1539000000,19571000000,0,51.2,55.95,46.44,0.1345,0.0143,32.06,1.63,12.55,14.02,0.322,1.1136,0.0979,0.2587,0.05,0.56,None
2014-09-30,5187624483,5187624483,1,1636855000000,None,1453865000000,None,182481000000,509000000,19379000000,31674000000,184586000000,21213000000,5729000000,5408000000,1.04,1.02,0.35,15062000000,-42530000000,24865000000,-2603000000,18032000000,0,51.63,53.8,49.47,0.1368,0.0146,31.44,1.66,12.75,13.67,0.3119,1.1317,0.0996,0.261,0.05,2.9,None
2014-06-30,5220407047,5220407047,1,1598874000000,None,1417325000000,None,180859000000,690000000,18749000000,31987000000,167878000000,21066000000,5726000000,5424000000,1.02,1.01,0.35,-3239000000,-34520000000,38663000000,904000000,20635000000,0,49.88,53.05,46.72,0.1387,0.0148,31.05,1.66,12.41,13.32,0.3023,1.0356,0.1014,0.2622,0.05,-0.62,None
2014-03-31,5267069638,5267069638,1,1546707000000,None,1370238000000,None,175654000000,815000000,17179000000,32286000000,153422000000,20625000000,5893000000,5607000000,1.07,1.05,0.3,2841000000,-18225000000,15196000000,-188000000,19731000000,0,47.07,49.97,44.17,0.1409,0.0151,30.09,1.61,12.1,12.97,0.2936,0.9681,0.1025,0.2594,0.06,0.54,None
2013-12-31,5261842959,5261842959,1,1527015000000,None,1356007000000,None,170142000000,866000000,16267000000,32638000000,152998000000,20665000000,5610000000,5369000000,1.02,1,0.3,14423000000,-50737000000,37305000000,991000000,19919000000,0,42.86,45.64,40.07,0.1389,0.0149,29.24,1.49,11.28,12.67,0.2909,0.9943,0.1008,0.2493,0.06,2.74,None
2013-09-30,5267598642,5267598642,1,1488055000000,None,1319242000000,None,167165000000,1648000000,15549000000,32990000000,151212000000,20478000000,5578000000,5317000000,1,0.99,0.3,21103000000,-61779000000,41665000000,989000000,18928000000,0,42.79,44.79,40.79,0.1376,0.0148,28.78,1.53,11.6,12.37,0.2776,0.9973,0.1019,0.2618,0.05,4.01,None
2013-06-30,5309782331,5309782331,1,1440563000000,None,1276786000000,None,162421000000,1356000000,13988000000,33338000000,123375000000,21378000000,5519000000,5272000000,1,0.98,0.3,12978000000,-14819000000,3563000000,1722000000,17939000000,0,38.97,41.74,36.19,0.1357,0.0146,27.95,1.4,11.04,12.07,0.2647,0.8312,0.103,0.2517,0.06,2.44,None
2013-03-31,5296386944,5296386944,1,1436634000000,None,1273239000000,None,162086000000,1309000000,14412000000,33721000000,126191000000,21259000000,5171000000,4931000000,0.93,0.92,0.25,9137000000,-26157000000,11377000000,-5643000000,16217000000,0,36.31,38.2,34.43,0.1324,0.0142,27.88,1.32,10.81,11.77,0.2541,0.8545,0.1028,0.2409,0.06,1.73,None
2012-12-31,5270881531,5270881531,1,1422968000000,None,1264057000000,None,157554000000,1357000000,12883000000,34078000000,127379000000,14731000000,5090000000,4857000000,0.92,0.91,0.22,8351000000,-54114000000,50637000000,4874000000,21860000000,0,33.8,36.34,31.25,0.1293,0.0138,27.45,1.25,10.63,11.52,0.2583,0.8805,0.1017,0.2282,0.06,1.58,None
2012-09-30,5264273367,5264273367,1,1374715000000,None,1218656000000,None,154679000000,1380000000,12283000000,34509000000,130801000000,21213000000,4937000000,4717000000,0.89,0.88,0.22,14808000000,-38057000000,23424000000,175000000,16986000000,0,34.61,36.6,32.62,0.1259,0.0134,27.05,1.34,11.46,11.3,0.242,0.9186,0.1036,0.201,0.06,2.81,None
2012-06-30,5282185586,5282185586,1,1336204000000,None,1186767000000,None,148070000000,1367000000,11694000000,34664000000,124984000000,21289000000,4622000000,4403000000,0.83,0.82,0.22,19476000000,-14758000000,-4907000000,-189000000,16811000000,0,32.2,34.59,29.8,0.1231,0.0129,25.82,1.28,11.1,11.08,0.2227,0.9165,0.1021,0.1942,0.06,3.69,None
2012-03-31,5313919450,5313919450,1,1333799000000,None,1186950000000,None,145516000000,1333000000,12101000000,34762000000,129752000000,21636000000,4248000000,4022000000,0.76,0.75,0.22,15905000000,-32961000000,14616000000,-2440000000,17000000000,0,31.27,34.59,27.94,0.1207,0.0126,25.11,1.28,11.09,10.86,0.1982,0.9725,0.1,0.1882,0.06,2.99,None
2011-12-31,5273240691,5273240691,1,1313867000000,None,1172180000000,None,140241000000,1446000000,11431000000,35487000000,125354000000,20605000000,4107000000,3888000000,0.74,0.73,0.12,-24124000000,16725000000,8525000000,1126000000,19440000000,0,25.29,27.97,22.61,0.1199,0.0124,24.43,1.06,9.37,10.64,0.1686,0.9732,0.098,0.1856,0.06,-4.57,None
2011-09-30,5273525555,5273525555,1,1304945000000,None,1165701000000,None,137768000000,1476000000,11566000000,35845000000,133214000000,19628000000,4055000000,3839000000,0.73,0.72,0.12,9228000000,-41506000000,26533000000,-5745000000,18314000000,0,26.1,29.63,22.58,0.1173,0.012,23.93,1.11,10.12,10.52,0.1506,1.0556,0.0967,0.1756,0.06,1.75,None
2011-06-30,5279840998,5279840998,1,1259734000000,None,1121818000000,None,136401000000,1515000000,11730000000,36013000000,142872000000,20386000000,3948000000,3728000000,0.7,0.7,0.12,11350000000,-11495000000,7226000000,7081000000,24059000000,0,28.95,32.63,25.26,0.1143,0.0116,23.61,1.26,11.91,10.4,0.1311,1.146,0.099,0.1647,0.07,2.15,None
2011-03-31,5289099076,5289099076,1,1244666000000,None,1109723000000,None,133471000000,1472000000,11897000000,36480000000,148603000000,20329000000,3759000000,3570000000,0.68,0.67,0.12,17211000000,1232000000,-17509000000,934000000,16978000000,0,32.03,34.25,29.82,0.1104,0.011,22.99,1.43,14.49,10.28,0.1108,1.2223,0.0977,0.1526,0.07,3.25,None
2010-12-31,5268078757,5268078757,1,1258128000000,None,1130239000000,None,126408000000,1481000000,8689000000,36954000000,156983000000,21494000000,3414000000,3232000000,0.62,0.61,0.05,-4028000000,-29211000000,33282000000,43000000,16044000000,0,27.49,31.61,23.37,0.1034,0.01,22.35,1.26,16.36,10.16,0.0901,1.3335,0.0936,0.1365,0.07,-0.76,None
2010-09-30,5248755643,5248755643,1,1220784000000,None,1095619000000,None,123658000000,1507000000,8840000000,37159000000,163143000000,20874000000,3339000000,3150000000,0.6,0.6,0.05,5946000000,13816000000,-21332000000,-1570000000,16001000000,0,25.89,28.77,23.02,0.0807,0.0096,21.88,1.22,15.79,10.11,0.1187,1.4209,0.0941,0.1018,0.07,1.13,None
2010-06-30,5233424661,5233424661,1,1225862000000,None,1104464000000,None,119772000000,1626000000,8980000000,37724000000,185072000000,21394000000,3062000000,2878000000,0.55,0.55,0.05,7973000000,-975000000,-5728000000,1270000000,17571000000,0,29.88,34.25,25.52,0.0805,0.0095,21.17,1.46,18,10.06,0.1226,1.6704,0.0904,0.0941,0.07,1.52,None
2010-03-31,5210152080,5210152080,1,1223630000000,None,1105476000000,None,116142000000,2012000000,9276000000,24819000000,199879000000,21448000000,2547000000,2372000000,0.46,0.45,0.05,8881000000,12695000000,-32355000000,-10779000000,16301000000,0,29.18,31.99,26.37,0.0831,0.0095,20.51,1.46,16.49,10.01,0.1238,1.8704,0.0873,0.0895,0.07,1.7,None
2009-12-31,5180727661,5180727661,1,1243646000000,None,1129287000000,None,111786000000,2573000000,8485000000,24812000000,203861000000,22696000000,2823000000,394000000,0.08,0.08,0.05,3363000000,-3014000000,9498000000,9847000000,27080000000,0,28.27,31.53,25,0.0924,0.0097,19.94,1.46,33.65,9.96,0.2724,1.9735,0.0831,0.0901,0.07,0.65,None
2009-09-30,4685063588,4685063588,1,1228625000000,None,1099701000000,None,122150000000,6774000000,31589000000,24052000000,214292000000,22466000000,3235000000,2637000000,0.56,0.56,0.05,7401000000,50632000000,-61432000000,-3399000000,17233000000,0,25.82,29.56,22.08,0.0627,0.0053,19.33,1.45,33.53,9.91,0.6907,2.3663,0.0737,0.0644,0.06,1.58,None
2009-06-30,4671609008,4671609008,1,1284176000000,None,1162794000000,None,114623000000,6759000000,31497000000,24619000000,229416000000,22507000000,3172000000,2575000000,0.58,0.57,0.05,2014000000,5652000000,-9220000000,-1554000000,20632000000,0,21.05,28.45,13.65,0.0581,0.0045,17.79,1.3,28.84,9.86,1.1017,2.7599,0.0647,0.0609,0.06,0.43,None
2009-03-31,4263860323,4263860323,1,1285891000000,None,1178834000000,None,100295000000,6762000000,31411000000,23825000000,250650000000,21017000000,3045000000,2384000000,0.56,0.56,0.34,15835000000,18515000000,-35927000000,-1577000000,22186000000,0,19.13,30.47,7.8,0.0528,0.0039,16.16,1.2,24.84,9.81,1.6602,3.6387,0.0536,0.0581,0.05,3.71,None
2008-12-31,4237777218,4237777218,1,1309639000000,None,1210555000000,None,99084000000,0,31332000000,22627000000,267158000000,9496000000,-2734000000,-2734000000,-0.85,-0.85,0.34,-16982000000,39389000000,-11505000000,10902000000,23763000000,0,29.42,38.95,19.89,0.0509,0.0034,15.99,2.11,14.78,9.47,1.7405,3.9432,0.0517,0.0634,0.05,-4.01,None
2008-09-30,3325244156,3325244156,1,622361000000,None,575404000000,None,46957000000,0,625000000,13520000000,107350000000,10379000000,1637000000,1637000000,0.49,0.49,0.34,-590000000,-15547000000,15388000000,-749000000,12861000000,0,32.57,44.68,20.46,0.1412,0.0111,13.93,2.28,14.94,9.13,0.6329,2.317,0.0744,0.1558,0.07,-0.18,None
2008-06-30,3308961432,3308961432,1,609074000000,None,561110000000,None,47964000000,0,723000000,13191000000,103928000000,11459000000,1753000000,1753000000,0.53,0.53,0.31,13131000000,-23593000000,10926000000,464000000,13610000000,0,27.93,32.4,23.46,0.1543,0.0125,14.28,1.95,12.04,8.79,0.5643,2.2,0.0776,0.1731,0.07,3.97,None
2008-03-31,3302624899,3302624899,1,595221000000,None,547062000000,None,48159000000,0,837000000,13148000000,103175000000,10563000000,1999000000,1999000000,0.61,0.6,0.31,-390000000,-18420000000,17199000000,-1611000000,13146000000,0,29.47,34.56,24.38,0.1659,0.0138,14.33,2.06,12.38,8.48,0.5148,2.1803,0.0795,0.1928,0.07,-0.12,None
2007-12-31,3296806740,3296806740,1,575442000000,None,527814000000,None,47628000000,0,450000000,13106000000,99393000000,10205000000,1251000000,1251000000,0.38,0.37,0.31,5385000000,-17919000000,15091000000,2557000000,14757000000,0,33.53,37.78,29.29,0.1729,0.015,14.31,2.38,12.65,8.17,0.4881,2.1068,0.082,0.2045,0.07,1.63,None
2007-09-30,3354374522,3354374522,1,548727000000,None,500989000000,None,47738000000,0,545000000,12018000000,95592000000,9853000000,2283000000,2283000000,0.69,0.68,0.31,-5231000000,-5009000000,9726000000,-514000000,12200000000,0,35.33,37.99,32.66,0.1946,0.0175,14.07,2.53,13.54,7.86,0.3314,2.0256,0.086,0.2328,0.08,-1.56,None
2007-06-30,3342457892,3342457892,1,539865000000,None,492564000000,None,47301000000,0,637000000,11983000000,93830000000,9891000000,2279000000,2279000000,0.68,0.67,0.28,3253000000,-43897000000,40873000000,229000000,12714000000,0,35.21,36.49,33.93,0.1956,0.0179,13.96,2.59,13.78,7.55,0.3165,2.0108,0.0864,0.2362,0.08,0.97,None
2007-03-31,3339747324,3339747324,1,485901000000,None,439766000000,None,46135000000,0,740000000,11275000000,90327000000,9441000000,2244000000,2244000000,0.66,0.66,0.28,5671000000,-10490000000,2276000000,-2543000000,12485000000,0,34.83,36.64,33.01,0.1972,0.0179,13.59,2.59,13.99,7.27,0.4248,1.9898,0.0934,0.2381,0.07,1.7,None
2006-12-31,3378619486,3378619486,1,481996000000,None,436120000000,None,45876000000,0,384000000,11275000000,87145000000,9413000000,2181000000,2181000000,0.65,0.64,0.02,13794000000,-8368000000,-2989000000,2437000000,15028000000,0,35.95,36.99,34.9,0.1966,0.0173,13.46,2.73,14.86,6.99,0.4288,1.9156,0.0944,0.2377,0.07,4.08,None
2006-09-30,3375964759,3375964759,1,483441000000,None,438579000000,None,44862000000,0,465000000,11192000000,84091000000,8934000000,2194000000,2194000000,0.65,0.64,0.26,-2091000000,12085000000,-11472000000,-1478000000,12591000000,0,35.13,36.89,33.36,0.1967,0.0168,13.15,2.86,14.89,6.97,0.5396,1.8941,0.0918,0.2367,0.07,-0.62,None
2006-06-30,1683610005,3367220010,2,499516000000,None,457622000000,None,41894000000,0,548000000,11091000000,83757000000,8789000000,2089000000,2089000000,1.24,1.23,1.08,3644000000,-10406000000,7607000000,845000000,14069000000,0,33.38,34.86,31.9,0.1973,0.0166,12.28,2.71,14.48,6.71,0.5533,2.0258,0.0828,0.2333,0.07,1.08,None
2006-03-31,1680014018,3360028036,2,492428000000,None,450467000000,None,41961000000,0,634000000,11050000000,84500000000,8555000000,2018000000,2018000000,1.2,1.19,0.52,16747000000,-14011000000,-4909000000,-2173000000,13224000000,0,31.53,32.76,30.31,0.1959,0.0168,12.3,2.62,14.01,6.17,0.4372,2.0447,0.0839,0.2344,0.07,4.98,None
2005-12-31,1675891369,3351782738,2,481741000000,None,441081000000,None,40660000000,0,325000000,10787000000,79668000000,8492000000,1930000000,1930000000,1.15,1.14,0.52,-3569000000,-21067000000,26102000000,1466000000,15397000000,0,30.58,32.35,28.81,0.196,0.017,12.03,2.59,13.9,5.91,0.4382,1.9752,0.0837,0.2328,0.07,-1.06,None
2005-09-30,1672244159,3344488318,2,453494000000,None,413659000000,None,39835000000,0,389000000,10776000000,78592000000,8503000000,1975000000,1975000000,1.17,1.16,0.52,-28397000000,15557000000,12809000000,-31000000,13931000000,0,30.22,31.44,29,0.1957,0.0172,11.79,2.63,14.19,5.65,0.439,1.9924,0.087,0.2307,0.07,-8.49,None
2005-06-30,1688033453,3376066906,2,434981000000,None,395703000000,None,39278000000,0,462000000,10647000000,82855000000,7865000000,1910000000,1910000000,1.14,1.12,0.48,13215000000,-12681000000,-39000000,495000000,13962000000,0,30,31.11,28.89,0.1937,0.017,11.5,2.67,14.49,5.39,0.4448,2.1346,0.0892,0.2322,0.07,3.91,None
2005-03-31,1687336900,3374673800,2,435643000000,None,397166000000,None,38477000000,0,535000000,10645000000,76903000000,8089000000,1856000000,1856000000,1.09,1.08,0.48,9418000000,-11878000000,3024000000,564000000,13467000000,0,30.23,31.38,29.08,0.1933,0.0167,11.24,2.73,14.78,5.15,0.4499,2.0269,0.0871,0.2291,0.07,2.79,None
2004-12-31,1695767987,3391535974,2,427849000000,None,389983000000,None,37866000000,0,270000000,10681000000,73580000000,8168000000,1785000000,1785000000,1.06,1.04,0.48,1206000000,-6778000000,5226000000,-346000000,12903000000,0,30.4,32.02,28.77,0.1948,0.0168,11.09,2.83,15.2,4.91,0.4484,1.9571,0.0879,0.2333,0.07,0.36,None
2004-09-30,1691869391,3383738782,2,421549000000,None,384869000000,None,36680000000,0,325000000,10431000000,71320000000,7318000000,1748000000,1748000000,1.03,1.02,0.48,13513000000,-13893000000,180000000,-200000000,13249000000,0,28.99,29.93,28.06,0.1948,0.0168,10.74,2.79,14.87,4.67,0.4518,1.9618,0.0862,0.2336,0.07,3.99,None
2004-06-30,1688656642,3377313284,2,420305000000,None,384827000000,None,35478000000,0,387000000,10430000000,65605000000,7426000000,1714000000,1714000000,1.02,1,0.45,-6000000,-20508000000,19991000000,-523000000,13449000000,0,28.51,29.86,27.16,0.1951,0.0167,10.39,2.75,15.01,4.43,0.4569,1.8696,0.0835,0.2271,0.07,-0,None
2004-03-31,1687551934,3375103868,2,397354000000,None,361912000000,None,35442000000,0,452000000,10403000000,73390000000,7147000000,1767000000,1767000000,1.04,1.03,0.45,5375000000,-11858000000,4908000000,-1575000000,13972000000,0,28.73,29.49,27.98,0.1937,0.0168,10.37,2.85,15.74,4.2,0.4308,2.0975,0.0881,0.2244,0.07,1.59,None
2003-12-31,1699182753,3398365506,2,387798000000,None,353329000000,None,34469000000,0,214000000,10371000000,63642000000,7444000000,1624000000,1624000000,0.96,0.95,0.45,27942000000,-20851000000,-6967000000,124000000,15547000000,0,27.71,29.59,25.84,0.1916,0.0163,10.08,2.9,15.57,3.98,0.4085,1.8579,0.0883,0.2184,0.07,8.22,None
2003-09-30,1692029166,3384058332,2,390750000000,None,358417000000,None,32333000000,0,56000000,9849000000,58992000000,7333000000,1561000000,1560000000,0.93,0.92,0.45,5162000000,-27779000000,21995000000,-622000000,15423000000,0,25.66,26.86,24.45,0.1927,0.0163,9.54,2.68,14.75,3.75,0.3705,1.8277,0.0826,0.2144,0.08,1.53,None
2003-06-30,1679532244,3359064488,2,369583000000,None,337347000000,None,32236000000,0,52000000,9803000000,58513000000,6930000000,1525000000,1524000000,0.91,0.9,0.3,4995000000,-2218000000,-2743000000,34000000,16045000000,0,24.45,26.4,22.5,0.1924,0.0167,9.58,2.67,14.38,3.53,0.3293,1.8181,0.0871,0.2203,0.08,1.49,None
2003-03-31,1675110108,3350220216,2,369607000000,None,338875000000,None,30732000000,0,48000000,9799000000,46982000000,6682000000,1492000000,1491000000,0.89,0.88,0.3,-6904000000,-12131000000,17226000000,-1809000000,16011000000,0,23.11,24.57,21.64,0.1933,0.017,9.16,2.56,14.63,3.38,0.3304,1.5312,0.083,0.224,0.08,-2.06,None
2002-12-31,1680063635,3360127270,2,349197000000,None,318878000000,None,30319000000,0,61000000,10621000000,47320000000,7236000000,1467000000,1466000000,0.86,0.86,0.28,-9750000000,-2838000000,14595000000,2007000000,17820000000,0,23.73,25.8,21.65,0.184,0.0166,9.01,2.68,15.98,3.23,0.3434,1.5639,0.0867,0.2151,0.08,-2.9,None
2002-09-30,1691889476,3383778952,2,334250000000,None,304176000000,None,30074000000,0,58000000,10649000000,45824000000,6040000000,1444000000,1443000000,0.85,0.84,0.28,-15573000000,1080000000,15605000000,1112000000,15813000000,0,23.23,27.42,19.05,0.179,0.0162,8.87,2.68,16.59,3.09,0.3573,1.5267,0.0898,0.2153,0.08,-4.6,None
2002-06-30,1698750534,3397501068,2,314802000000,None,285275000000,None,29527000000,0,54000000,10668000000,41913000000,6017000000,1420000000,1419000000,0.83,0.82,0.28,3385000000,-3754000000,511000000,142000000,14701000000,0,25.39,26.72,24.06,0.1736,0.0158,8.67,3.07,26.31,2.95,0.3714,1.4221,0.0936,0.2083,0.08,1,None
2002-03-31,1710675107,3421350214,2,311509000000,None,283182000000,None,28327000000,0,51000000,10714000000,40839000000,5956000000,1103000000,1102000000,0.65,0.64,0.26,6480000000,-5963000000,-2926000000,-2409000000,14559000000,0,23.41,25.38,21.45,0.1226,0.0111,8.26,2.94,23.89,2.81,0.5194,1.4443,0.0908,0.1605,0.07,1.89,None
2001-12-31,1706170079,3412340158,2,307569000000,None,280355000000,None,27214000000,0,64000000,9527000000,36095000000,5879000000,1181000000,1179000000,0.68,0.67,0.26,-4481000000,-3480000000,9138000000,1177000000,16968000000,0,20.85,22.57,19.13,0.1267,0.0117,7.96,2.61,23.69,2.68,0.5008,1.3295,0.0883,0.1692,0.07,-1.31,None
2001-09-30,1695208263,3390416526,2,298100000000,None,270778000000,None,27322000000,0,262000000,9604000000,34131000000,5484000000,1164000000,1160000000,0.68,0.67,0.26,3892000000,-10318000000,6251000000,-175000000,15791000000,0,22.2,24.15,20.25,0.1174,0.011,7.98,2.84,25.66,2.55,0.5349,1.2613,0.0908,0.1543,0.07,1.15,None
2001-06-30,1712056896,3424113792,2,289758000000,None,262697000000,None,27061000000,0,259000000,9607000000,35339000000,3553000000,-87000000,-91000000,-0.05,-0.05,0.24,-7922000000,-883000000,9248000000,443000000,15966000000,0,23.2,25.08,21.32,0.1162,0.0113,7.83,2.99,19.25,2.42,0.5302,1.3185,0.0925,0.1551,0.07,-2.31,None
2001-03-31,1716190763,3432381526,2,279670000000,None,252805000000,None,26865000000,0,256000000,9280000000,34600000000,5234000000,1165000000,1161000000,0.68,0.67,0.24,-2715000000,-2952000000,4212000000,-1455000000,15523000000,0,24.34,27.41,21.27,0.1655,0.0163,7.75,3.19,20.71,2.3,0.3751,1.3003,0.0951,0.2022,0.08,-0.79,None
2000-12-31,1715970357,3431940714,2,272426000000,None,245938000000,None,26488000000,0,267000000,9303000000,32046000000,6025000000,907000000,902000000,0.47,0.47,0.24,-1511000000,-4408000000,7978000000,2059000000,16978000000,0,24.01,28.19,19.82,0.1647,0.0166,7.64,3.29,19.52,2.18,0.3753,1.2222,0.0962,0.2034,0.08,-0.44,None
2000-09-30,1709197341,3418394682,2,241119000000,None,215927000000,None,25192000000,0,265000000,8899000000,29252000000,4770000000,1070000000,1066000000,0.65,0.64,0.22,-405000000,-1021000000,1309000000,-117000000,14051000000,0,21.46,23.57,19.36,0.175,0.0179,7.29,3.09,17.96,2.06,0.3484,1.1735,0.1034,0.2242,0.08,-0.12,None
2000-06-30,1646347474,3292694948,2,234159000000,None,211032000000,None,23127000000,0,265000000,8526000000,26639000000,4562000000,1039000000,1035000000,0.64,0.63,0.22,-2790000000,-5053000000,9915000000,2072000000,14168000000,0,21.27,23.88,18.66,0.1762,0.0181,6.94,2.93,18.42,1.95,0.3463,1.1652,0.0976,0.2252,0.08,-0.85,None
2000-03-31,1611205806,3222411612,2,222276000000,None,198647000000,None,23629000000,0,263000000,8355000000,24768000000,4351000000,1010000000,1006000000,0.62,0.61,0.22,5591000000,-5602000000,-1143000000,-1154000000,12096000000,0,18.69,21.88,15.5,0.175,0.0182,7.25,2.78,16.76,1.84,0.348,1.06,0.1051,0.2243,0.08,1.74,None
1999-12-31,1623901005,3247802010,2,218102000000,None,195971000000,None,22131000000,0,271000000,7702000000,23375000000,4466000000,970000000,962000000,0.59,0.58,0.2,429000000,-5240000000,6050000000,1239000000,13250000000,0,22.08,24.97,19.19,0.174,0.018,6.73,3.34,19.03,1.73,0.3472,1.0693,0.1002,0.2213,0.08,0.13,None
1999-09-30,1642295001,3284590002,2,207060000000,None,184878000000,None,22182000000,0,460000000,7620000000,24911000000,4191000000,962000000,953000000,0.58,0.57,0.2,1799000000,-3411000000,990000000,-622000000,12011000000,0,20.44,22.66,18.22,0.1699,0.0176,6.61,3.22,18.17,1.63,0.3547,1.1468,0.1049,0.1631,0.11,0.55,None
1999-06-30,1649243710,3298487420,2,205421000000,None,184046000000,None,21375000000,0,460000000,7598000000,21268000000,4125000000,931000000,922000000,0.56,0.55,0.2,3096000000,-5942000000,4115000000,1269000000,12633000000,0,19.82,22.44,17.19,0.1729,0.0169,6.34,3.15,18.1,1.53,0.3588,1.0169,0.1018,0.1527,0.11,0.94,None
1999-03-31,1652827974,3305655948,2,201430000000,None,180154000000,None,21276000000,0,459000000,7747000000,20363000000,3993000000,884000000,875000000,0.53,0.53,0.185,8126000000,-5657000000,-3836000000,-1367000000,11364000000,0,18.14,20.22,16.07,0.1769,0.0164,6.3,2.95,17.03,1.43,0.3548,0.9782,0.1033,0.1402,0.12,2.46,None
1998-12-31,1653100884,3306201768,2,202475000000,None,181716000000,None,20759000000,0,463000000,7664000000,19709000000,9503900000,807300000,807300000,0.64,0.67,0.18,-2130700000,-199000000,2531100000,201400000,12731000000,0,17.77,20.44,15.1,0.1872,0.0157,6.14,3.74,18.61,1.34,0.3544,0.9711,0.1002,0.1265,0.12,-0.64,None
1998-09-30,768938001,1537876002,2,103727000000,None,96239100000,None,7487900000,0,187100000,0,14672000000,2004900000,392900000,392900000,0.51,0.5,0.185,-1449100000,-5852500000,6793700000,-507900000,5374700000,71000000,16.81,19.88,13.75,0.2125,0.0157,4.75,3.6,18.17,1.25,0.3485,2.0096,0.0704,0.194,0.08,-0.99,None
1998-06-30,765783139,1531566278,2,93153300000,None,85807200000,None,7346100000,0,186500000,0,12315600000,2031300000,382100000,382100000,0.5,0.49,0.165,1665300000,3063300000,-3974900000,753700000,5882600000,63500000,19.44,21.88,17,0.2102,0.0159,4.67,4.25,21.72,1.15,0.3409,1.7202,0.0769,0.193,0.08,1.05,None
1998-03-31,756778246,1513556492,2,96093700000,None,88988300000,None,7105400000,0,185900000,0,12486500000,1876900000,367700000,367700000,0.48,0.47,0.165,-3245500000,-4045800000,6494100000,-797200000,5128900000,42800000,19.66,21.94,17.38,0.2092,0.0158,4.57,4.36,22.6,1.07,0.3433,1.8045,0.072,0.1934,0.08,-2.17,None
1997-12-31,758022040,1516044080,2,88540200000,None,81518000000,None,7022200000,0,188000000,0,12766700000,1814600000,356100000,356100000,0.48,0.45,0.17,-1963600000,1330500000,1747200000,1114100000,5926100000,57800000,17.19,19.75,14.63,0.2095,0.0158,4.51,3.92,20.28,0.99,0.3457,1.8681,0.0772,0.1931,0.08,-1.33,None
1997-09-30,755315646,1510631292,2,85252200000,None,78429200000,None,6823000000,0,187800000,0,12651400000,1776000000,341600000,341600000,0.44,0.44,0.15,-250100000,665400000,-120000000,295300000,4812000000,58600000,15.07,16.08,14.06,0.2099,0.0157,4.39,3.57,18.43,0.9,0.337,1.9067,0.0778,0.19,0.08,-0.2,None
1997-06-30,374801341,1499205364,4,83856300000,None,77349200000,None,6507100000,0,187500000,0,12043700000,1756200000,331400000,331400000,0.86,0.86,0.3,-2950900000,1639600000,439100000,-872200000,4516700000,35800000,12.95,14.81,11.09,0.2089,0.0153,4.22,3.24,16.34,0.83,0.3405,1.9058,0.0754,0.1877,0.08,-1.99,None
1997-03-31,374939826,1499759304,4,83580300000,None,77393100000,None,6187200000,0,187200000,0,11971400000,1648900000,321900000,321900000,0.84,0.84,0.3,2781400000,-4747400000,-16400000,-1982400000,5388900000,50200000,12.06,13.31,10.81,0.2088,0.0151,4,3.07,15.71,0.75,0.3433,1.9952,0.0718,0.1862,0.08,1.82,None
1996-12-31,373643305,1494573220,4,80175400000,None,74111200000,None,6064200000,0,188800000,0,13082200000,1677400000,308100000,308100000,0.81,0.81,0.27,-1396200000,2670500000,961500000,2235800000,7371300000,70500000,10.96,11.72,10.19,0.2067,0.0149,3.93,2.82,14.71,0.68,0.3369,2.2266,0.0733,0.1842,0.08,-0.98,None
1996-09-30,370327489,1481309956,4,78427600000,None,72489200000,None,5938400000,0,188500000,0,13250100000,1579500000,289000000,289000000,0.76,0.76,0.27,2361700000,-448600000,-1756900000,156200000,5135500000,45300000,9.13,10.25,8,0.206,0.0146,3.88,2.49,12.55,0.61,0.3384,2.3044,0.0733,0.1851,0.08,1.56,None
1996-06-30,370645028,1482580112,4,77849300000,None,72214400000,None,5634900000,0,188200000,0,13787600000,1563100000,285400000,285400000,0.76,0.76,0.27,2618200000,-3764100000,1388300000,242400000,4979300000,40100000,8.82,9.38,8.25,0.2087,0.0144,3.67,2.46,12.51,0.54,0.338,2.5314,0.07,0.1856,0.08,1.74,None
1996-03-31,365905685,1463622740,4,73942100000,None,68495600000,None,5446500000,0,187800000,0,14336200000,1445900000,271400000,271400000,0.74,0.74,0.24,695200000,-92900000,-811900000,-209600000,4736900000,27100000,8.46,9.28,7.63,0.2116,0.0142,3.59,2.42,12.4,0.48,0.3236,2.7262,0.0711,0.1869,0.08,0.46,None
1995-12-31,359079058,1436316232,4,72134400000,None,66822300000,None,5312100000,0,302300000,0,13676800000,1383700000,259700000,259700000,0.72,0.72,0.24,-26600000,2936900000,-1469800000,1440500000,4946500000,36300000,8,8.69,7.31,0.216,0.0141,3.49,2.44,12.17,0.42,0.3214,2.73,0.0695,0.1862,0.08,-0.04,None
1995-09-30,353053457,1412213828,4,71411900000,None,66471800000,None,4940100000,0,302000000,0,12686300000,1329200000,245200000,245200000,0.7,0.69,0.24,-1937900000,-2353000000,3935200000,-355700000,3506000000,22100000,7.46,8.19,6.72,0.2249,0.0139,3.28,2.32,11.7,0.36,0.3177,2.7352,0.0649,0.1831,0.08,-1.39,None
1995-06-30,325291043,1301164172,4,66623000000,None,61897000000,None,4726000000,0,529800000,0,12382100000,1249500000,234300000,234300000,0.68,0.67,0.21,-1372000000,-52600000,1682900000,258300000,3861700000,50600000,6.81,7.34,6.28,0.231,0.0141,3.22,2.29,10.98,0.3,0.3011,2.9508,0.063,0.183,0.08,-1.09,None
1995-03-31,324005622,1296022488,4,61845100000,None,57457600000,None,4387500000,0,529900000,0,10886900000,1171900000,216800000,216800000,0.66,0.65,0.21,-205500000,500000,-215900000,-420900000,3603400000,48600000,6.11,6.56,5.66,0.2334,None,2.98,2.28,10.14,0.24,0.301,2.8222,0.0624,0.1825,0.08,-0.2,None
1994-12-31,310641508,1242566032,4,59315900000,None,55469500000,None,3846400000,0,512000000,0,9186300000,1172500000,204900000,204900000,0.63,0.62,0.21,-798600000,-1666700000,2645100000,179800000,4024300000,58500000,5.75,6.25,5.25,0.2317,None,2.68,2.04,None,0.19,0.2994,2.755,0.0562,0.1802,0.08,-0.69,None
1994-09-30,308620251,1234481004,4,56565400000,None,52741100000,None,3824300000,0,340800000,0,8310100000,1101200000,203000000,203000000,0.62,0.61,0.185,823600000,-241400000,67900000,650100000,3844500000,88500000,6.54,6.88,6.19,None,None,2.82,2.37,None,0.14,None,2.3856,0.0616,None,None,0.6,None
1994-06-30,315813687,1263254748,4,55756800000,None,51920200000,None,3836600000,0,345100000,0,7255200000,1084200000,202000000,202000000,0.61,0.6,0.185,1234600000,-2247200000,419900000,-592700000,3194400000,59600000,6.42,7.06,5.78,None,None,2.76,2.33,None,0.09,None,2.078,0.0626,None,None,0.93,None
1994-03-31,318480722,1273922888,4,55328200000,None,51474900000,None,3853300000,0,346600000,0,6829500000,1084000000,190500000,190500000,0.59,0.58,0.185,1648200000,-529400000,-939700000,179100000,3787100000,47300000,6.2,6.84,5.56,None,None,2.75,2.28,None,0.05,None,1.9476,0.0634,None,None,1.26,None
1993-12-31,311212676,1244850704,4,54665000000,None,50904100000,None,3760900000,0,380000000,0,6850900000,None,None,None,None,None,0,None,None,None,None,3608000000,0,6.44,7.25,5.63,None,None,2.72,None,None,0,None,2.0264,0.0618,None,None,None,None
