"Quarter end","Shares","Shares split adjusted","Split factor","Assets","Current Assets","Liabilities","Current Liabilities","Shareholders equity","Non-controlling interest","Preferred equity","Goodwill & intangibles","Long-term debt","Revenue","Earnings","Earnings available for common stockholders","EPS basic","EPS diluted","Dividend per share","Cash from operating activities","Cash from investing activities","Cash from financing activities","Cash change during period","Cash at end of period","Capital expenditures","Price","Price high","Price low","ROE","ROA","Book value of equity per share","P/B ratio","P/E ratio","Cumulative dividends per share","Dividend payout ratio","Long-term debt to equity ratio","Equity to assets ratio","Net margin","Asset turnover","Free cash flow per share","Current ratio"
2010-07-02,502596046,502596046,1,16269000000,5724000000,15025000000,4556000000,1228000000,16000000,0,3815000000,7571000000,5884000000,356000000,356000000,0.71,0.69,0.09,433000000,-159000000,-70000000,188000000,1160000000,192000000,26.61,28.93,24.29,0.8699,0.0503,2.44,14.08,17.06,2.55,0.206,6.1653,0.0755,0.038,1.32,0.48,1.2564
2010-04-02,500426714,500426714,1,16014000000,5190000000,15050000000,4270000000,948000000,16000000,0,3891000000,7843000000,4968000000,106000000,106000000,0.21,0.21,0.09,-42000000,-163000000,162000000,-64000000,972000000,179000000,23.5,28.16,18.84,None,0.0474,1.89,13.43,15.88,2.46,0.2031,8.2732,0.0592,0.036,1.32,-0.44,1.2155
2009-12-31,491629395,491629395,1,16416000000,5170000000,15534000000,4588000000,859000000,23000000,0,4095000000,7891000000,5117000000,110000000,110000000,0.22,0.21,0.08,344000000,-297000000,48000000,91000000,1036000000,295000000,20.14,21.53,18.75,None,0.045,1.75,13.43,None,2.37,0.2008,9.1863,0.0523,0.0338,1.33,0.1,1.1269
2009-10-02,488929833,488929833,1,16446000000,5261000000,15691000000,4076000000,731000000,24000000,0,4082000000,8326000000,5569000000,247000000,247000000,0.5,0.5,0.08,908000000,-224000000,-403000000,289000000,945000000,216000000,18.8,21.44,16.17,None,-0.0517,1.5,19.18,None,2.29,None,11.3899,0.0444,None,1.36,1.42,1.2907
2009-07-03,487949084,487949084,1,16579000000,5366000000,16079000000,4565000000,477000000,23000000,0,4092000000,8333000000,5909000000,313000000,313000000,0.64,0.64,0.07,421000000,-214000000,-58000000,158000000,656000000,216000000,15.71,17.83,13.59,None,-0.0517,0.98,None,None,2.21,None,17.4696,0.0288,None,1.32,0.42,1.1755
2009-04-03,487866231,487866231,1,15486000000,4503000000,15471000000,4327000000,-9000000,24000000,0,3835000000,9996000000,5050000000,61000000,61000000,0.13,0.13,0.07,107000000,-259000000,-69000000,-224000000,498000000,189000000,12.13,14.55,9.7,None,-0.248,-0.02,None,None,2.14,None,None,None,None,1.26,-0.17,1.0407
2008-12-31,487828230,487828230,1,15589000000,4583000000,15620000000,5074000000,-31000000,0,0,3838000000,9384000000,5237000000,-1450000000,-1450000000,-2.99,-2.99,0.07,657000000,-233000000,-126000000,286000000,722000000,225000000,12.37,17.48,7.25,None,-0.2223,-0.06,2.39,None,2.07,None,None,None,None,1.1,0.89,0.9032
2008-09-26,487932561,487932561,1,19038000000,4780000000,16511000000,6281000000,2527000000,0,0,6858000000,7881000000,5743000000,214000000,214000000,0.44,0.44,0.07,616000000,-228000000,-133000000,248000000,383000000,228000000,17.8,19.6,15.99,-0.6768,-0.1273,5.18,3.42,None,2,None,3.1187,0.1327,None,1,0.8,0.761
2008-06-27,487830243,487830243,1,19891000000,5142000000,17351000000,6309000000,2540000000,0,0,7178000000,8625000000,5935000000,-3166000000,-3166000000,-6.52,-6.52,0.07,408000000,-279000000,-55000000,75000000,135000000,280000000,20.92,24.81,17.03,-0.5654,-0.118,5.21,1.79,14.43,1.93,None,3.3957,0.1277,None,0.93,0.26,0.815
2008-03-28,487581958,487581958,1,24549000000,4494000000,18839000000,5931000000,5710000000,0,0,12456000000,8642000000,4892000000,8000000,8000000,0.02,0.02,0.07,-63000000,-235000000,188000000,-110000000,60000000,230000000,24.39,26.99,21.8,0.1295,0.029,11.71,2.09,16.71,1.86,0.1725,1.5135,0.2326,0.0331,0.88,-0.6,0.7577
2007-12-31,487364504,487364504,1,24046000000,4092000000,18357000000,5343000000,5689000000,0,0,12373000000,8700000000,5299000000,158000000,158000000,0.33,0.32,0.06,709000000,-288000000,-380000000,40000000,170000000,293000000,25.41,27.09,23.72,0.1382,0.0297,11.67,2.29,None,1.79,0.1634,1.5293,0.2366,0.034,0.88,0.85,0.7659
2007-09-28,485064018,485064018,1,24141000000,4254000000,18751000000,4024000000,5390000000,0,0,12443000000,10432000000,5405000000,268000000,268000000,0.56,0.55,0.06,575000000,-192000000,-432000000,-47000000,130000000,189000000,23.46,24.6,22.32,-0.2386,-0.0488,11.11,2.29,None,1.73,None,1.9354,0.2233,None,0.86,0.8,1.0572
2007-06-29,483142893,483142893,1,24274000000,4654000000,19316000000,4185000000,4958000000,0,0,12245000000,10850000000,5665000000,270000000,270000000,0.56,0.56,0.06,438000000,-201000000,-172000000,67000000,177000000,198000000,22.27,24.29,20.24,-0.2375,-0.0501,10.26,2.36,None,1.67,None,2.1884,0.2043,None,0.84,0.5,1.1121
2007-03-30,480941325,480941325,1,23241000000,3820000000,18705000000,3712000000,4536000000,0,0,12091000000,10769000000,4567000000,15000000,15000000,0.03,0.03,0.06,-67000000,-193000000,185000000,-74000000,110000000,190000000,20.52,21.25,19.78,-0.2115,-0.046,9.43,2.18,None,1.61,None,2.3741,0.1952,None,0.81,-0.53,1.0291
2006-12-31,479858723,479858723,1,23225000000,3691000000,18699000000,3818000000,4526000000,0,0,12055000000,10641000000,4798000000,-1711000000,-1711000000,-3.58,-3.58,0.02,665000000,-240000000,-366000000,64000000,184000000,232000000,20.43,21.33,19.53,-0.2007,-0.0449,9.43,1.52,19.46,1.55,None,2.3511,0.1949,None,0.78,0.9,0.9667
2006-09-29,477848900,477848900,1,26172000000,3767000000,19763000000,3543000000,6409000000,0,0,14832000000,10756000000,5206000000,213000000,213000000,0.45,0.44,0.06,736000000,-208000000,-569000000,-41000000,120000000,198000000,21.27,22.49,20.06,0.0855,0.0197,13.41,1.64,21.06,1.53,0.1861,1.6783,0.2449,0.0262,0.75,1.13,1.0632
2006-06-30,475180492,475180492,1,26742000000,4310000000,20578000000,3923000000,6164000000,0,0,14820000000,11193000000,5467000000,339000000,339000000,0.71,0.71,0.06,201000000,-204000000,32000000,35000000,161000000,204000000,19.89,20.95,18.83,0.0844,0.0189,12.97,1.66,19.89,1.47,0.1743,1.8159,0.2305,0.0255,0.74,-0.01,1.0986
2006-03-31,474222418,474222418,1,25665000000,3632000000,19981000000,3817000000,5684000000,0,0,14551000000,10741000000,4333000000,16000000,16000000,0.03,0.03,0.04,-12000000,-300000000,332000000,19000000,126000000,198000000,19.94,20.93,18.94,0.086,0.0188,11.99,1.68,18.64,1.41,0.1564,1.8897,0.2215,0.0257,0.73,-0.44,0.9515
2005-12-31,474096842,474096842,1,25357000000,3395000000,19714000000,3846000000,5643000000,0,0,14410000000,10474000000,4487000000,-57000000,-57000000,-0.13,-0.13,0.04,486000000,-348000000,-351000000,-203000000,107000000,348000000,19.52,20.53,18.52,0.0929,0.0199,11.9,1.61,14.14,1.37,0.147,1.8561,0.2225,0.0275,0.73,0.29,0.8827
2005-09-30,473513586,473513586,1,25884000000,3701000000,20151000000,3692000000,5733000000,0,0,14623000000,10974000000,4895000000,192000000,192000000,0.41,0.4,0.04,811000000,-211000000,-455000000,137000000,310000000,211000000,21.47,23.92,19.01,0.1195,0.0251,12.11,1.86,15.12,1.33,0.1155,1.9142,0.2215,0.0351,0.71,1.27,1.0024
2005-07-01,470952823,470952823,1,25987000000,3883000000,20546000000,3311000000,5441000000,0,0,14541000000,11788000000,5128000000,333000000,333000000,0.71,0.7,0.04,515000000,-176000000,-266000000,65000000,173000000,176000000,20.95,22.81,19.1,0.126,0.0257,11.55,1.86,18.22,1.29,0.1126,2.1665,0.2094,0.0363,0.71,0.72,1.1728
2005-04-01,470446841,470446841,1,25972000000,3402000000,20661000000,3190000000,5311000000,0,0,14806000000,12061000000,4196000000,46000000,46000000,0.1,0.1,0.04,-181000000,-131000000,268000000,-47000000,108000000,131000000,21.79,23.36,20.22,0.1045,0.0207,11.29,1.9,17.16,1.25,0.1397,2.2709,0.2045,0.0297,0.7,-0.66,1.0665
2004-12-31,470281307,470281307,1,26354000000,3264000000,20976000000,3431000000,5378000000,0,0,15095000000,11929000000,4404000000,82000000,82000000,0.16,0.18,0.04,528000000,-315000000,-203000000,10000000,155000000,304000000,20.34,22.23,18.46,0.1206,0.023,11.44,1.88,14.85,1.21,0.1261,2.2181,0.2041,0.0328,0.7,0.48,0.9513
2004-10-01,469226222,469226222,1,25756000000,3238000000,20679000000,3274000000,5077000000,0,0,14762000000,13248000000,4670000000,207000000,207000000,0.44,0.44,0.04,637000000,-209000000,-318000000,110000000,131000000,212000000,23.61,28.76,18.45,0.1371,0.0249,10.82,2.29,15.85,1.17,0.1162,2.6094,0.1971,0.0356,0.7,0.91,0.989
2004-07-02,469005178,469005178,1,25981000000,3444000000,21157000000,3460000000,4824000000,0,0,14751000000,12238000000,4844000000,203000000,203000000,0.44,0.43,0.04,390000000,-240000000,-198000000,-48000000,21000000,248000000,26.64,29.34,23.95,0.1568,0.0271,10.29,2.79,16.44,1.13,0.1066,2.5369,0.1857,0.0383,0.71,0.3,0.9954
2004-04-02,470067496,470067496,1,25671000000,3076000000,21177000000,3918000000,4494000000,0,0,14770000000,11886000000,4240000000,104000000,104000000,0.23,0.22,0.04,60000000,-158000000,87000000,-11000000,69000000,158000000,22.7,24.5,20.9,0.1799,0.0295,9.56,2.39,15.55,1.09,0.0978,2.6449,0.1751,0.0419,0.7,-0.21,0.7851
2003-12-31,458934427,458934427,1,25700000000,3000000000,21335000000,3941000000,4365000000,0,0,14749000000,12074000000,4312000000,129000000,129000000,0.28,0.28,0.04,735000000,-342000000,-485000000,-92000000,80000000,302000000,20.63,22.72,18.53,0.1724,0.0268,9.51,2.32,15.4,1.05,0.1079,2.7661,0.1698,0.0389,0.69,0.94,0.7612
2003-09-26,454902272,454902272,1,25191000000,3298000000,21146000000,3997000000,4045000000,0,0,14296000000,12035000000,4734000000,259000000,259000000,0.57,0.56,0.04,448000000,-243000000,-168000000,37000000,172000000,242000000,18.23,19.61,16.85,0.1709,0.0251,8.89,2.18,15.19,1.01,0.1162,2.9753,0.1606,0.0361,0.69,0.45,0.8251
2003-06-27,452456711,452456711,1,25360000000,3364000000,21530000000,4042000000,3830000000,0,37000000,14327000000,12411000000,4617000000,260000000,259000000,0.57,0.56,0.04,841000000,-274000000,-448000000,119000000,135000000,252000000,19.41,20.41,18.4,0.1605,0.0223,8.38,2.56,17.49,0.97,0.1303,3.2721,0.1496,0.0324,0.69,1.3,0.8323
2003-03-28,452119850,452119850,1,24787000000,3068000000,21319000000,3675000000,3468000000,0,37000000,14197000000,12642000000,3667000000,28000000,27000000,0.06,0.06,0.04,-219000000,-158000000,325000000,-52000000,16000000,208000000,20.52,23.3,17.75,0.1561,0.0208,7.59,2.79,19.18,0.93,0.1415,3.6846,0.1384,0.0301,0.69,-0.94,0.8348
2002-12-31,450352869,450352869,1,24375000000,2844000000,21028000000,3455000000,3347000000,0,37000000,14028000000,12608000000,4250000000,78000000,78000000,0.17,0.16,0.04,333000000,-373000000,-821000000,-861000000,68000000,368000000,22.27,24.5,20.05,0.1585,0.0203,7.35,3.06,556.75,0.89,0.1462,3.8091,0.1358,0.0291,0.69,-0.08,0.8232
2002-09-27,449377591,449377591,1,25177000000,3919000000,21869000000,4680000000,3308000000,0,37000000,13962000000,12235000000,4549000000,191000000,190000000,0.42,0.42,0.04,423000000,-324000000,477000000,576000000,929000000,286000000,19.69,22.51,16.87,0.0118,0.0016,7.28,2.92,None,0.85,1.5365,3.7404,0.1299,0.0021,0.69,0.3,0.8374
2002-06-28,448348150,448348150,1,24176000000,3315000000,21112000000,4593000000,3064000000,0,37000000,13774000000,11636000000,4448000000,215000000,214000000,0.48,0.47,0.04,682000000,-239000000,-268000000,175000000,353000000,231000000,21.14,23.98,18.3,-0.0439,-0.0053,6.75,3.4,None,0.81,None,3.8441,0.1252,None,0.69,1.01,0.7218
2002-03-29,446698966,446698966,1,23552000000,2855000000,20735000000,4564000000,2817000000,0,37000000,13659000000,11356000000,3642000000,10000000,9000000,0.02,0.02,0.04,-1000000,-154000000,49000000,-106000000,178000000,144000000,18.3,20.67,15.94,-0.0789,-0.0097,6.22,2.94,None,0.77,None,4.0849,0.118,None,0.69,-0.32,0.6255
2001-12-31,446531218,446531218,1,23719000000,2876000000,20899000000,4522000000,2820000000,0,37000000,14637000000,11531000000,3967000000,-378000000,-378000000,-0.87,-0.87,0,557000000,-470000000,17000000,104000000,284000000,367000000,17.44,20.12,14.75,-0.1114,-0.014,6.23,2.38,109,0.73,None,4.1434,0.1173,None,0.68,0.43,0.636
2001-09-28,444739575,444739575,1,23721000000,2875000000,20424000000,3477000000,3297000000,0,37000000,14757000000,12236000000,4276000000,26000000,25000000,0.06,0.06,0.04,422000000,-1113000000,725000000,34000000,180000000,197000000,16.03,18.6,13.46,0.0241,0.0032,7.33,2.52,40.08,0.73,0.9875,3.7534,0.1374,0.0046,0.68,0.51,0.8269
2001-06-29,444930385,444930385,1,22269000000,2870000000,19396000000,3572000000,2873000000,0,37000000,13622000000,11170000000,4105000000,115000000,114000000,0.27,0.27,0.04,335000000,-259000000,-27000000,49000000,146000000,251000000,17.27,18.75,15.8,0.0624,0.008,6.37,2.64,41.12,0.69,0.3888,3.9386,0.1274,0.0118,0.67,0.19,0.8035
2001-03-30,420245414,420245414,1,22114000000,2509000000,19319000000,3065000000,2795000000,0,44000000,13818000000,11499000000,3352000000,-84000000,-85000000,-0.2,-0.2,0.04,-200000000,-168000000,171000000,-197000000,97000000,157000000,20.39,23.9,16.88,0.0658,0.0084,6.55,3.06,37.76,0.65,0.366,4.1799,0.1244,0.0124,0.67,-0.85,0.8186
2000-12-31,418172274,418172274,1,22162000000,2631000000,19328000000,3094000000,2834000000,0,44000000,13748000000,11460000000,3562000000,16000000,16000000,0.04,0.03,0.04,711000000,-493000000,-89000000,129000000,294000000,488000000,19.09,23.13,15.06,0.0839,0.0106,6.67,2.81,40.62,0.61,0.2875,4.1075,0.1259,0.0158,0.66,0.53,0.8504
2000-09-29,417819516,417819516,1,22255000000,2728000000,19370000000,3547000000,2885000000,0,44000000,13955000000,10977000000,3868000000,131000000,130000000,0.31,0.3,0.04,464000000,-273000000,-196000000,-5000000,165000000,245000000,18.47,21,15.94,0.0711,0.009,6.8,2.82,45.05,0.57,0.2526,3.8638,0.1277,0.0135,0.66,0.52,0.7691
2000-06-30,418310612,418310612,1,22374000000,2804000000,19595000000,3544000000,2779000000,0,44000000,14032000000,11217000000,4027000000,123000000,122000000,0.29,0.29,0.04,329000000,-282000000,42000000,89000000,170000000,243000000,18.94,23.88,14,0.0606,0.0078,6.54,2.9,94.7,0.53,0.294,4.1013,0.1222,0.0117,0.65,0.21,0.7912
2000-03-31,420546943,420546943,1,22339000000,2446000000,19547000000,3400000000,2792000000,0,44000000,14332000000,11273000000,3293000000,-34000000,-35000000,-0.08,-0.08,0.04,-35000000,-203000000,178000000,-60000000,81000000,205000000,24.5,30.25,18.75,0.0288,0.0038,6.53,3.57,188.46,0.49,0.8173,4.1023,0.123,0.0058,0.64,-0.57,0.7194
1999-12-31,419192039,419192039,1,22730000000,2581000000,19806000000,3614000000,2924000000,0,47000000,14555000000,11241000000,3509000000,-18000000,-18000000,-0.04,-0.04,0,605000000,-565000000,7000000,47000000,141000000,538000000,21.53,26.25,16.81,0.0192,0.0026,6.86,3.07,239.22,0.45,1.2142,3.9072,0.1266,0.0039,0.64,0.16,0.7142
1999-10-01,425474650,425474650,1,22513000000,2483000000,19476000000,3625000000,3037000000,0,49000000,14705000000,10814000000,3831000000,104000000,103000000,0.24,0.24,0.04,513000000,-509000000,-52000000,-48000000,94000000,341000000,27.5,32.5,22.5,0.0143,0.0043,7.02,4.03,211.54,0.45,2.1233,3.6191,0.1327,0.0028,0.64,0.4,0.685
1999-07-02,424968488,424968488,1,22544000000,2735000000,19598000000,4106000000,2946000000,0,49000000,14608000000,10505000000,3797000000,34000000,33000000,0.08,0.08,0.08,369000000,-392000000,77000000,54000000,142000000,366000000,33.22,37.5,28.94,0.0202,0.0049,6.82,4.87,103.81,0.41,1.6075,3.6262,0.1285,0.0038,0.64,0.01,0.6661
1999-04-02,424460922,424460922,1,22165000000,2392000000,19220000000,3494000000,2945000000,0,49000000,14706000000,10724000000,3269000000,-61000000,-62000000,-0.15,-0.15,0.04,-85000000,-262000000,367000000,20000000,88000000,235000000,33.22,36.44,30,0.053,0.0063,6.82,5.89,97.71,0.33,0.5059,3.703,0.1307,0.0095,0.65,-0.75,0.6846
1998-12-31,423388553,423388553,1,21132000000,2285000000,18694000000,3397000000,2438000000,0,49000000,13956000000,10582000000,3241000000,17000000,-34000000,-0.08,-0.08,0.04,326000000,-433000000,83000000,-24000000,68000000,431000000,32.03,41.19,22.88,0.0657,0.0071,5.64,5.94,86.57,0.29,0.4146,4.4295,0.1131,0.0105,0.67,-0.25,0.6727
1998-10-02,391927091,391927091,1,20370000000,2271000000,18211000000,3545000000,2159000000,0,48000000,13529000000,10102000000,3528000000,116000000,115000000,0.29,0.28,0.04,385000000,-297000000,-23000000,65000000,92000000,282000000,32.25,41.56,22.94,0.0782,0.0056,5.39,5.41,84.87,0.25,0.3158,4.7854,0.1036,0.0118,0.69,0.26,0.6406
1998-07-03,404519007,404519007,1,20436000000,2446000000,18014000000,3484000000,2422000000,0,10000000,13488000000,9922000000,3687000000,60000000,111000000,0.28,0.27,0.04,274000000,-555000000,292000000,11000000,27000000,492000000,38.5,41.44,35.56,0.0802,0.0056,5.96,8.89,96.25,0.21,0.2826,4.1136,0.118,0.0119,0.7,-0.54,0.7021
1998-04-03,386703709,386703709,1,17811000000,1965000000,16136000000,2916000000,1675000000,0,0,11812000000,9329000000,2958000000,-51000000,-51000000,-0.13,-0.13,0.025,-39000000,-556000000,566000000,-29000000,16000000,346000000,34.53,37.81,31.25,0.0892,0.009,4.33,7.51,78.48,0.17,0.2399,5.5696,0.094,0.0126,0.72,-1,0.6739
1997-12-31,387003367,387003367,1,17487000000,1813000000,15705000000,3032000000,1782000000,0,0,11812000000,8677000000,3049000000,-19000000,-19000000,-0.05,None,0.02,283000000,-305000000,8000000,-14000000,45000000,308000000,30.75,36,25.5,0.1021,0.0106,4.6,6.74,59.9,0.14,0.1789,4.8692,0.1019,0.015,0.7,-0.06,0.598
1997-09-26,386270533,386270533,1,17472000000,2053000000,15709000000,3641000000,1763000000,0,0,11732000000,7998000000,3183000000,112000000,112000000,0.29,None,0.025,396000000,-1199000000,831000000,28000000,59000000,243000000,26.94,31.63,22.25,0.1247,0.0137,4.56,6.34,84.19,0.12,0.1283,4.5366,0.1009,0.0188,0.71,0.4,0.5639
1997-06-27,385842462,385842462,1,14868000000,1970000000,13228000000,3957000000,1640000000,0,0,9610000000,5978000000,2905000000,111000000,111000000,0.29,None,0.025,369000000,-233000000,-114000000,22000000,31000000,233000000,20.83,23.63,18.03,0.0815,0.0097,4.25,5.58,113.62,0.1,0.1541,3.6451,0.1103,0.0128,0.72,0.35,0.4979
1997-03-28,385300512,385300512,1,14489000000,1651000000,12937000000,3716000000,1552000000,0,115000000,9641000000,5123000000,2141000000,-33000000,-35000000,-0.09,None,0.0083,-106000000,-1197000000,1265000000,-38000000,9000000,183000000,18.86,22,15.72,0.0476,0.0063,3.73,5.03,65.79,0.07,0.181,3.5651,0.0992,0.0078,0.72,-0.75,0.4443
1996-12-31,125806395,377419185,3,11234000000,1319000000,9684000000,1690000000,1550000000,0,134000000,7103000000,4814000000,2118000000,9000000,7000000,0.07,None,0.02,305000000,-164000000,-120000000,21000000,47000000,166000000,15.21,16.38,14.04,0.0785,0.0108,3.75,4.1,59.26,0.06,0.1116,3.3997,0.126,0.0134,0.75,0.37,0.7805
1996-09-27,125359532,376078596,3,11377000000,1424000000,9850000000,2081000000,1527000000,0,132000000,7139000000,5309000000,2187000000,39000000,37000000,0.29,None,0.025,283000000,-634000000,353000000,2000000,26000000,106000000,13.38,15.42,11.33,0.0713,0.0102,3.71,3.84,53.52,0.06,0.1101,3.8057,0.1226,0.0129,0.75,0.47,0.6843
1996-06-28,123969609,371908827,3,9856000000,1185000000,8388000000,1159000000,1468000000,0,173000000,6318000000,5005000000,2016000000,59000000,57000000,0.46,None,0.025,316000000,-258000000,-50000000,8000000,24000000,254000000,10.55,11.88,9.21,0.0699,0.0105,3.48,3.02,49.45,0.05,0.0962,3.8649,0.1314,0.0132,0.75,0.17,1.0224
1996-03-29,123325633,369976899,3,9578000000,1026000000,8103000000,943000000,1475000000,0,183000000,6364000000,4956000000,1600000000,7000000,5000000,0.04,None,0.025,102000000,-230000000,136000000,8000000,16000000,96000000,9.27,10.54,8,0.0607,0.0093,3.49,2.48,44.85,0.04,0.0911,3.8359,0.1349,0.012,0.74,0.02,1.088
1995-12-31,125325109,375975327,3,9064000000,982000000,7629000000,859000000,1435000000,0,30000000,5924000000,4738000000,1643000000,-3000000,-3000000,-0.02,None,0.01,204000000,-106000000,-90000000,8000000,8000000,115000000,9,9.96,8.04,0.0581,0.009,3.74,2.51,36.49,0.03,0.0763,3.3722,0.155,0.0118,0.74,0.24,1.1432
1995-09-29,128493015,385479045,3,9161000000,1009000000,7746000000,844000000,1415000000,0,30000000,5998000000,4843000000,1841000000,36000000,35000000,0.27,None,0.0125,167000000,-110000000,-99000000,-42000000,0,107000000,7.69,8.5,6.88,0.0694,0.0106,3.59,2.16,34.95,0.03,0.0653,3.4968,0.1512,0.0142,0.73,0.16,1.1955
1995-06-30,129721512,389164536,3,9375000000,1129000000,7961000000,943000000,1414000000,0,29000000,6115000000,4896000000,1827000000,46000000,46000000,0.35,None,0.0125,209000000,-148000000,-32000000,29000000,42000000,148000000,7.23,7.75,6.71,0.0628,0.0096,3.56,2.11,36.15,0.02,0.0733,3.535,0.1477,0.0132,0.71,0.16,1.1972
1995-03-31,129677114,389031342,3,9041000000,821000000,7676000000,1063000000,1365000000,0,29000000,6157000000,4644000000,1462000000,3000000,2000000,0.02,None,0.0125,64000000,-256000000,183000000,-9000000,13000000,131000000,6.58,7.25,5.92,0.0579,None,3.43,1.94,37.96,0.02,0.0812,3.476,0.1478,0.0124,0.69,-0.17,0.7723
1994-12-31,128932299,386796897,3,8738000000,810000000,7399000000,1089000000,1339000000,0,29000000,5965000000,4426000000,1486000000,11000000,11000000,0.1,None,0.01,145000000,-121000000,-71000000,-47000000,22000000,107000000,5.98,6.5,5.46,0.052,None,3.39,1.77,None,0.02,0.0921,3.3786,0.1499,0.0111,0.68,0.1,0.7438
1994-09-30,130346684,391040052,3,8781000000,854000000,7434000000,1103000000,1347000000,0,29000000,5994000000,4445000000,1595000000,26000000,25000000,0.19,None,0.0125,164000000,-58000000,-141000000,-35000000,69000000,53000000,5.73,6.13,5.33,None,None,3.37,1.74,None,0.01,None,3.3725,0.1501,None,None,0.28,0.7743
1994-07-01,130437466,391312398,3,8941000000,983000000,7625000000,1433000000,1316000000,0,29000000,6015000000,4333000000,1610000000,38000000,38000000,0.29,None,0.0125,244000000,-131000000,-10000000,103000000,104000000,130000000,5.73,6.29,5.17,None,None,3.29,1.81,None,0.01,None,3.3667,0.1439,None,None,0.29,0.686
1994-04-01,129723700,389171100,3,8666000000,753000000,7402000000,1010000000,1264000000,0,29000000,6030000000,4566000000,1320000000,-6000000,-7000000,-0.06,None,0.0125,78000000,-64000000,-24000000,-10000000,1000000,58000000,5.54,6.42,4.67,None,None,3.17,1.75,None,0,None,3.6972,0.1425,None,None,0.05,0.7455
1993-12-31,129577651,388732953,3,8682000000,746000000,7422000000,1007000000,1260000000,0,29000000,6046000000,4584000000,None,None,None,None,None,0,None,None,None,None,11000000,0,4.86,5.21,4.5,None,None,3.17,None,None,0,None,3.7238,0.1418,None,None,None,0.7408
