"Quarter end","Shares","Shares split adjusted","Split factor","Assets","Current Assets","Liabilities","Current Liabilities","Shareholders equity","Non-controlling interest","Preferred equity","Goodwill & intangibles","Long-term debt","Revenue","Earnings","Earnings available for common stockholders","EPS basic","EPS diluted","Dividend per share","Cash from operating activities","Cash from investing activities","Cash from financing activities","Cash change during period","Cash at end of period","Capital expenditures","Price","Price high","Price low","ROE","ROA","Book value of equity per share","P/B ratio","P/E ratio","Cumulative dividends per share","Dividend payout ratio","Long-term debt to equity ratio","Equity to assets ratio","Net margin","Asset turnover","Free cash flow per share","Current ratio"
2019-03-31,763556377,763556377,1,46466600000,4964400000,53017500000,3379600000,-6550900000,0,0,2317800000,32892000000,2240500000,1328400000,1328400000,1.74,1.72,1.16,2020600000,-771300000,220700000,1423100000,2289100000,493000000,181.97,190.52,173.41,None,0.161,-8.58,None,24.13,39.71,0.5687,None,None,0.3242,0.5,2,1.4689
2018-12-31,765317332,765317332,1,32811200000,4053200000,39069600000,2973500000,-6258400000,0,0,0,31075300000,5163000000,1415300000,1415300000,1.83,1.82,0,1511600000,-883900000,-2311200000,-1708500000,866000000,849200000,176.35,190.88,161.82,None,0.1778,-8.18,None,26.76,38.55,0.5485,None,None,0.2818,0.63,0.87,1.3631
2018-09-30,770910250,770910250,1,34053700000,5553100000,40846300000,3626700000,-6792600000,0,0,2345000000,31895200000,5369400000,1637300000,1637300000,2.12,2.1,2.17,2471100000,-721300000,-768000000,951000000,2574500000,692500000,160.48,167.83,153.13,None,0.1551,-8.81,None,23.57,38.55,0.624,None,None,0.3201,0.48,2.31,1.5312
2018-06-30,775800409,775800409,1,32708400000,4355600000,38559400000,2970300000,-5851000000,0,0,2347200000,30687700000,5353900000,1496300000,1496300000,1.92,1.9,1.01,1338800000,-490800000,-1564200000,-844500000,1623500000,558500000,163.28,171.56,155.01,None,0.1643,-7.54,None,24.7,36.38,0.5741,None,None,0.3905,0.42,1.01,1.4664
2018-03-31,785177398,785177398,1,33722900000,4909300000,38441700000,2821400000,-4718800000,0,0,2404800000,30869500000,5138900000,1375400000,1375400000,1.74,1.72,1.01,1645200000,-359100000,-1306200000,4200000,2468000000,481100000,162.77,178.7,146.84,None,0.1611,-6.01,None,25.59,35.37,0.5808,None,None,0.4394,0.37,1.48,1.74
2017-12-31,794497880,794497880,1,33803700000,5327200000,37071700000,2890600000,-3268000000,0,0,0,29536400000,409100000,698700000,698700000,0.88,0.87,0,1109300000,-604000000,-747100000,-207400000,2463800000,626900000,165.79,175.78,155.8,None,0.1582,-4.11,None,23.82,34.36,0.5936,None,None,0.4082,0.39,0.61,1.8429
2017-09-30,797185588,797185588,1,32559600000,4790300000,36037200000,3740200000,-3477600000,0,0,2373300000,28402600000,3064300000,1883700000,1883700000,2.34,2.32,1.95,1684500000,1174700000,-2810000000,278800000,2671200000,357700000,156.75,161.72,151.77,None,0.1779,-4.36,None,25.53,34.36,0.6742,None,None,0.3115,0.57,1.66,1.2808
2017-06-30,809996613,809996613,1,32785200000,5892500000,34785800000,2743300000,-2000600000,0,0,2345200000,28150900000,3569600000,1395100000,1395100000,1.72,1.7,0.94,1213400000,-146800000,-1166500000,-19800000,2392400000,339900000,142.06,155.46,128.65,None,0.159,-2.47,None,24.97,32.41,0.5948,None,None,0.2353,0.68,1.08,2.148
2017-03-31,815070168,815070168,1,32120300000,5907200000,34151100000,3220700000,-2030800000,0,0,2299200000,26984200000,5675900000,1214800000,1214800000,1.48,1.47,0.94,1544000000,138100000,-587200000,1188800000,2412200000,362400000,124.19,130.19,118.18,None,0.1492,-2.49,None,22.79,31.47,0.6319,None,None,0.1969,0.76,1.45,1.8341
2016-12-31,818993182,818993182,1,31023900000,4848600000,33228200000,3468300000,-2204300000,0,0,2336500000,25878500000,6028900000,1219600000,1219600000,1.47,1.47,0.94,841000000,-170900000,-1397300000,-869300000,1223400000,143800000,117.16,124,110.33,None,0.1437,-2.69,None,22.15,30.53,0.6507,None,None,0.1903,0.75,0.85,1.398
2016-09-30,830443627,830443627,1,32486900000,4302100000,34111000000,4476700000,-1624100000,0,0,2504700000,26007000000,6424100000,1275400000,1275400000,1.52,1.5,0.89,2251100000,-351100000,-2775700000,-861300000,2266700000,301400000,121.28,128.6,113.96,None,0.1361,-1.96,161.71,23.37,29.59,0.6596,None,None,0.1874,0.73,2.35,0.961
2016-06-30,853361988,853361988,1,33146500000,5046600000,32506500000,2667200000,640000000,0,0,2498600000,26010000000,6265000000,1092900000,1092900000,1.27,1.25,0.89,1248400000,-203700000,-1136800000,-182100000,3128000000,182800000,124.02,131.96,116.08,0.9461,0.1366,0.75,28.19,23.85,28.7,0.6636,40.6406,0.0193,0.1873,0.73,1.25,1.8921
2016-03-31,877857531,877857531,1,33795400000,5051600000,29932400000,2858700000,3863000000,0,0,2569800000,23352600000,5903900000,1098600000,1098600000,1.24,1.23,0.89,1719100000,-255900000,-5952600000,-4375400000,3310100000,244100000,119.41,126.1,112.71,0.646,0.138,4.4,15.19,24.83,27.81,0.6571,6.0452,0.1143,0.1899,0.73,1.68,1.7671
2015-12-31,901607888,901607888,1,37938700000,9643000000,30850800000,2950400000,7087900000,0,0,2516300000,24122100000,6341300000,1206200000,1206200000,1.32,1.31,0.89,1378700000,-305800000,4219600000,5233000000,7685500000,315900000,108.68,120.23,97.13,0.4849,0.1313,7.86,12.01,23.52,26.92,0.7061,3.4033,0.1868,0.1782,0.74,1.18,3.2684
2015-09-30,918229823,918229823,1,32959500000,4492600000,24649700000,2956500000,8309800000,0,0,2581600000,17990500000,6615100000,1309200000,1309200000,1.41,1.4,0.85,1947400000,-418500000,-2978600000,-1546000000,2452500000,374500000,94.69,101.88,87.5,0.41,0.1316,9.05,8.45,21.97,26.03,0.542,2.165,0.2521,0.1724,0.76,1.71,1.5196
2015-06-30,941810237,941810237,1,34947900000,5972200000,24387000000,2760800000,10560900000,0,0,2627500000,17901600000,6497700000,1202400000,1202400000,1.26,1.26,0.85,1513500000,-346500000,1087600000,2363700000,3998500000,364900000,97.55,101.08,94.02,0.3451,0.1217,11.21,8.2,21.92,25.18,0.773,1.6951,0.3022,0.1607,0.76,1.22,2.1632
2015-03-31,958514890,958514890,1,32155600000,3592800000,20752300000,2751900000,11403300000,0,0,2593500000,14291800000,5958900000,811500000,811500000,0.84,0.84,0.85,1699500000,-349200000,-1593300000,-443100000,1634800000,345000000,94.93,101.09,88.77,0.3231,0.1245,11.9,7.1,19.7,24.33,0.7391,1.2533,0.3546,0.1635,0.76,1.41,1.3056
2014-12-31,961118669,961118669,1,34281400000,4185500000,21428000000,2747900000,12853400000,0,0,2735300000,14989700000,6572200000,1097500000,1097500000,1.14,1.12,-0,1503100000,-299000000,-1771800000,-747900000,2077900000,676500000,92.56,97.5,87.62,0.3238,0.1317,13.37,6.61,18.18,23.48,0.675,1.1662,0.3749,0.1734,0.76,0.86,1.5232
2014-09-30,973203623,973203623,1,36020800000,5210400000,22394900000,4179600000,13625900000,0,0,2811200000,14516900000,6987100000,1068400000,1068400000,1.09,1.09,1.66,1832900000,-782600000,-1542400000,-844800000,2825800000,587000000,95.94,101.36,90.53,0.3266,0.1378,14,5.83,17.38,23.48,0.635,1.0654,0.3783,0.1809,0.76,1.28,1.2466
2014-06-30,981929291,981929291,1,37780600000,5913700000,21625700000,3391700000,16154900000,0,0,2902300000,14891400000,7181700000,1387100000,1387100000,1.4,1.4,0.81,1487000000,-615100000,51000000,926800000,3670600000,510400000,100.15,103.78,96.52,0.3473,0.1507,16.45,6.13,18.21,21.82,0.5749,0.9218,0.4276,0.1947,0.77,0.99,1.7436
2014-03-31,988417241,988417241,1,36369100000,4836300000,20221400000,3101200000,16147700000,0,0,2891500000,13825400000,6700300000,1204800000,1204800000,1.22,1.21,0.81,1907300000,-608200000,-1355100000,-54900000,2743800000,490100000,95.64,99.07,92.22,0.3534,0.1544,16.34,5.91,17.23,21.01,0.5692,0.8562,0.444,0.1958,0.79,1.43,1.5595
2013-12-31,989881374,989881374,1,36626300000,5050100000,20616600000,3170000000,16009700000,0,0,2872700000,14129800000,7093200000,1397000000,1397000000,1.4,1.39,0,1873500000,-1007600000,-647500000,254400000,2798700000,771600000,96.2,99.27,93.14,0.3629,0.1587,16.17,6.31,17.36,20.2,0.5574,0.8826,0.4371,0.1987,0.8,1.11,1.5931
2013-09-30,995030164,995030164,1,35551300000,4734100000,20386400000,3822300000,15164900000,0,0,2853800000,13487800000,7323400000,1522200000,1522200000,1.53,1.52,1.58,2050500000,-585600000,-1301600000,265900000,2544300000,610000000,97.91,101.81,94.01,0.3671,0.1601,15.24,6.45,17.97,20.2,0.5575,0.8894,0.4266,0.1997,0.8,1.45,1.2385
2013-06-30,999645751,999645751,1,34453400000,4632100000,19282700000,2805000000,15170700000,0,0,2778600000,13369800000,7083800000,1396500000,1396500000,1.39,1.38,0.77,1509800000,-556100000,-525000000,409100000,2278400000,595300000,99.43,103.7,95.16,0.3705,0.1602,15.18,6.55,18.45,18.62,0.5469,0.8813,0.4403,0.1985,0.81,0.91,1.6514
2013-03-31,1002548921,1002548921,1,34123800000,4191200000,18895600000,3017100000,15228200000,0,0,2789500000,12797900000,6605300000,1270200000,1270200000,1.27,1.26,0.77,1686900000,-524500000,-1568900000,-466800000,1869300000,588700000,94.52,99.78,89.25,0.3743,0.16,15.19,6.2,17.63,17.85,0.5402,0.8404,0.4463,0.1979,0.81,1.1,1.3891
2012-12-31,1002791769,1002791769,1,35386500000,4922100000,20092900000,3403100000,15293600000,0,0,2804000000,13632500000,6952100000,1396100000,1396100000,1.39,1.38,0,1850100000,-1160600000,-606600000,157600000,2336100000,870100000,88.73,94.16,83.31,0.3777,0.1609,15.25,6.42,16.74,17.08,0.5294,0.8914,0.4322,0.1982,0.81,0.98,1.4464
2012-09-30,1003976633,1003976633,1,33824500000,4207900000,19940400000,4151300000,13884100000,0,0,2744200000,12752000000,7152400000,1455000000,1455000000,1.45,1.43,1.47,1999400000,-723700000,-1618100000,-306100000,2178500000,705400000,90.08,94,86.15,0.3823,0.1632,13.83,6.47,16.93,17.08,0.5313,0.9185,0.4105,0.1985,0.82,1.29,1.0136
2012-06-30,1008431316,1008431316,1,33332400000,4500100000,19297300000,3622300000,14035100000,0,0,2680700000,12720400000,6915900000,1347000000,1347000000,1.33,1.32,0.7,1483100000,-685600000,-493700000,195500000,2484600000,658800000,92.71,99.5,85.92,0.3897,0.1667,13.92,6.42,17.33,15.61,0.5016,0.9063,0.4211,0.2003,0.83,0.82,1.2423
2012-03-31,1016244880,1016244880,1,33334200000,4254800000,18673700000,3646400000,14660500000,0,0,2719100000,12055700000,6546600000,1266700000,1266700000,1.24,1.23,0.7,1633500000,-597400000,-1131400000,-46600000,2289100000,578700000,98.67,102.22,95.13,0.3879,0.1692,14.43,6.98,18.72,14.91,0.4822,0.8223,0.4398,0.2026,0.84,1.04,1.1668
2011-12-31,1018555678,1018555678,1,32989900000,4403000000,18599700000,3509200000,14390200000,0,0,2653200000,12133800000,6822700000,1376600000,1376600000,1.34,1.32,-0,1784600000,-898800000,-917000000,-53100000,2335700000,866200000,92.37,101,83.74,0.3853,0.1691,14.13,7.08,18.08,14.21,0.473,0.8432,0.4362,0.2038,0.83,0.9,1.2547
2011-09-30,1023218317,1023218317,1,32277500000,4421900000,18939300000,5078200000,13338200000,0,0,2638400000,10988100000,7166300000,1507300000,1507300000,1.47,1.45,1.31,2169600000,-699800000,-978300000,318800000,2388800000,638200000,86.62,91.22,82.01,0.3743,0.1663,13.04,5.98,17.5,14.21,0.4848,0.8238,0.4132,0.2034,0.82,1.5,0.8708
2011-06-30,1031751682,1031751682,1,32833000000,4025400000,17880200000,3948800000,14952800000,0,0,2725400000,11062800000,6905400000,1410200000,1410200000,1.36,1.35,0.61,1642800000,-453100000,-1125400000,130100000,2070000000,382900000,80.28,84.91,75.66,0.3641,0.164,14.49,5.76,16.97,12.9,0.4739,0.7398,0.4554,0.2056,0.8,1.22,1.0194
2011-03-31,1037576718,1037576718,1,32080200000,3824200000,17626600000,4254100000,14453600000,0,0,2669600000,10524300000,6111600000,1209000000,1209000000,1.16,1.15,0.61,1553100000,-519200000,-1512300000,-447100000,1939900000,517500000,74.87,77.59,72.14,0.3627,0.1635,13.93,5.34,16.35,12.29,0.4825,0.7281,0.4505,0.2061,0.79,1,0.8989
2010-12-31,1043298941,1043298941,1,31975200000,4368500000,17341000000,2924700000,14634200000,0,0,2586100000,11497000000,6214100000,1242300000,1242300000,1.18,1.16,0,1725800000,-828900000,-1010100000,-108000000,2387000000,778600000,77.67,80.94,74.4,0.3564,0.1626,14.03,6.02,17.15,11.68,0.4857,0.7856,0.4577,0.2055,0.79,0.91,1.4937
2010-09-30,1056506714,1056506714,1,31168500000,4176500000,17530700000,3266300000,13637800000,0,0,2521500000,11357100000,6304900000,1388400000,1388400000,1.31,1.29,1.16,1944400000,-446000000,-787900000,829500000,2495000000,436800000,70.78,76.26,65.31,0.3584,0.1642,12.91,5.74,16.12,11.68,0.4883,0.8328,0.4376,0.2065,0.8,1.43,1.2787
2010-06-30,1064338416,1064338416,1,28675400000,3166500000,15543600000,2582800000,13131800000,0,0,2413900000,10291300000,5945500000,1225800000,1225800000,1.14,1.13,0.55,1248700000,-390700000,-1122300000,-341800000,1665500000,358600000,68.69,71.84,65.55,0.352,0.1614,12.34,5.24,16.2,10.52,0.482,0.7837,0.4579,0.2033,0.79,0.84,1.226
2010-03-31,1075797083,1075797083,1,29825600000,3472300000,15708800000,2569300000,14116800000,0,0,2471100000,10482600000,5610100000,1089800000,1089800000,1.01,1,0.55,1422700000,-390400000,-808400000,211300000,2007300000,367000000,64.28,67.49,61.06,0.3416,0.1562,13.12,4.93,15.64,9.97,0.4871,0.7426,0.4733,0.2003,0.78,0.98,1.3515
2009-12-31,1075960799,1075960799,1,30224900000,3416300000,16191000000,2988700000,14033900000,0,0,2425200000,10560300000,5973400000,1216800000,1216800000,1.13,1.11,0,1378000000,-542500000,-1207300000,-405000000,1796000000,439200000,60.39,64.75,56.03,0.3425,0.1552,13.04,4.94,15.65,9.42,0.4901,0.7525,0.4643,0.2001,0.78,0.87,1.1431
2009-09-30,1079186614,1079186614,1,30072400000,3602800000,16882800000,3540400000,13189600000,0,0,2408200000,10657900000,6046700000,1261000000,1261000000,1.16,1.15,1.05,1822200000,-441300000,-1388100000,40400000,2201000000,428700000,56.73,59.59,53.88,0.3291,0.1495,12.22,4.67,15.09,9.42,0.5164,0.8081,0.4386,0.1934,0.77,1.29,1.0176
2009-06-30,1091348341,1091348341,1,29207100000,3597000000,15962500000,2843500000,13244600000,0,0,2339400000,10492900000,5647200000,1093700000,1093700000,1,0.98,0.5,1420100000,-302900000,-1005900000,181900000,2160600000,410200000,56.38,61.01,51.76,0.3246,0.1496,12.14,4.9,14.76,8.37,0.4877,0.7922,0.4535,0.1884,0.79,0.93,1.265
2009-03-31,1103243371,1103243371,1,27810600000,3450400000,15127500000,2212900000,12683100000,0,0,2198000000,10420100000,5077400000,979500000,979500000,0.88,0.87,0.5,1130700000,-368600000,-819700000,-84700000,1978700000,413700000,57.45,64.46,50.44,0.3235,0.1513,11.5,4.78,15.28,7.87,0.4483,0.8216,0.4561,0.1891,0.8,0.65,1.5592
2008-12-31,1113621747,1113621747,1,28461500000,3517600000,15078900000,2537900000,13382600000,0,0,2237400000,10186000000,5565000000,985300000,985300000,0.88,0.86,0,1470300000,-635700000,-192200000,576200000,2063400000,713700000,54.91,64.02,45.79,0.311,0.1462,12.02,4.69,13.9,7.37,0.4224,0.7611,0.4702,0.1834,0.8,0.68,1.386
2008-09-30,1114544888,1114544888,1,28134400000,2811600000,15082800000,2868500000,13051600000,0,0,2272000000,9860600000,6267300000,1191300000,1191300000,1.07,1.05,0.875,1706400000,-497100000,-1968200000,-855300000,1487200000,534900000,61.27,67,55.55,0.3208,0.1547,11.71,4.71,16.17,7.37,0.396,0.7555,0.4639,0.1969,0.79,1.05,0.9802
2008-06-30,1124678064,1124678064,1,30521300000,3883300000,15899700000,3025200000,14621600000,0,0,2382500000,10439100000,6075300000,1190500000,1190500000,1.05,1.04,0.375,1262000000,-174400000,-1672700000,-579700000,2342500000,482000000,58.45,61.76,55.14,0.3023,0.1487,13,4.6,27.19,6.49,0.5849,0.714,0.4791,0.1948,0.76,0.69,1.2837
2008-03-31,1133525530,1133525530,1,30922000000,4325600000,16507800000,3683300000,14414200000,0,0,2371500000,10443600000,5614800000,946100000,946100000,0.83,0.81,0.375,1478500000,-317500000,-281400000,940900000,2922200000,405100000,54.42,59.48,49.36,0.1726,0.0867,12.72,4.1,27.77,6.12,0.8528,0.7245,0.4661,0.1124,0.77,0.95,1.1744
2007-12-31,1151643390,1151643390,1,29391700000,3581900000,14111900000,4498500000,15279800000,0,0,2301300000,7310000000,5411100000,1273200000,1273200000,1.1,1.05,0,1284700000,-759700000,-1550000000,-1012100000,1981300000,724500000,59.18,63.69,54.67,0.1568,0.0815,13.27,4.67,30.98,5.74,0.7407,0.4784,0.5199,0.1051,0.78,0.49,0.7962
2007-09-30,1182757559,1182757559,1,29673600000,4444500000,14705700000,4209300000,14967900000,0,0,2290500000,7685900000,5900900000,1071200000,1071200000,0.9,0.89,1.5,1580900000,459700000,-1249900000,859600000,2992500000,399800000,51.19,55.73,46.64,0.1543,0.0807,12.66,4.04,30.11,5.74,0.7507,0.5135,0.5044,0.1055,0.76,1,1.0559
2007-06-30,1191772069,1191772069,1,28994900000,4361400000,13909200000,3429600000,15085700000,0,0,2198300000,7885500000,6010500000,-711700000,-711700000,-0.6,-0.6,0,1082300000,-446100000,-959000000,-296300000,2142100000,413400000,48.57,52.88,44.26,0.1381,0.0722,12.66,3.68,16.35,4.24,0.5791,0.5227,0.5203,0.0954,0.76,0.56,1.2717
2007-03-31,1193875641,1193875641,1,29473500000,3879400000,13706500000,3064500000,15767000000,0,0,2254300000,8199900000,5464100000,762400000,762400000,0.63,0.62,0,928400000,-404000000,-237400000,302000000,2438400000,408900000,44.26,46.21,42.31,0.236,0.1236,13.21,3.45,15.58,4.24,0.336,0.5201,0.535,0.1677,0.74,0.44,1.2659
2006-12-31,1203480015,1203480015,1,29023800000,3625300000,13565500000,3008100000,15458300000,0,0,2209200000,8416500000,5030700000,1241500000,1241500000,1.01,1,0,1336600000,-562700000,-2920400000,-2146500000,2136400000,655100000,41.81,44.68,38.95,0.2294,0.1189,12.84,3.33,18.02,4.24,0.3489,0.5445,0.5326,0.1642,0.72,0.57,1.2052
2006-09-30,1236748530,1236748530,1,30829200000,5835700000,15302900000,4576300000,15526300000,0,0,2156100000,8569400000,5882500000,843300000,843300000,0.69,0.68,1,1510300000,-423800000,-94200000,992300000,4282700000,415400000,36.41,40.06,32.75,0.1894,0.0969,12.55,2.86,16.4,4.24,0.4248,0.5519,0.5036,0.1336,0.73,0.89,1.2752
2006-06-30,1226326886,1226326886,1,29773000000,4861000000,14134300000,3591800000,15638700000,0,0,2125500000,8351400000,5572300000,834100000,834100000,0.68,0.67,0,879400000,-95700000,-1296400000,-512700000,3290400000,382200000,33.86,35.99,31.73,0.1854,0.0957,12.75,2.78,17.19,3.24,0.3008,0.534,0.5253,0.132,0.72,0.41,1.3534
2006-03-31,1246076252,1246076252,1,29601300000,5268300000,14434300000,3696800000,15167000000,0,0,2043200000,8708900000,5100900000,625300000,625300000,0.5,0.49,0,615200000,-191200000,-881300000,-457300000,3803100000,289200000,34.98,36.75,33.2,0.1689,0.0874,12.17,2.9,17.15,3.24,0.3374,0.5742,0.5124,0.1204,0.73,0.26,1.4251
2005-12-31,1256645011,1256645011,1,29988800000,5849700000,14842700000,4036300000,15146100000,0,0,1950700000,8937400000,5234600000,608500000,608500000,0.48,0.48,0,1128000000,-686900000,1522200000,1963300000,4260400000,631900000,33.59,35.69,31.48,0.1774,0.0929,12.05,2.91,17.96,3.24,0.324,0.5901,0.5051,0.1272,0.73,0.39,1.4493
2005-09-30,1258571503,1258571503,1,27843600000,3801800000,13327400000,4134700000,14516200000,0,0,1934600000,7350200000,5327100000,735400000,735400000,0.59,0.58,0.67,1463300000,-481900000,-244900000,736500000,2297100000,372400000,31.2,35.03,27.36,0.1657,0.0871,11.53,2.72,16.42,3.24,0.3526,0.5063,0.5213,0.1182,0.74,0.87,0.9195
2005-06-30,1250048706,1250048706,1,26980300000,3041600000,12619700000,3075200000,14360600000,0,0,1827500000,7763700000,5095700000,530400000,530400000,0.42,0.42,0,952500000,-363800000,-384600000,204100000,1560600000,360100000,29.82,31.91,27.74,0.1734,0.0898,11.49,2.58,15.29,2.57,0.284,0.5406,0.5323,0.1227,0.73,0.47,0.9891
2005-03-31,1267477541,1267477541,1,27234000000,2797500000,12596400000,2669200000,14637600000,0,0,1815800000,8155200000,4802800000,727900000,727900000,0.57,0.56,0,793000000,-285200000,-531100000,-23300000,1356500000,242400000,32.69,34.56,30.81,0.1832,0.0934,11.55,2.93,18.26,2.57,0.2772,0.5571,0.5375,0.1282,0.73,0.43,1.0481
2004-12-31,1272117313,1272117313,1,27837500000,2857800000,13636000000,3520500000,14201500000,0,0,1828300000,8357300000,5010300000,397900000,397900000,0.31,0.31,0,947400000,-638400000,-486100000,-177100000,1379800000,623800000,30.13,32.96,27.31,0.1746,0.0864,11.16,2.92,19.19,2.57,0.3035,0.5885,0.5102,0.1195,0.72,0.25,0.8118
2004-09-30,1257205376,1257205376,1,26338300000,2907800000,13377700000,2952000000,12960600000,0,0,1755600000,8692700000,4925700000,778400000,778400000,0.62,0.61,0.55,1270800000,-311100000,-333600000,626100000,1556900000,311700000,26.95,28.25,25.64,0.1606,0.0778,10.31,2.67,19.39,2.57,0.3446,0.6707,0.4921,0.1078,0.72,0.76,0.985
2004-06-30,1256243821,1256243821,1,25473200000,2330500000,12810900000,2074800000,12662300000,0,0,1695100000,8990200000,4729000000,590700000,590700000,0.47,0.47,0,820300000,-286300000,-572800000,-38800000,930800000,303500000,27.24,29.43,25.05,0.1459,0.0696,10.08,2.77,21.12,2.02,0.286,0.71,0.4971,0.0976,0.71,0.41,1.1232
2004-03-31,1259408088,1259408088,1,25817900000,2315300000,13449500000,2627300000,12368400000,0,0,1696900000,9114200000,4399700000,511500000,511500000,0.41,0.4,0,865100000,-147300000,-241000000,476800000,969600000,180300000,27.26,29.98,24.54,0.1389,0.0651,9.82,2.87,23.7,2.02,0.3067,0.7369,0.4791,0.0933,0.7,0.54,0.8812
2003-12-31,1261748725,1261748725,1,25525100000,1885400000,13543200000,2485800000,11981900000,0,0,1665100000,9342500000,4555400000,125700000,125700000,0.1,0.09,0,1000600000,-464500000,-690700000,-154600000,492800000,429400000,25.01,27.01,23.01,0.1276,0.0587,9.5,2.72,31.66,2.02,0.345,0.7797,0.4694,0.0858,0.68,0.45,0.7585
2003-09-30,1269163900,1269163900,1,25234100000,1938500000,13585500000,2633400000,11648600000,0,0,1763600000,9291700000,4504600000,547400000,547400000,0.43,0.43,0.4,1030200000,-264500000,-638700000,127000000,647400000,257500000,22.38,24.37,20.4,0.0902,0.0406,9.18,2.44,30.24,2.02,0.8106,0.7977,0.4616,0.0608,0.67,0.61,0.7361
2003-06-30,1272402980,1272402980,1,25092900000,1904000000,13428900000,2430900000,11664000000,0,0,1717600000,9447100000,4280800000,470900000,470900000,0.37,0.37,0,685900000,-278900000,-374600000,32400000,520400000,316300000,18.41,22.95,13.88,0.0867,0.0388,9.17,2.16,24.22,1.62,0.3235,0.8099,0.4648,0.0587,0.66,0.29,0.7832
2003-03-31,1272313710,1272313710,1,24409900000,1841800000,13588200000,2323500000,10821700000,0,0,1652000000,9686900000,3799700000,327400000,327400000,0.26,0.26,0,552100000,-361700000,-32800000,157600000,488000000,304200000,14.75,17.38,12.12,0.092,0.0406,8.51,1.82,21.07,1.62,0.3146,0.8951,0.4433,0.062,0.66,0.19,0.7927
2002-12-31,1268809982,1268809982,1,23970500000,1715400000,13689600000,2422300000,10280900000,0,0,1559800000,9703600000,3899200000,-343800000,-343800000,-0.27,-0.27,0.24,686400000,-856600000,77200000,-93000000,330400000,717400000,17.56,19.95,15.17,0.0875,0.0384,8.1,2.1,15.01,1.62,0.3408,0.9438,0.4289,0.058,0.66,-0.02,0.7082
2002-09-30,1269312796,1269312796,1,23593500000,1788900000,12952000000,1865900000,10641500000,0,0,1430300000,9484800000,4047000000,486700000,486700000,0.38,0.38,0,1000500000,-637000000,-416000000,-52500000,423400000,510900000,23.02,28.62,17.42,0.1507,0.0659,8.38,2.83,19.02,1.38,0.017,0.8913,0.451,0.0988,0.67,0.39,0.9587
2002-06-30,1275268714,1275268714,1,23329000000,1950900000,12979400000,2130300000,10349600000,0,0,1376100000,9116300000,3862100000,497500000,497500000,0.39,0.39,0,662600000,-562500000,-61900000,38200000,475900000,404600000,28.86,30.72,27,0.1601,0.0694,8.12,3.83,24.88,1.38,0.1926,0.8808,0.4436,0.1038,0.67,0.2,0.9158
2002-03-31,1271979907,1271979907,1,22195600000,1853900000,12618700000,2263600000,9576900000,0,0,1258100000,8417400000,3597400000,253100000,253100000,0.2,0.2,0,540600000,-410500000,-110500000,19600000,437700000,370900000,27.22,29.06,25.38,0.1588,0.0684,7.53,3.67,21.78,1.38,0.1998,0.8789,0.4315,0.1011,0.68,0.13,0.819
2001-12-31,1281311354,1281311354,1,22534500000,1819300000,13046100000,2248300000,9488400000,0,0,1419800000,8555500000,3771500000,271900000,271900000,0.22,0.2,0.02,616800000,-660700000,-13600000,-57500000,418100000,662500000,27.55,30.1,25,0.1749,0.0747,7.41,3.63,19.96,1.38,0.1845,0.9017,0.4211,0.1101,0.68,-0.04,0.8092
2001-09-30,1285442236,1285442236,1,22305300000,1769900000,12540100000,1671800000,9765200000,0,0,1400000000,8685300000,3879300000,545500000,545500000,0.42,0.42,0.215,988100000,-432400000,-493400000,62300000,475600000,412300000,28.5,31,26,0.1956,0.0837,7.6,3.97,20.8,1.36,0.1521,0.8894,0.4378,0.1237,0.68,0.45,1.0587
2001-06-30,1287156129,1287156129,1,21385700000,1667900000,12142200000,1679900000,9243500000,0,0,1400000000,8194000000,3707500000,440900000,440900000,0.34,0.34,0,577000000,-485000000,-81700000,10300000,413300000,482800000,28.18,30.96,25.39,0.2012,0.0852,7.18,4.08,19.85,1.15,0.1549,0.8865,0.4322,0.125,0.68,0.07,0.9929
2001-03-31,1293286965,1293286965,1,21449200000,1667400000,12518400000,2270400000,8930800000,0,0,1400000000,7875900000,3511700000,378300000,378300000,0.29,0.29,0,506400000,-490100000,-35000000,-18700000,403000000,348600000,29.91,35.06,24.75,0.212,0.0894,6.91,4.24,20.49,1.15,0.148,0.8819,0.4164,0.1322,0.68,0.12,0.7344
2000-12-31,1304900478,1304900478,1,21683500000,1662400000,12479100000,2360900000,9204400000,0,0,1443400000,7843900000,3589600000,452000000,452000000,0.33,0.33,0,615400000,-754100000,210400000,71700000,421700000,644100000,31.03,34.5,27.56,0.2172,0.0935,7.05,4.62,21.11,1.15,0.1426,0.8522,0.4245,0.1388,0.67,-0.02,0.7041
2000-09-30,1311305786,1311305786,1,20882600000,1585300000,12076500000,3348000000,8806100000,0,0,1400000000,6191500000,3749000000,548500000,548500000,0.42,0.41,0.215,801200000,-495300000,-367000000,-61100000,350000000,446700000,30.31,34.25,26.38,0.2183,0.0959,6.72,4.45,20.9,1.15,0.1737,0.7031,0.4217,0.1434,0.67,0.27,0.4735
2000-06-30,1320703030,1320703030,1,21210900000,1675100000,12211800000,3690400000,8999100000,0,0,1400000000,5786300000,3560600000,525900000,525900000,0.4,0.39,0,667800000,-545800000,-78900000,43100000,411100000,475600000,35.47,39.94,31,0.2135,0.096,6.81,5.04,24.8,0.93,0.0666,0.643,0.4243,0.146,0.66,0.15,0.4539
2000-03-31,1336234747,1336234747,1,20830100000,1505000000,11419000000,2768800000,9411100000,0,0,1400000000,6131200000,3343800000,450900000,450900000,0.34,0.33,0,667100000,-417400000,-301200000,-51500000,368000000,378700000,36.72,43.63,29.81,0.2123,0.0972,7.04,5.14,26.42,0.93,0.0999,0.6515,0.4518,0.1471,0.66,0.22,0.5436
1999-12-31,1349816028,1349816028,1,20983200000,1572300000,11344100000,3274300000,9639100000,0,0,1261800000,5632400000,3372900000,486200000,486200000,0.36,0.34,0.05,635800000,-617300000,-23800000,-5300000,419500000,622100000,43.94,49.56,38.31,0.209,0.0959,7.14,6.27,33.8,0.93,0.1363,0.5843,0.4594,0.1469,0.65,0.01,0.4802
1999-09-30,1354019453,1354019453,1,20466800000,1393600000,10970300000,2354800000,9496500000,0,0,1200000000,6288800000,3444200000,540900000,540900000,0.4,0.39,0.0487,890300000,-680300000,-193000000,17000000,424800000,491700000,42.09,45.25,38.94,0.1951,0.0905,7.01,6.29,33.54,0.88,0.1469,0.6622,0.464,0.1381,0.66,0.29,0.5918
1999-06-30,1354687353,1354687353,1,19845400000,1420500000,10788400000,2230400000,9057000000,0,0,1200000000,6203100000,3407100000,518100000,518100000,0.38,0.37,0.0487,765900000,-320200000,-598100000,-152400000,407800000,417800000,42.41,47.06,37.75,0.1917,0.0889,6.69,6.33,37.37,0.83,0.149,0.6849,0.4564,0.136,0.65,0.26,0.6369
1999-03-31,1357947229,1357947229,1,19923700000,1560900000,10830300000,2610600000,9093400000,0,0,1200000000,6128400000,3035100000,402700000,402700000,0.3,0.29,0.0487,716900000,-644000000,188100000,261000000,560200000,336200000,41.66,47.38,35.94,0.175,0.0818,6.7,5.98,37.7,0.78,0.1613,0.6739,0.4564,0.1257,0.65,0.28,0.5979
1998-12-31,1357952498,1357952498,1,19784400000,1309400000,10319700000,2497100000,9464700000,0,0,973100000,6188600000,3220700000,348500000,348500000,0.26,0.25,0.05,768900000,-548000000,-226000000,-5100000,299200000,529100000,33.94,39.75,28.13,0.1704,0.0813,6.97,5.13,29.51,0.73,0.1594,0.6539,0.4784,0.1248,0.65,0.18,0.5244
1998-09-30,676558644,1353117288,2,19221700000,1250200000,10281700000,2171000000,8940000000,0,0,900000000,6385400000,3215000000,482200000,482200000,0.71,0.69,0.09,802000000,-482500000,-340100000,-20600000,304300000,492700000,32.13,37.5,26.75,0.1803,0.0863,6.61,4.97,28.43,0.68,0.1452,0.7143,0.4651,0.1327,0.65,0.23,0.5759
1998-06-30,684628755,1369257510,2,18849600000,1318500000,9997900000,2045500000,8851700000,0,0,900000000,6082900000,3180800000,357200000,357200000,0.52,0.5,0.09,674000000,-486300000,-216600000,-28900000,324900000,455600000,31.78,35,28.56,0.1755,0.086,6.46,4.79,26.71,0.64,0.1446,0.6872,0.4696,0.1322,0.65,0.16,0.6446
1998-03-31,687430149,1374860298,2,18416200000,1180500000,9294200000,1884000000,9122000000,0,0,900000000,5848500000,2804900000,362200000,362200000,0.53,0.52,0.0825,521400000,-431400000,-77600000,12400000,353800000,401900000,26.22,30.13,22.31,0.185,0.092,6.63,4.07,22.31,0.59,0.1336,0.6411,0.4953,0.1432,0.64,0.09,0.6266
1997-12-31,685853427,1371706854,2,18241500000,1142300000,9389900000,2984500000,8851600000,0,0,827500000,4834100000,2952600000,410900000,410900000,0.59,None,0.08,722100000,-671000000,-19900000,31200000,341400000,667200000,22.93,24.81,21.06,0.1856,0.0925,6.45,3.45,19.6,0.55,0.132,0.5461,0.4852,0.144,0.64,0.04,0.3827
1997-09-30,688777039,1377554078,2,17972200000,1074600000,8807700000,2220800000,9164500000,0,0,834000000,5240300000,3006000000,448900000,448900000,0.65,None,0.08,744400000,-564700000,-171700000,8000000,310200000,487100000,25.1,27.32,22.88,0.1862,0.0936,6.65,3.94,21.73,0.51,0.1281,0.5718,0.5099,0.1456,0.64,0.19,0.4839
1997-06-30,688016711,1376033422,2,17562000000,1076900000,8801700000,2477800000,8760300000,0,0,791600000,4632800000,2832600000,438200000,438200000,0.62,None,0.08,443900000,-492200000,50700000,2400000,302200000,502500000,25.41,27.44,23.38,0.1885,0.095,6.37,4.07,22.29,0.47,0.1292,0.5288,0.4988,0.1479,0.64,-0.04,0.4346
1997-03-31,689826491,1379652982,2,17257700000,1010100000,8640300000,2039800000,8617400000,0,0,773700000,4804100000,2617600000,344500000,344500000,0.49,None,0.075,531900000,-489300000,-72700000,-30100000,299800000,454400000,22.97,24.69,21.25,0.1889,0.0961,6.25,3.65,20.79,0.43,0.1269,0.5575,0.4993,0.1485,0.65,0.06,0.4952
1996-12-31,691919332,1383838664,2,17386000000,1102500000,8667800000,2135300000,8718200000,0,0,747000000,4830100000,2821600000,410000000,410000000,0.58,None,0.07,738500000,-789700000,125600000,74400000,329900000,776100000,23.29,24.69,21.88,0.1873,0.096,6.3,3.8,21.77,0.4,0.1277,0.554,0.5014,0.1472,0.65,-0.03,0.5163
1996-09-30,697713217,1395426434,2,16543100000,955800000,7988700000,1767000000,8554400000,0,0,666900000,4618300000,2773800000,440600000,440600000,0.62,None,0.08,701700000,-726800000,-65100000,-90200000,255500000,614700000,22.5,24.5,20.5,0.1869,0.0963,6.13,3.78,21.63,0.36,0.1317,0.5399,0.5171,0.1463,0.66,0.06,0.5409
1996-06-30,699451640,1398903280,2,16021400000,1021900000,7702300000,1863800000,8319100000,0,0,592300000,4273800000,2665100000,420400000,420400000,0.59,None,0.07,546500000,-559600000,29300000,16200000,345700000,517400000,23.94,25.19,22.69,0.1879,0.0962,5.95,4.19,23.94,0.32,0.1305,0.5137,0.5192,0.1452,0.66,0.02,0.5483
1996-03-31,699250278,1398500556,2,15575900000,933100000,7581900000,2121600000,7994000000,0,0,556000000,3935300000,2426000000,301600000,301600000,0.42,None,0.068,474300000,-494200000,14600000,-5300000,329500000,467100000,24.19,27.13,21.25,0.1888,0.0957,5.72,4.31,24.56,0.29,0.1339,0.4923,0.5132,0.144,0.66,0.01,0.4398
1995-12-31,700433950,1400867900,2,15414600000,955800000,7553300000,1794900000,7861300000,0,0,534800000,4257800000,2585500000,366800000,366800000,0.51,None,0.07,676000000,-680600000,21800000,17200000,334800000,683000000,21.44,24,18.88,0.1907,0.0965,5.61,3.97,22.69,0.25,0.1317,0.5416,0.51,0.1457,0.66,-0,0.5325
1995-09-30,696278630,1392557260,2,14901700000,913300000,7368400000,1937700000,7514300000,19000000,0,528300000,3978700000,2580100000,400100000,400100000,0.56,None,0.07,677900000,-571200000,-108100000,-1400000,317600000,587800000,19.34,20.75,17.94,0.1891,0.0955,5.4,3.67,21.37,0.22,0.1319,0.5295,0.5043,0.1445,0.66,0.06,0.4713
1995-06-30,693998345,1387996690,2,14657500000,946800000,7285600000,1886400000,7319100000,52800000,0,523400000,3976700000,2467600000,379700000,379700000,0.51,None,0.07,536500000,-509500000,93800000,120800000,319000000,445200000,18.25,19.63,16.88,0.1871,0.0947,5.27,3.5,20.98,0.18,0.1318,0.5433,0.4993,0.1446,0.66,0.07,0.5019
1995-03-31,694787230,1389574460,2,14213500000,740200000,6966900000,1558500000,7246600000,0,0,518400000,3986400000,2161300000,280700000,280700000,0.39,None,0.06,405800000,-347700000,-39800000,18300000,198200000,347700000,16.09,17.88,14.31,0.1839,None,5.21,3.24,19.21,0.15,0.1327,0.5501,0.5098,0.1453,0.65,0.04,0.4749
1994-12-31,694054537,1388109074,2,13591900000,740700000,6227500000,2451300000,6885400000,479000000,0,483100000,2935400000,2270100000,308900000,308900000,0.43,None,0.06,610400000,-504700000,-106300000,-600000,179900000,516000000,13.94,14.94,12.94,0.1837,None,4.96,2.89,None,0.12,0.1338,0.4263,0.5066,0.1471,0.64,0.07,0.3022
1994-09-30,698514915,1397029830,2,13236800000,740800000,6432400000,2043600000,6745600000,58800000,0,456300000,3144800000,2225400000,349800000,349800000,0.48,None,0.06,546700000,-415500000,-98100000,33100000,180500000,401900000,13.85,14.88,12.81,None,None,4.83,2.97,None,0.09,None,0.4662,0.5096,None,None,0.1,0.3625
1994-06-30,702541408,1405082816,2,12776200000,660400000,6153400000,1916900000,6564000000,58800000,0,447400000,3021600000,2029300000,322300000,322300000,0.44,None,0.06,392300000,-328800000,-84200000,-20700000,147400000,360500000,14.75,15.69,13.81,None,None,4.67,3.23,None,0.06,None,0.4603,0.5138,None,None,0.02,0.3445
1994-03-31,353869989,1415479956,4,12183100000,619600000,5720300000,955800000,6462800000,0,0,442500000,3560000000,1796000000,243400000,243400000,0.65,None,0.1076,376800000,-256900000,-137600000,-17700000,168100000,260200000,14.63,15.63,13.63,None,None,4.57,3.3,None,0.03,None,0.5508,0.5305,None,None,0.08,0.6483
1993-12-31,353866072,1415464288,4,12035200000,662800000,5761100000,1102000000,6274100000,0,0,415700000,3489400000,None,None,None,None,None,0,None,None,None,None,185800000,0,13.78,14.75,12.81,None,None,4.43,None,None,0,None,0.5562,0.5213,None,None,None,0.6015
