"Quarter end","Shares","Shares split adjusted","Split factor","Assets","Current Assets","Liabilities","Current Liabilities","Shareholders equity","Non-controlling interest","Preferred equity","Goodwill & intangibles","Long-term debt","Revenue","Earnings","Earnings available for common stockholders","EPS basic","EPS diluted","Dividend per share","Cash from operating activities","Cash from investing activities","Cash from financing activities","Cash change during period","Cash at end of period","Capital expenditures","Price","Price high","Price low","ROE","ROA","Book value of equity per share","P/B ratio","P/E ratio","Cumulative dividends per share","Dividend payout ratio","Long-term debt to equity ratio","Equity to assets ratio","Net margin","Asset turnover","Free cash flow per share","Current ratio"
2019-03-31,662618001,662618001,1,96436000000,18151000000,52574000000,15147000000,33951000000,9911000000,0,20229000000,27565000000,28615000000,-7000000,-7000000,-0.01,-0.01,0.53,1623000000,-1520000000,-920000000,-817000000,908000000,1241000000,62.81,68.74,56.88,0.1102,0.0372,51.24,1.2,11.83,8.78,0.4338,0.8119,0.3521,0.0257,1.45,0.58,1.1983
2018-12-31,673619190,673619190,1,92940000000,18023000000,47887000000,13216000000,35175000000,9878000000,0,23498000000,26980000000,32333000000,951000000,951000000,1.38,1.34,0.46,2727000000,-4775000000,-1222000000,-3270000000,1725000000,-1348000000,70.42,86.56,54.29,0.1385,0.0448,52.22,3.21,8.74,8.25,0.377,0.767,0.3785,0.0287,1.56,6.05,1.3637
2018-09-30,690853526,690853526,1,53031000000,15873000000,32997000000,9634000000,15166000000,4868000000,0,3713000000,18423000000,23132000000,737000000,737000000,1.63,1.62,0.46,1182000000,-1377000000,186000000,-9000000,4995000000,1794000000,78.31,88.45,68.18,0.2598,0.0753,21.95,2.36,9.54,7.79,0.2416,1.2148,0.286,0.0449,1.68,-0.89,1.6476
2018-06-30,451004632,451004632,1,51736000000,15548000000,31915000000,9715000000,14958000000,4863000000,0,3586000000,17241000000,22445000000,1055000000,1054000000,2.3,2.27,0.46,2386000000,-740000000,-1299000000,347000000,5004000000,1629000000,76.18,83.33,69.03,0.2817,0.081,33.17,2.35,11.09,7.33,0.201,1.1526,0.2891,0.049,1.65,1.68,1.6004
2018-03-31,461878776,461878776,1,50364000000,14525000000,30501000000,8372000000,14988000000,4875000000,0,3586000000,17232000000,18984000000,37000000,37000000,0.08,0.08,0.46,-137000000,-778000000,2557000000,1642000000,4657000000,1503000000,68.19,74.92,61.46,0.2519,0.0718,32.45,2.31,9.95,6.87,0.2271,1.1497,0.2976,0.0442,1.62,-3.55,1.7349
2017-12-31,476059729,476059729,1,49047000000,13401000000,27219000000,10478000000,14033000000,7795000000,0,4312000000,12322000000,21055000000,2016000000,2014000000,4.14,4.09,0.4,2746000000,-779000000,-1044000000,923000000,3011000000,1760000000,61.16,67.07,55.25,0.2605,0.0734,29.48,2.31,19.17,6.41,0.2201,0.8781,0.2861,0.0456,1.61,2.07,1.279
2017-09-30,488412170,488412170,1,46806000000,11631000000,26004000000,7647000000,12930000000,7872000000,0,3586000000,12753000000,19386000000,903000000,903000000,1.79,1.77,0.4,1901000000,-603000000,-660000000,638000000,2088000000,1454000000,53.05,56.81,49.3,0.1259,0.036,26.47,2.13,31.39,6.01,0.4591,0.9863,0.2762,0.023,1.56,0.92,1.521
2017-06-30,506253878,506253878,1,45447000000,10443000000,24883000000,6758000000,12636000000,7928000000,0,3586000000,12577000000,18354000000,483000000,483000000,0.94,0.93,0.36,849000000,-656000000,-910000000,-717000000,1450000000,1439000000,51.49,55.2,47.78,0.0672,0.0198,24.96,2.04,22.68,5.61,0.8463,0.9953,0.278,0.0166,1.19,-1.17,1.5453
2017-03-31,518737401,518737401,1,45821000000,11042000000,25024000000,6866000000,13070000000,7727000000,0,3586000000,12570000000,16393000000,30000000,30000000,0.06,0.06,0.36,1113000000,-1356000000,1523000000,1280000000,2167000000,1935000000,50.73,54.59,46.88,0.0898,0.0271,25.2,1.97,22.95,5.25,0.6123,0.9617,0.2852,0.0332,0.81,-1.58,1.6082
2016-12-31,527782929,527782929,1,44413000000,10401000000,23210000000,7146000000,13557000000,7646000000,0,4312000000,10544000000,17155000000,227000000,227000000,0.43,0.43,0.36,991000000,-724000000,-89000000,178000000,887000000,1582000000,45.58,51.15,40.01,0.088,0.0271,25.69,1.8,21.3,4.89,0.6128,0.7778,0.3052,0.056,0.48,-1.12,1.4555
2016-09-30,527815189,527815189,1,43293000000,9545000000,22336000000,6340000000,13395000000,7562000000,0,3648000000,10538000000,1338000000,145000000,145000000,0.28,0.27,0.36,405000000,-721000000,-729000000,-1045000000,709000000,1477000000,39.86,44.56,35.16,0.0854,0.0263,25.38,1.56,10.98,4.53,0.6167,0.7867,0.3094,0.0157,1.68,-2.03,1.5055
2016-06-30,528759847,528759847,1,44133000000,10304000000,23205000000,6782000000,13490000000,7438000000,0,3648000000,11032000000,1287000000,801000000,800000000,1.51,1.51,0.32,2263000000,-769000000,-48000000,1446000000,1754000000,1473000000,37.64,43.26,32.02,0.149,0.0487,25.51,1.55,10.37,4.17,0.3509,0.8178,0.3057,0.0268,1.81,1.49,1.5193
2016-03-31,529834884,529834884,1,41758000000,8097000000,22264000000,5595000000,12902000000,6592000000,0,3649000000,11351000000,1152000000,1000000,1000000,0,0,0.32,327000000,-727000000,-419000000,-819000000,308000000,1429000000,40.03,51.83,28.24,0.1565,0.0539,24.35,1.6,7.62,3.85,0.3285,0.8798,0.309,0.0272,1.98,-2.08,1.4472
2015-12-31,529227453,529227453,1,43115000000,9471000000,23440000000,6345000000,13237000000,6438000000,0,4738000000,11896000000,68382000000,187000000,186000000,0.35,0.36,0.32,808000000,-2013000000,288000000,-917000000,1127000000,15522000000,53.01,59.99,46.03,0.2349,0.0851,25.01,2.3,8.39,3.53,0.2141,0.8987,0.307,0.0395,2.15,-27.8,1.4927
2015-09-30,532974077,532974077,1,30161000000,10861000000,17236000000,7686000000,12277000000,648000000,0,1565000000,5912000000,1294000000,948000000,947000000,1.77,1.76,0.32,1069000000,-572000000,-334000000,163000000,2044000000,1098000000,51.9,60.38,43.42,0.3006,0.114,23.03,2.39,9.04,3.21,0.1668,0.4816,0.407,0.0349,3.26,-0.05,1.4131
2015-06-30,536156786,536156786,1,30653000000,11431000000,18363000000,8725000000,11643000000,647000000,0,1566000000,5918000000,1264000000,826000000,825000000,1.52,1.51,0.25,994000000,-468000000,-723000000,-197000000,1881000000,888000000,50.74,53.07,48.41,0.2855,0.1036,21.72,2.43,8.89,2.89,0.1717,0.5083,0.3798,0.0323,3.21,0.2,1.3101
2015-03-31,271637136,543274272,2,30182000000,11053000000,18202000000,8346000000,11338000000,642000000,0,1566000000,5967000000,1111000000,891000000,890000000,3.26,3.24,0.5,1190000000,-388000000,-218000000,584000000,2078000000,773000000,45.89,54.16,37.62,0.2949,0.1057,20.87,2.33,10.38,2.64,0.1655,0.5263,0.3757,0.0327,3.23,0.77,1.3243
2014-12-31,273062880,546125760,2,30460000000,11339000000,19070000000,8579000000,10751000000,639000000,0,1566000000,6610000000,95395000000,798000000,796000000,2.87,2.86,0.5,388000000,-519000000,-229000000,-360000000,1494000000,1254000000,43.14,48.97,37.32,0.2368,0.0836,19.69,2.23,10.72,2.39,0.2051,0.6148,0.353,0.0258,3.24,-1.59,1.3217
2014-09-30,280192743,560385486,2,31705000000,12887000000,20439000000,10372000000,10849000000,417000000,0,1537000000,6238000000,870000000,672000000,671000000,2.38,2.36,0.5,1078000000,-3343000000,1994000000,-271000000,1854000000,3661000000,42.15,46.45,37.84,0.2198,0.0793,19.36,2.25,13.53,2.14,0.2147,0.575,0.3422,0.0234,3.38,-4.61,1.2425
2014-06-30,283325153,566650306,2,29376000000,13596000000,18339000000,11055000000,10620000000,417000000,0,937000000,3612000000,830000000,855000000,854000000,2.97,2.95,0.42,878000000,-321000000,-598000000,-41000000,2125000000,665000000,43.91,48.85,38.97,0.1727,0.0638,18.74,2.45,17.19,1.89,0.2658,0.3401,0.3615,0.0184,3.46,0.38,1.2299
2014-03-31,288632472,577264944,2,29159000000,13448000000,18401000000,10846000000,10344000000,414000000,0,938000000,3635000000,722000000,199000000,199000000,0.68,0.67,0.42,766000000,-360000000,-532000000,-126000000,2166000000,638000000,43.89,47.44,40.34,0.1442,0.0546,17.92,2.37,13.28,1.68,0.3038,0.3514,0.3547,0.0158,3.45,0.22,1.2399
2013-12-31,294564231,589128462,2,28385000000,12737000000,17053000000,9824000000,10920000000,412000000,0,938000000,3373000000,97800000000,626000000,624000000,2.09,2.07,0.42,1355000000,-505000000,-576000000,274000000,2292000000,994000000,38.32,45.98,30.66,0.1851,0.0717,18.54,2.13,11.3,1.47,0.2246,0.3089,0.3847,0.021,3.4,0.61,1.2965
2013-09-30,301026678,602053356,2,29003000000,13531000000,17739000000,10401000000,10851000000,413000000,0,938000000,3380000000,843000000,168000000,168000000,0.54,0.54,0.42,407000000,-333000000,-1125000000,-1051000000,2018000000,720000000,34.77,38.29,31.25,0.1932,0.0768,18.02,1.85,7.07,1.26,0.2081,0.3115,0.3741,0.0971,0.79,-0.52,1.3009
2013-06-30,313074196,626148392,2,29695000000,14252000000,17498000000,10241000000,11784000000,413000000,0,938000000,3387000000,806000000,593000000,592000000,1.84,1.83,0.35,-436000000,-236000000,-996000000,-1668000000,3069000000,2086000000,39.97,45.27,34.66,0.2805,0.1154,18.82,2.16,7.7,1.05,0.1391,0.2874,0.3968,0.0761,1.51,-4.03,1.3917
2013-03-31,324787372,649574744,2,30773000000,15297000000,18361000000,10728000000,12000000000,412000000,0,930000000,3394000000,711000000,725000000,724000000,2.19,2.17,0.35,2079000000,-1682000000,-520000000,-123000000,4737000000,195000000,38.2,46.37,30.02,0.3088,0.1288,18.47,2.17,7.71,0.88,0.1233,0.2828,0.39,0.056,2.3,2.9,1.4259
2012-12-31,331433926,662867852,2,27223000000,13029000000,15118000000,8203000000,11694000000,411000000,0,930000000,3342000000,20688000000,755000000,754000000,2.26,2.24,0.35,2043000000,-419000000,-151000000,1473000000,4860000000,403000000,28.95,31.72,26.18,0.3169,0.1306,17.64,1.71,None,0.7,0.1196,0.2858,0.4296,0.0411,3.17,2.47,1.5883
2012-09-30,339183110,678366220,2,26583000000,12516000000,15116000000,8308000000,11467000000,0,0,930000000,3329000000,21048000000,1224000000,1222000000,3.61,3.59,0.35,1833000000,-235000000,-106000000,1492000000,3387000000,331000000,24.7,28.11,21.3,None,None,16.9,1.62,None,0.52,None,0.2903,0.4314,None,None,2.21,1.5065
2012-06-30,338297004,676594008,2,24681000000,10706000000,14355000000,7568000000,10326000000,0,0,925000000,3316000000,20242000000,814000000,812000000,2.39,2.38,0.25,269000000,-487000000,-92000000,-310000000,1895000000,326000000,19.75,22.68,16.83,None,None,15.26,1.46,None,0.35,None,0.3211,0.4184,None,None,-0.08,1.4146
2012-03-31,340722047,681444094,2,25306000000,11580000000,16090000000,9201000000,9216000000,0,0,842000000,3304000000,20265000000,596000000,595000000,1.71,1.7,0.25,347000000,-311000000,-910000000,-874000000,2205000000,309000000,18.91,22.71,15.12,None,None,13.52,1.38,None,0.23,None,0.3585,0.3642,None,None,0.06,1.2586
2011-12-31,347614133,695228266,2,25745000000,12001000000,16240000000,9591000000,9505000000,0,0,842000000,3292000000,None,None,None,None,None,0,638000000,-340000000,-176000000,122000000,3079000000,341000000,16.54,19.77,13.3,None,None,13.67,1.17,None,0.1,None,0.3463,0.3692,None,None,0.43,1.2513
2011-09-30,356518305,713036610,2,25225000000,11669000000,15176000000,8612000000,10049000000,0,0,842000000,3285000000,20616000000,1133000000,1133000000,3.18,3.16,0.2,1719000000,-309000000,-75000000,1335000000,2957000000,327000000,18.45,23.71,13.18,None,None,14.09,1.47,None,0.1,None,0.3269,0.3984,None,None,1.95,1.355
2011-06-30,356497553,712995106,2,23964000000,10513000000,14987000000,8549000000,8977000000,0,0,842000000,3262000000,20760000000,802000000,802000000,2.25,2.24,0,None,None,None,None,1622000000,0,None,None,None,None,None,12.59,None,None,0,None,0.3634,0.3746,None,None,None,1.2297
