"Quarter end","Shares","Shares split adjusted","Split factor","Assets","Current Assets","Liabilities","Current Liabilities","Shareholders equity","Non-controlling interest","Preferred equity","Goodwill & intangibles","Long-term debt","Revenue","Earnings","Earnings available for common stockholders","EPS basic","EPS diluted","Dividend per share","Cash from operating activities","Cash from investing activities","Cash from financing activities","Cash change during period","Cash at end of period","Capital expenditures","Price","Price high","Price low","ROE","ROA","Book value of equity per share","P/B ratio","P/E ratio","Cumulative dividends per share","Dividend payout ratio","Long-term debt to equity ratio","Equity to assets ratio","Net margin","Asset turnover","Free cash flow per share","Current ratio"
2019-03-31,61474682,61474682,1,42237000000,None,36765300000,None,5440600000,31100000,2900000,2937700000,2006600000,2435600000,165700000,165700000,2.57,2.52,0.6,246700000,-447200000,220900000,20200000,1274200000,32400000,96.62,104.93,88.31,0.0835,0.0073,88.45,1.17,23.51,15.08,0.327,0.369,0.1287,0.0497,0.21,3.49,None
2018-12-31,61696055,61696055,1,41089300000,None,35955400000,None,5112000000,21900000,2900000,622400000,2006000000,2317000000,159000000,159000000,0.28,0.3,0.6,202100000,-298100000,47600000,-52600000,1254000000,23800000,95.61,108.9,82.31,0.0756,0.0063,82.81,1.14,9.96,14.48,0.3589,0.3926,0.1243,0.0472,0.2,2.89,None
2018-09-30,62053935,62053935,1,43443100000,None,38203400000,None,5219400000,20300000,2900000,0,2000000000,2270300000,53000000,53000000,0.76,0.76,0.56,282300000,-389600000,145900000,30600000,1306600000,20800000,105.79,111.43,100.15,0.1108,0.0108,84.06,1.25,13.58,13.88,0.2412,0.3834,0.1201,0.072,0.2,4.21,None
2018-06-30,62839361,62839361,1,42361300000,None,37028400000,None,5312500000,20400000,2900000,0,2000000000,1831700000,-67000000,62200000,1.09,1.09,0.56,248000000,-1593900000,300500000,-1066000000,1253700000,21600000,95.44,105.99,84.88,0.0931,0.0085,84.49,1.12,10.77,13.32,0.2893,0.3767,0.1253,0.0629,0.19,3.6,None
2018-03-31,52689972,52689972,1,32427900000,None,27926900000,None,4489800000,11200000,2900000,1198900000,2004400000,1638600000,106000000,106000000,1.99,1.96,0.56,-75700000,79100000,1344000000,1345200000,2342000000,16500000,92.91,101.47,84.34,0.1126,0.0152,85.16,1.14,9.85,12.76,0.2407,0.4467,0.1384,0.0741,0.21,-1.75,None
2017-12-31,52475408,52475408,1,31843000000,None,27561500000,None,4270600000,10900000,0,2100000,1068200000,1676600000,312900000,312900000,5.8,5.79,0.56,164000000,-299200000,143000000,4000000,996800000,-7500000,98.55,101.8,95.29,0.1238,0.0168,81.38,1.28,23.52,12.2,0.2223,0.2501,0.1341,0.081,0.21,3.27,None
2017-09-30,53811707,53811707,1,32405200000,None,28267000000,None,4138200000,0,0,1222600000,1067900000,1586400000,-57300000,-57300000,-1.05,-1.05,0.53,366700000,-245700000,22600000,144600000,992800000,12300000,97,106.27,87.74,0.0573,0.0078,76.9,1.24,12.75,11.64,0.4857,0.2581,0.1277,0.0367,0.21,6.59,None
2017-06-30,53886783,53886783,1,30058900000,None,25834300000,None,4224600000,0,0,1222000000,1136600000,1600500000,120200000,120200000,2.18,2.16,0.53,-24500000,62500000,-64600000,-26300000,848200000,16300000,98.99,105.3,92.68,0.1035,0.0147,78.4,1.3,12.15,11.11,0.2629,0.269,0.1405,0.0652,0.23,-0.76,None
2017-03-31,54787998,54787998,1,29567700000,None,25408900000,None,4158800000,0,0,1224500000,1067300000,1551500000,143800000,143800000,2.56,2.53,0.53,24200000,-58800000,-127700000,-157500000,874500000,14800000,95.65,100.85,90.45,0.1126,0.0164,75.91,1.3,10.68,10.58,0.2396,0.2566,0.1407,0.0705,0.23,0.17,None
2016-12-31,55636312,55636312,1,29709128000,None,25611028000,None,4098100000,0,0,1071266000,1067020000,1752292000,31316000,31316000,0.55,0.55,0.53,177581000,94356000,-345892000,-84652000,1031971000,18442000,86.23,93.74,78.72,0.1272,0.0188,73.66,1.09,9.2,10.05,0.2106,0.2604,0.1379,0.0751,0.25,2.86,None
2016-09-30,57012647,57012647,1,30283836000,None,25778922000,None,4504914000,0,0,1102965000,1165557000,1834168000,144367000,144367000,2.4,2.37,0.5,None,None,None,-110193000,1116623000,19070000,87.63,92.25,83.01,0.1318,0.0199,79.02,1.14,12.7,9.52,0.2034,0.2587,0.1488,0.072,0.28,None,None
2016-06-30,60204445,60204445,1,29804213000,None,25196142000,None,4608071000,0,0,1084592000,1165255000,1797793000,169349000,169349000,2.72,2.7,0.5,37325000,-387353000,-476231000,-828141000,1232674000,24971000,82.88,88.67,77.09,0.0976,0.0149,76.54,1.12,17.75,9.02,0.2525,0.2529,0.1546,0.0497,0.3,0.21,None
2016-03-31,61936907,61936907,1,30287195000,None,25722550000,None,4564645000,0,0,1113897000,1414704000,2147527000,220318000,220318000,3.38,3.34,0.5,-339030000,1132988000,-26792000,772510000,2060815000,22750000,73.77,81.31,66.23,0.0671,0.0102,73.7,1.06,36.16,8.52,0.3308,0.3099,0.1507,0.0316,0.32,-5.84,None
2015-12-31,64777357,64777357,1,30043128000,None,25519161000,None,4523967000,0,0,1110675000,0,2547834000,65744000,65744000,0.98,0.96,0.5,-274902000,193919000,-161795000,-255631000,1288305000,25463000,82.53,86.81,78.25,0.0295,0.0046,69.84,1.16,46.63,8.02,0.6395,0,0.1506,0.0137,0.34,-4.64,None
2015-09-30,65839094,65839094,1,30586091000,None,25902492000,None,4683599000,0,0,1141964000,0,2534156000,-7022000,-7022000,-0.1,-0.1,0.3,None,None,None,246500000,1543936000,27182000,73.87,79.6,68.14,0.0253,0.0041,71.14,1.02,19.49,7.52,0.6111,0,0.1531,0.0121,0.34,None,None
2015-06-30,66818458,66818458,1,30842082000,None,26014122000,None,4827960000,0,0,1174572000,0,2644894000,32789000,32789000,0.48,0.47,0.3,None,None,None,232271000,1297436000,40094000,64.37,68.87,59.86,0.0533,0.0088,72.25,0.85,12.21,7.22,0.2783,0,0.1565,0.0258,0.34,None,None
2015-03-31,67916445,67916445,1,30800356000,None,25672144000,None,5128212000,0,0,1159902000,0,2598610000,50044000,50044000,0.72,0.71,0.27,-177666000,54015000,-104350000,-253491000,1065165000,22157000,63.99,67.77,60.22,0.0731,0.0124,75.51,0.85,9.97,6.92,0.1959,0,0.1665,0.0364,0.34,-2.94,None
2014-12-31,68865622,68865622,1,31562466000,None,26381159000,None,5181307000,0,0,1223199000,0,2622692000,49755000,49755000,0.7,0.69,0.27,None,None,None,-92610000,1318656000,24724000,65.16,69.52,60.81,0.0898,0.0154,75.24,0.86,9.06,6.65,0.1587,0,0.1642,0.0454,0.34,None,None
2014-09-30,70255038,70255038,1,30673129000,None,25330566000,None,5342563000,0,0,1185839000,0,2702488000,140297000,140297000,1.94,1.92,0.27,252896000,-178123000,-52495000,12396000,1411266000,28012000,65.1,66.84,63.36,0.1028,0.0176,76.05,0.87,9.37,6.38,0.1397,0,0.1742,0.0522,0.34,3.2,None
2014-06-30,71379490,71379490,1,30617173000,None,25267466000,None,5349707000,0,0,1175165000,0,2608101000,143610000,143610000,1.98,1.95,0.27,134590000,225732000,-71611000,292958000,1398870000,17762000,57.19,69.39,44.98,0.1034,0.0174,74.95,0.8,8.54,6.11,0.1413,0,0.1747,0.0534,0.33,1.64,None
2014-03-31,71642538,71642538,1,29668385000,None,24572097000,None,5096288000,0,0,1130691000,0,2448372000,137245000,137245000,1.88,1.86,0.25,127178000,-191137000,-534188000,-611272000,1105912000,13105000,66.15,68.7,63.6,0.1042,0.0173,71.13,0.98,10.5,5.84,0.1431,0,0.1718,0.0544,0.32,1.59,None
2013-12-31,71642824,71642824,1,29714689000,None,24881210000,None,4833479000,0,0,1139197000,0,2400618000,108816000,108816000,1.49,1.46,0.25,303523000,248853000,-113006000,430487000,1717184000,18807000,60.27,66.37,54.16,0.0997,0.0167,67.47,0.92,11.68,5.59,0.1452,0,0.1627,0.054,0.31,3.97,None
2013-09-30,72716952,72716952,1,29348585000,None,24565666000,None,4782919000,0,0,966236000,0,2258650000,128788000,128788000,1.7,1.68,0.25,450376000,-297989000,-133792000,16302000,1286697000,11616000,53.29,56.15,50.43,0.0811,0.0139,65.77,0.83,10.66,5.34,0.1719,0,0.163,0.046,0.3,6.03,None
2013-06-30,74967572,74967572,1,28728795000,None,23932909000,None,4795886000,0,0,910721000,0,2237766000,133523000,133523000,1.72,1.7,0.25,221981000,-325091000,-226675000,-334230000,1270395000,10191000,48.4,51.82,44.98,0.0789,0.014,63.97,0.72,9.24,5.09,0.1689,0,0.1669,0.0463,0.3,2.83,None
2013-03-31,76991219,76991219,1,29481540000,None,24274935000,None,5206605000,0,0,934723000,0,2150623000,117780000,117780000,1.47,1.46,0.21,51681000,-18511000,670172000,695221000,1604625000,11712000,40.09,45.01,35.17,0.0849,0.0154,67.63,0.61,7.17,4.84,0.1512,0,0.1766,0.051,0.3,0.52,None
2012-12-31,78809750,78809750,1,28946607000,None,23761241000,None,5185366000,0,0,903708000,0,2160976000,24987000,24987000,0.31,0.32,0.21,250539000,-351592000,-58533000,-163102000,909404000,16415000,37.41,41,33.83,0.0948,0.0173,65.8,0.56,5.35,4.63,0.1355,0,0.1791,0.0569,0.3,2.97,None
2012-09-30,78708346,78708346,1,28169623000,None,22940010000,None,5229613000,0,0,910887000,0,2145080000,126288000,126288000,1.54,1.52,0.21,243627000,-168284000,-7272000,67412000,1072506000,10553000,35.61,38.16,33.06,0.1226,0.0226,66.44,0.57,5.69,4.42,0.1043,0,0.1856,0.0734,0.31,2.96,None
2012-06-30,81084645,81084645,1,27243589000,None,22210021000,None,5033568000,0,0,919423000,0,2129290000,169170000,169170000,1.96,1.94,0.21,184511000,51417000,-292536000,-59721000,1106992000,22363000,36.69,40.8,32.57,0.1139,0.0211,62.08,0.63,6.11,4.21,0.1135,0,0.1848,0.0681,0.31,2,None
2012-03-31,85750281,85750281,1,27254868000,None,22289978000,None,4964890000,0,0,943709000,0,2072924000,163260000,163260000,1.84,1.81,0.18,1021000,18576000,-122300000,-101898000,1064815000,7126000,41.22,44.39,38.05,0.1141,0.021,57.9,0.72,7.39,4,0.1142,0,0.1822,0.0683,0.31,-0.07,None
2011-12-31,87501215,87501215,1,27115445000,None,22088509000,None,5026936000,0,0,942929000,0,2111531000,162255000,162255000,1.75,1.72,0.18,345613000,-51129000,-186691000,107190000,1166713000,10594000,37.73,41.38,34.07,0.111,0.0203,57.45,0.69,17.8,3.82,0.1187,0,0.1854,0.066,0.31,3.83,None
2011-09-30,92108357,92108357,1,26774000000,None,21759528000,None,5014472000,0,0,945405000,0,2061715000,75983000,75983000,0.8,0.79,0.18,185940000,-162265000,-91511000,-75576000,1059523000,8112000,33.94,36.64,31.23,0.041,0.0075,54.44,0.66,12.9,3.64,0.3264,0,0.1873,0.0241,0.31,1.93,None
2011-06-30,94467970,94467970,1,26779755000,None,21903779000,None,4875976000,0,0,989321000,0,2062887000,165860000,165860000,1.7,1.68,0.18,140125000,183256000,-127576000,194665000,1135099000,10828000,37.25,40.03,34.48,0.0536,0.0099,51.62,0.76,15.46,3.46,0.2472,0,0.1821,0.0318,0.31,1.37,None
2011-03-31,96506929,96506929,1,26697375000,None,21949982000,None,4747393000,0,0,927837000,0,2036671000,141741000,141741000,1.4,1.39,0.16,183626000,-166450000,-231070000,-210082000,940434000,6213000,39.77,41.71,37.83,0.0529,0.0099,49.19,0.83,16.85,3.28,0.2485,0,0.1778,0.0314,0.32,1.84,None
2010-12-31,99936080,99936080,1,26397018000,None,21616481000,None,4780537000,0,0,619779000,0,2105601000,-184391000,-184391000,-1.74,-1.74,0.16,75281000,91612000,-185916000,-17791000,1150516000,9111000,37.65,41.87,33.43,0.0554,0.0106,47.84,0.75,8.96,3.12,0.2395,0,0.1811,0.0327,0.32,0.66,None
2010-09-30,106553898,106553898,1,26845334000,None,21478793000,None,5366541000,0,0,926195000,0,2113971000,141670000,141670000,1.31,1.3,0.16,147177000,87365000,-73268000,164584000,1168307000,14268000,37.59,41.24,33.95,0.094,0.0181,50.36,0.79,9.12,2.96,0.1437,0,0.1999,0.0553,0.33,1.25,None
2010-06-30,106541540,106541540,1,26115330000,None,21077162000,None,5038168000,0,0,924426000,0,2140294000,164675000,164675000,1.47,1.46,0.16,196391000,119128000,-241594000,71182000,1003723000,14636000,35.24,38.01,32.47,0.0968,0.0184,47.29,0.79,8.21,2.8,0.1438,0,0.1929,0.0553,0.33,1.71,None
2010-03-31,111826599,111826599,1,26238814000,None,21265229000,None,4973585000,0,0,924834000,0,2167856000,157223000,157223000,1.35,1.34,0.15,121893000,-306981000,-198695000,-386011000,932541000,13196000,31.84,34.6,29.08,0.1063,0.0198,44.48,0.76,8.77,2.64,0.1369,0,0.1896,0.0578,0.34,0.97,None
2009-12-31,116485888,116485888,1,25841796000,None,20988547000,None,4853249000,0,0,926398000,0,2182142000,11941000,11941000,0.11,0.1,0.15,56886000,19380000,5277000,82701000,1318552000,17519000,31.16,33.37,28.94,0.0968,0.0172,41.66,0.74,6.15,2.49,0.1606,0,0.1878,0.0495,0.35,0.34,None
2009-09-30,116799796,116799796,1,25665578000,None,20762129000,None,4903449000,0,0,1009089000,0,2156873000,144730000,144730000,1.22,1.22,0.15,386796000,116157000,-77315000,426669000,1235851000,10304000,27.07,32.49,21.65,0.1444,0.0243,41.98,0.73,9.33,2.34,0.1134,0,0.1911,0.0688,0.35,3.22,None
2009-06-30,117926517,117926517,1,24822474000,None,20457897000,None,4364577000,0,0,1009394000,0,2273609000,193322000,193322000,1.63,1.63,0.15,90812000,41085000,3510000,144843000,809182000,14913000,25.24,29.6,20.88,0.0891,0.014,37.01,0.81,8.83,2.19,0.1946,0,0.1758,0.0404,0.35,0.64,None
2009-03-31,117753411,117753411,1,23820644000,None,20150322000,None,3670322000,0,0,1005027000,0,2087877000,80581000,80581000,0.68,0.68,0.14,-264569000,-35155000,-74034000,-376345000,664339000,13149000,23.89,31.44,16.34,0.0889,0.0137,31.17,0.76,6.37,2.04,0.1934,0,0.1541,0.0401,0.34,-2.36,None
2008-12-31,117778468,117778468,1,24514586000,None,20805081000,None,3709505000,0,0,1001899000,0,2220608000,182441000,182441000,1.56,1.54,0.14,184764000,-66186000,-115979000,-12995000,1040684000,18321000,34.63,56.75,12.52,0.1127,0.0175,31.5,1.09,10.79,1.9,0.1424,0,0.1513,0.0521,0.34,1.41,None
2008-09-30,117616961,117616961,1,25354315000,None,21622504000,None,3731811000,0,0,840490000,0,1954535000,-111429000,-111429000,-0.95,-0.95,0.14,380711000,-46787000,-229888000,97076000,1053679000,8771000,54.92,71.31,38.52,0.0949,0.0147,31.73,1.53,9.6,1.76,0.1591,0,0.1472,0.0451,0.33,3.16,None
2008-06-30,118594275,118594275,1,26212032000,None,21964552000,None,4247480000,0,0,828743000,0,2248760000,189954000,189954000,1.61,1.59,0.14,-16532000,-26119000,-22390000,-63991000,956603000,14033000,65.63,70.87,60.39,0.1663,0.0258,35.82,1.84,11.95,1.62,0.0863,0,0.162,0.0782,0.33,-0.26,None
2008-03-31,118226814,118226814,1,26446415000,None,22239200000,None,4207215000,0,0,829039000,0,2177325000,186830000,186830000,1.58,1.57,0.12,450192000,-189911000,-43877000,215630000,1020594000,14204000,63.46,69.17,57.75,0.1649,0.0251,35.59,1.83,11.82,1.48,0.0859,0,0.1591,0.0771,0.32,3.69,None
2007-12-31,118103358,118103358,1,26750316000,None,22661413000,None,4088903000,0,0,832656000,0,2183333000,120818000,120818000,1.02,1,0.12,366722000,-252424000,-125461000,-10183000,804964000,18789000,61.6,69.77,53.43,0.1661,0.025,34.62,1.85,9.64,1.36,0.0837,0,0.1529,0.0773,0.32,2.95,None
2007-09-30,117909170,117909170,1,26568380000,None,22645315000,None,3923065000,0,0,801709000,0,2148192000,187191000,187191000,1.58,1.56,0.12,320682000,-404321000,-114334000,-194924000,815147000,8642000,52.64,60,45.27,0.2028,0.0305,33.27,1.64,8.76,1.24,0.0672,0,0.1477,0.0926,0.33,2.65,None
2007-06-30,119124577,119124577,1,25772955000,None,21958563000,None,3814392000,0,0,791195000,0,2064727000,166280000,166280000,1.38,1.36,0.12,344199000,-28699000,-69772000,250236000,1010071000,13744000,55.67,62.13,49.2,0.1956,0.0296,32.02,1.72,9.58,1.12,0.068,0,0.148,0.0902,0.33,2.77,None
2007-03-31,121012037,121012037,1,25461049000,None,21539788000,None,3921261000,0,0,790545000,0,2057263000,179457000,179457000,1.47,1.45,0.1,171958000,-523141000,122990000,-227837000,759835000,16116000,54.78,57.64,51.93,0.1948,0.0293,32.4,1.75,9.8,1,0.0671,0,0.154,0.0896,0.33,1.29,None
2006-12-31,122346154,122346154,1,25165148000,None,21332551000,None,3832597000,0,0,790519000,0,2207633000,252507000,252507000,2.05,2.02,0.1,313356000,443623000,-418120000,340535000,987672000,17027000,54.48,56.76,52.2,0.1937,0.0289,31.33,1.79,11.87,0.9,0.0662,0,0.1523,0.0889,0.32,2.42,None
2006-09-30,123397749,123397749,1,25023450000,None,21264009000,None,3759441000,0,0,805186000,0,1984079000,151303000,151303000,1.2,1.18,0.1,298084000,-215844000,-108089000,-25849000,647137000,9452000,50.41,54.1,46.73,0.164,0.0242,30.47,1.78,12.15,0.8,0.0759,0,0.1502,0.0777,0.31,2.34,None
2006-06-30,126269272,126269272,1,24532416000,None,20962062000,None,3570354000,0,0,805254000,0,1949090000,151136000,151136000,1.18,1.16,0.1,253480000,-189999000,-50685000,12796000,663501000,11894000,48.4,51.68,45.12,0.1511,0.022,28.28,1.71,12.38,0.7,0.0795,0,0.1455,0.0721,0.31,1.91,None
2006-03-31,128986923,128986923,1,24680684000,None,21027115000,None,3653569000,0,0,804889000,0,1929782000,162472000,162472000,1.25,1.23,0.08,58077000,-122291000,-140650000,-204864000,650705000,11288000,46.3,49.8,42.8,0.142,0.0211,28.33,1.63,13.23,0.6,0.0797,0,0.148,0.0697,0.3,0.36,None
2005-12-31,129959069,129959069,1,25365453000,None,21665894000,None,3699559000,0,0,804864000,0,1881577000,137046000,137046000,1.05,1.02,0.08,390352000,-165984000,-10067000,214301000,855569000,4953000,40.23,44.68,35.79,0.1292,0.0193,28.47,1.44,13.02,0.52,0.0863,0,0.1459,0.0639,0.3,2.97,None
2005-09-30,130897030,130897030,1,25412444000,None,21746642000,None,3665802000,0,0,817828000,0,1879441000,100287000,100287000,0.74,0.74,0.08,435190000,-93857000,-200835000,140498000,641268000,14285000,37.28,38.96,35.6,0.1159,0.0174,28.01,1.31,12.94,0.44,0.0952,0,0.1443,0.0572,0.3,3.22,None
2005-06-30,135504632,135504632,1,24456763000,None,20613341000,None,3843422000,0,0,820501000,0,1874303000,127624000,127624000,0.93,0.92,0.08,111714000,39055000,-125033000,25736000,500770000,8147000,34.16,36.41,31.9,0.1099,0.0166,28.36,1.3,12.99,0.36,0.0995,0,0.1572,0.0541,0.31,0.76,None
2005-03-31,138113659,138113659,1,24321974000,None,20686397000,None,3635577000,0,0,820617000,0,1862354000,114398000,114398000,0.82,0.82,0.07,82896000,-447237000,32293000,-332048000,475034000,13589000,32.35,35.01,29.7,0.1045,None,26.32,1.25,12.74,0.28,0.1058,0,0.1495,0.05,0.31,0.5,None
2004-12-31,139923659,139923659,1,24503896000,None,20868465000,None,3635431000,0,0,823054000,0,1876695000,86128000,86128000,0.61,0.61,0.07,226706000,-75559000,-36438000,114709000,807082000,14854000,28.11,31.29,24.92,0.0995,None,25.98,1.11,None,0.21,0.0843,0,0.1484,0.0474,0.31,1.51,None
2004-09-30,139959506,139959506,1,23638294000,None,20083243000,None,3555051000,0,0,831346000,0,1831860000,74844000,74844000,0.53,0.53,0.07,294100000,-165432000,-45165000,83503000,692373000,10745000,25.45,27.03,23.86,None,None,25.4,1.08,None,0.14,None,0,0.1504,None,None,2.02,None
2004-06-30,142268106,142268106,1,23349181000,None,19994977000,None,3354204000,0,0,833789000,0,1837349000,95210000,95210000,0.67,0.67,0.07,136018000,-90000000,-11009000,35009000,608870000,10681000,25.04,26.59,23.48,None,None,23.58,1,None,0.07,None,0,0.1437,None,None,0.88,None
2004-03-31,142208676,142208676,1,23704277000,None,20154820000,None,3549457000,0,0,828445000,0,1857560000,94378000,94378000,0.73,0.73,0,177341000,-312734000,-248943000,-384336000,573861000,13312000,24.64,26.19,23.09,None,None,24.96,1.33,None,0,None,0,0.1497,None,None,1.15,None
2003-12-31,142268106,142268106,1,23728319000,None,21096216000,None,2632103000,0,0,828523000,0,None,None,None,None,None,0,None,None,None,None,958197000,0,None,None,None,None,None,18.5,None,None,0,None,0,0.1109,None,None,None,None
