"Quarter end","Shares","Shares split adjusted","Split factor","Assets","Current Assets","Liabilities","Current Liabilities","Shareholders equity","Non-controlling interest","Preferred equity","Goodwill & intangibles","Long-term debt","Revenue","Earnings","Earnings available for common stockholders","EPS basic","EPS diluted","Dividend per share","Cash from operating activities","Cash from investing activities","Cash from financing activities","Cash change during period","Cash at end of period","Capital expenditures","Price","Price high","Price low","ROE","ROA","Book value of equity per share","P/B ratio","P/E ratio","Cumulative dividends per share","Dividend payout ratio","Long-term debt to equity ratio","Equity to assets ratio","Net margin","Asset turnover","Free cash flow per share","Current ratio"
2019-06-29,400475744,400475744,1,57970000000,11223000000,29241000000,7509000000,28729000000,0,0,40620000000,16663000000,6316000000,1119000000,1119000000,2.8,2.77,0.19,1294000000,-769000000,690000000,1186000000,2314000000,214000000,275.8,298.38,253.22,0.1277,0.063,71.74,3.98,35.22,8,0.0814,0.58,0.4956,0.1424,0.44,2.7,1.4946
2019-03-30,399981140,399981140,1,55596000000,9939000000,27903000000,5898000000,27693000000,0,0,39725000000,16812000000,6125000000,815000000,815000000,2.04,2.02,0.19,649000000,-181000000,-1425000000,-989000000,1128000000,195000000,242,273.94,210.07,0.1169,0.0571,69.24,3.5,33.43,7.81,0.0885,0.6071,0.4981,0.1289,0.44,1.14,1.6851
2018-12-31,399003681,399003681,1,56232000000,10625000000,28646000000,6147000000,27586000000,0,0,40325000000,17719000000,6507000000,898000000,898000000,2.24,2.21,0.17,1801000000,-721000000,-13000000,1006000000,2117000000,240000000,231.13,253.91,208.34,0.1098,0.0526,69.14,3.46,36.57,7.62,0.093,0.6423,0.4906,0.1206,0.44,3.91,1.7285
2018-09-29,402576382,402576382,1,55078000000,9566000000,28188000000,5196000000,26890000000,0,0,40361000000,17760000000,5920000000,709000000,709000000,1.76,1.75,0.17,1220000000,-168000000,-876000000,155000000,1111000000,170000000,224.45,245,203.9,0.098,0.0459,66.79,3.42,37.98,7.45,0.1034,0.6605,0.4882,0.1075,0.43,2.61,1.841
2018-06-30,402796251,402796251,1,55403000000,9474000000,28958000000,5980000000,26445000000,0,0,40800000000,17709000000,6078000000,752000000,752000000,1.87,1.85,0.17,1444000000,-185000000,-1006000000,-19000000,956000000,182000000,210.87,221.88,199.85,0.0932,0.0426,65.65,3.25,37.52,7.28,0.1075,0.6697,0.4773,0.1036,0.41,3.13,1.5843
2018-03-31,402323310,402323310,1,56580000000,9588000000,30457000000,7072000000,26123000000,0,0,41755000000,18122000000,5853000000,579000000,579000000,1.44,1.43,0.17,78000000,-179000000,-342000000,-386000000,975000000,116000000,208.41,226.44,190.38,0.0914,0.0418,64.93,3.3,37.28,7.11,0.1098,0.6937,0.4617,0.1024,0.41,-0.09,1.3558
2017-12-31,401784066,401784066,1,56669000000,9421000000,31256000000,7048000000,25413000000,0,0,41974000000,18873000000,6046800000,528100000,528100000,1.31,1.29,0.15,1866500000,-283400000,-1144300000,602700000,1361000000,212500000,191.35,201.2,181.51,0.0944,0.0433,63.25,3.11,32.49,6.94,0.1068,0.7427,0.4484,0.1064,0.41,4.12,1.3367
2017-09-30,400995357,400995357,1,55985300000,8844000000,31283500000,7031300000,24701800000,0,0,42158500000,19230400000,5116200000,533900000,533900000,1.35,1.34,0.15,928600000,-6968300000,6080600000,128800000,758100000,109400000,182.19,194.3,170.07,0.1029,0.0478,61.6,3.17,31.74,6.79,0.1014,0.7785,0.4412,0.1174,0.41,2.04,1.2578
2017-07-01,390119503,390119503,1,46513700000,7452500000,24122100000,5075800000,22391600000,0,0,35421100000,15255700000,4990000000,611600000,611600000,1.57,1.56,0.15,848400000,-95400000,-963000000,-107600000,629300000,86800000,164.33,176.92,151.74,0.1037,0.0486,57.4,2.95,29.99,6.64,0.1037,0.6813,0.4814,0.118,0.41,1.95,1.4682
2017-04-01,391219918,391219918,1,46213600000,7248100000,24418400000,5302900000,21795200000,0,0,35382000000,15188400000,4765000000,551400000,551400000,1.41,1.4,0.15,361500000,-381900000,-119300000,-73900000,736900000,92300000,150.83,161.66,140,0.1007,0.0476,55.71,2.73,29.63,6.49,0.1085,0.6969,0.4716,0.1158,0.41,0.69,1.3668
2016-12-31,390391061,390391061,1,45907500000,7021000000,24368200000,4865800000,21539300000,0,0,35296800000,15372400000,4953200000,629500000,629500000,1.59,1.59,0.15,1205900000,-88100000,-2191500000,-1183800000,786200000,130300000,149.58,160.1,139.07,0.0947,0.0451,55.17,2.73,29.86,6.34,0.1167,0.7137,0.4692,0.1106,0.41,2.76,1.4429
2016-10-01,395025225,395025225,1,48010700000,8204400000,26352100000,5259900000,21658600000,0,0,36102400000,16940400000,4490900000,473500000,473500000,1.2,1.19,0.15,771800000,-4196000000,4753300000,1306900000,1970000000,79600000,151.84,160.68,143.01,0.0937,0.0458,54.83,2.82,30.37,6.19,0.1187,0.7822,0.4511,0.111,0.41,1.75,1.5598
2016-07-02,394262866,394262866,1,42253400000,6331000000,20989500000,5528200000,21263900000,0,0,32389000000,11631900000,4535200000,516600000,516600000,1.31,1.3,0.15,889500000,-108700000,-889200000,-163700000,663100000,99100000,147.51,154.81,140.21,0.0947,0.0478,53.93,2.77,29.68,6.04,0.1189,0.547,0.5032,0.1135,0.42,2,1.1452
2016-04-02,393512230,393512230,1,42952700000,6539000000,22028300000,6322800000,20924400000,0,0,32870300000,11653000000,4294800000,402200000,402200000,1.02,1.01,0.15,289100000,-1139300000,1188000000,374700000,826800000,109100000,131.37,142.99,119.75,0.0951,0.0478,53.17,2.44,26.7,5.89,0.1195,0.5569,0.4871,0.1149,0.42,0.46,1.0342
2015-12-31,396261928,396261928,1,40889000000,5741200000,19538800000,4147300000,21350200000,0,0,31585900000,11473900000,4652500000,602600000,602600000,1.52,1.51,0.15,1228100000,-511400000,-744200000,-51300000,452100000,118800000,130.38,143.65,117.1,0.0954,0.0477,53.88,2.5,26.61,5.74,0.1209,0.5374,0.5222,0.1164,0.41,2.8,1.3843
2015-09-26,399097699,399097699,1,41147100000,6025900000,20296900000,5735100000,20850200000,0,0,31761400000,10277900000,4123200000,476100000,476100000,1.19,1.18,0.15,743900000,-106700000,-817800000,-265000000,503400000,99700000,129.62,141.25,117.98,0.0963,0.0471,52.24,2.5,26.51,5.59,0.121,0.4929,0.5067,0.1175,0.4,1.61,1.0507
2015-06-27,398487656,398487656,1,41774400000,6236600000,21094600000,6100400000,20679800000,0,0,32190600000,10663700000,4270900000,511600000,511600000,1.28,1.27,0.15,764900000,-75000000,-828900000,-96200000,768400000,89700000,130.75,136.24,125.25,0.0965,0.0466,51.9,2.61,30.34,5.44,0.1214,0.5157,0.495,0.1169,0.4,1.69,1.0223
2015-03-28,398056940,398056940,1,41857300000,6180500000,21942500000,6861000000,19914800000,0,0,32355400000,10696200000,3918800000,385100000,385100000,0.97,0.96,0.15,80000000,-394300000,-100400000,-478900000,864600000,96600000,130.28,139.03,121.54,0.0851,0.0404,50.03,2.52,27.66,5.29,0.1377,0.5371,0.4758,0.1027,0.39,-0.04,0.9008
2014-12-31,396782757,396782757,1,42852100000,6539800000,22304000000,5349800000,20548100000,0,0,32952700000,12351600000,4492800000,601200000,601200000,1.5,1.49,0.15,953700000,-126000000,89300000,809200000,1343500000,127100000,118.55,129.77,107.33,0.0922,0.0431,51.79,2.31,28.57,5.14,0.1263,0.6011,0.4795,0.1122,0.38,2.08,1.2224
2014-09-27,400025475,400025475,1,42690800000,5719900000,22180200000,6222100000,20510600000,0,0,33745100000,11388600000,4171400000,471600000,471600000,1.18,1.17,0.15,676000000,417400000,-1114100000,-50600000,534300000,83700000,121.78,127.21,116.36,0.0834,0.0396,51.27,2.35,31.71,4.99,0.1459,0.5553,0.4804,0.1031,0.38,1.48,0.9193
2014-06-28,399354992,399354992,1,44313400000,5944400000,23654800000,6235600000,20658600000,0,0,35060900000,12502000000,4321900000,278500000,278500000,0.7,0.69,0.15,888700000,-6200000,-1814200000,-912300000,584900000,66200000,117.69,123.37,112.02,0.0797,0.0393,51.73,2.3,30.1,4.84,0.1571,0.6052,0.4662,0.0995,0.4,2.06,0.9533
2014-03-29,398938297,398938297,1,46133700000,7306100000,25703100000,5391500000,20430600000,0,0,35505900000,15196900000,3903500000,543100000,543100000,1.38,1.36,0.15,101200000,-12067900000,7635100000,-4328800000,1497200000,101300000,118.35,127.63,109.08,0.0852,0.0442,51.21,2.75,34.01,4.69,0.1533,0.7438,0.4429,0.1072,0.41,-0,1.3551
2013-12-31,391792194,391792194,1,31863400000,9880700000,15007300000,3126000000,16856100000,0,0,19574600000,9499600000,3466900000,342100000,342100000,0.94,0.93,0.15,728500000,-70000000,3323500000,3980400000,5826000000,89700000,100.57,111.44,89.71,0.0787,0.0442,43.02,2.21,28.01,4.54,0.1735,0.5636,0.529,0.0973,0.45,1.63,3.1608
2013-09-28,361367293,361367293,1,28272500000,6210400000,11835200000,2453000000,16437300000,0,0,19743500000,6717900000,3191800000,317600000,317600000,0.88,0.86,0.15,505500000,-60900000,-15600000,482100000,1845600000,44000000,89.57,94.74,84.41,0.0826,0.0472,45.49,2.04,25.45,4.39,0.165,0.4087,0.5814,0.1018,0.46,1.28,2.5318
2013-06-29,360515888,360515888,1,27629500000,5641500000,11826700000,2362900000,15802800000,0,0,19720400000,6721100000,3240100000,277400000,277400000,0.77,0.76,0.15,478400000,-65300000,29900000,404800000,1408900000,65000000,82.38,89.5,75.27,0.0824,0.0465,43.83,1.9,24.3,4.24,0.1628,0.4253,0.572,0.1006,0.46,1.15,2.3875
2013-03-30,358921241,358921241,1,27410700000,5136100000,11811200000,2302800000,15599500000,0,0,20005000000,6724400000,3191500000,336200000,336200000,0.94,0.93,0.15,298300000,-67100000,-27800000,153100000,1004100000,63000000,71.29,78.04,64.54,0.0805,0.0455,43.46,1.65,22.21,4.09,0.1632,0.4311,0.5691,0.0982,0.46,0.66,2.2304
2012-12-31,357625034,357625034,1,27444600000,4834800000,11979900000,2093300000,15464700000,0,0,20279000000,7031200000,3215800000,376400000,376400000,1.05,1.04,0.15,660100000,-59400000,-607400000,18800000,851000000,103200000,61.38,65.54,57.21,0.0771,0.0435,43.24,1.45,20.88,3.94,0.1662,0.4547,0.5635,0.0942,0.46,1.56,2.3097
2012-09-29,360214897,360214897,1,27578000000,4947300000,12287500000,2522500000,15290500000,0,0,20406000000,7037500000,3085700000,290400000,290400000,0.8,0.79,0.13,479900000,-961700000,558700000,99900000,832200000,72100000,55.31,61,49.63,0.0718,0.0405,42.45,1.34,19.48,3.79,0.1303,0.4603,0.5544,0.0877,0.46,1.13,1.9613
2012-06-30,365551976,365551976,1,26361300000,4667000000,11266900000,2703200000,15094400000,0,0,19546300000,5745900000,3108100000,233800000,233800000,0.64,0.63,0.13,507500000,-238500000,-284000000,-56000000,732300000,62400000,52.52,56.91,48.14,0.0703,0.0398,41.29,1.26,14.71,3.66,0.0894,0.3807,0.5726,0.0865,0.46,1.22,1.7265
2012-03-31,367303351,367303351,1,26822700000,4769500000,11533700000,2845400000,15289000000,0,0,19823600000,5751000000,3100300000,277300000,277300000,0.76,0.75,0.13,392000000,-66200000,-585000000,-228000000,788300000,64600000,52.02,58.37,45.67,0.0886,0.0518,41.62,1.27,15.03,3.53,0.0352,0.3762,0.57,0.1119,0.46,0.89,1.6762
2011-12-31,365853610,365853610,1,26833700000,4821900000,11795600000,3113100000,15038100000,0,0,19803900000,5755200000,3133600000,288900000,288900000,0.77,0.77,0,637000000,-72800000,-446400000,126000000,1016300000,79000000,49.16,55.26,43.06,0.087,0.0525,41.1,1.22,14.29,3.4,0,0.3827,0.5604,0.1134,0.46,1.53,1.5489
2011-10-01,378279984,378279984,1,26991500000,4734600000,11795600000,2792500000,15195900000,0,0,20062400000,6115300000,2973500000,265400000,265400000,0.7,0.69,0,360700000,-3703500000,2871200000,-465800000,890300000,59600000,57.23,65.68,48.78,0.0871,0.0559,40.17,1.4,16.78,3.4,0,0.4024,0.563,0.1177,0.47,0.8,1.6955
2011-07-02,381873011,381873011,1,24073800000,5004700000,8408100000,1816800000,15665700000,0,0,17023400000,4008800000,2897400000,523400000,523400000,1.37,1.36,0,354700000,-1277000000,-525700000,-1432600000,1356100000,56900000,59.99,65.86,54.12,0.087,0.0594,41.02,1.51,22.9,3.4,0,0.2559,0.6507,0.121,0.49,0.78,2.7547
2011-04-02,383259036,383259036,1,23430600000,6189300000,8175900000,4146000000,15254700000,0,0,14895000000,1800800000,2721400000,252200000,252200000,0.65,0.64,0,338600000,-88900000,1651500000,1871600000,2788700000,62800000,55.28,58.16,52.41,0.0688,0.0482,39.8,1.41,21.76,3.4,0,0.118,0.6511,0.0974,0.49,0.72,1.4928
2010-12-31,390607016,390607016,1,21349400000,4135000000,5988400000,1709800000,15361000000,0,0,15311700000,2031300000,2781100000,297500000,297500000,0.75,0.75,0,438200000,-152300000,-322000000,-13100000,917100000,85900000,51.71,56.25,47.17,0.0673,0.0483,39.33,1.33,21.02,3.4,0,0.1322,0.7195,0.096,0.5,0.9,2.4184
2010-10-02,397477634,397477634,1,21537000000,4171000000,6140400000,1770600000,15396600000,0,0,15472500000,2057600000,2683500000,268500000,268500000,0.67,0.66,0,432800000,-316100000,-481300000,-377200000,930200000,62700000,46.55,51.36,41.74,0.0656,0.047,38.74,1.24,19.98,3.4,0,0.1336,0.7149,0.0932,0.5,0.93,2.3557
2010-07-03,407430585,407430585,1,21280900000,4348000000,5935800000,1616000000,15345100000,0,0,15153100000,2027600000,2649000000,237300000,237300000,0.58,0.57,0,283700000,-112600000,-313700000,-124300000,1307400000,57100000,52.3,57.4,47.21,0.0625,0.0449,37.66,1.39,23.24,3.4,0,0.1321,0.7211,0.0901,0.5,0.56,2.6906
2010-04-03,410405951,410405951,1,21624600000,4528600000,6144600000,1775700000,15480000000,0,0,15347300000,1923200000,2675100000,232300000,232300000,0.57,0.56,0,343100000,-277900000,-178100000,-132400000,1431700000,49600000,49.16,52.94,45.37,0.0608,0.0435,37.72,1.3,24.1,3.4,0,0.1242,0.7159,0.0887,0.49,0.72,2.5503
2009-12-31,409461414,409461414,1,21625000000,4530900000,6194100000,1639300000,15430900000,0,0,15319900000,2064000000,2839400000,273300000,273300000,0.66,0.67,0,538600000,-552700000,-152400000,-181600000,1564100000,77900000,46.28,49.7,42.86,0.0558,0.0399,37.69,1.23,22.58,3.4,0,0.1338,0.7136,0.0841,0.47,1.13,2.7639
2009-09-26,408314630,408314630,1,21418500000,4797600000,6019100000,1593800000,15399400000,0,0,14932600000,1952200000,2531100000,221200000,221200000,0.54,0.53,0,386600000,-58200000,-8100000,328300000,1745700000,40800000,42.62,47.74,37.5,0.0574,0.041,37.71,1.15,21,3.4,0,0.1268,0.719,0.0874,0.47,0.85,3.0102
2009-06-27,408152517,408152517,1,21155600000,4467000000,6079200000,1523600000,15076400000,0,0,15029100000,2017000000,2484100000,206900000,206900000,0.5,0.49,0,375300000,-152900000,-406800000,-143700000,1417400000,27600000,36.65,42.47,30.83,0.0577,0.0409,36.94,1.02,17.37,3.4,0,0.1338,0.7126,0.087,0.47,0.85,2.9319
2009-03-28,418312802,418312802,1,21033100000,4519400000,6040600000,1499600000,14992500000,0,0,14893800000,2011100000,2255100000,148900000,148900000,0.36,0.35,0,358700000,-65700000,9800000,280600000,1561100000,47800000,36.18,40.34,32.02,0.0605,0.0426,35.84,1.01,15.8,3.4,0,0.1341,0.7128,0.0892,0.48,0.74,3.0137
2008-12-31,418164910,418164910,1,21090000000,4345900000,6163400000,1540200000,14926600000,0,0,15100900000,2043500000,2646300000,290200000,290200000,0.69,0.68,0,460300000,-150200000,-206300000,40200000,1280500000,99000000,41.53,56.42,26.65,0.0664,0.0463,35.7,1.15,19.23,3.4,0,0.1369,0.7078,0.0947,0.49,0.86,2.8216
2008-09-27,420214412,420214412,1,21599500000,4443000000,6463900000,1840000000,15135600000,0,0,15465900000,2043000000,2588100000,221500000,221500000,0.53,0.51,0,370400000,-152200000,34200000,233400000,1240300000,46200000,57.72,62.77,52.67,0.0635,0.0439,36.02,1.6,26.97,3.4,0,0.135,0.7007,0.0901,0.49,0.77,2.4147
2008-06-28,419013598,419013598,1,21681000000,4299500000,6611000000,1880100000,15070000000,0,0,15668500000,2044500000,2709600000,249500000,249500000,0.6,0.57,0,346500000,-91000000,11400000,272900000,1006900000,50500000,56.3,59.87,52.73,0.064,0.044,35.97,1.59,29.02,3.4,0,0.1357,0.6951,0.0915,0.48,0.71,2.2868
2008-03-29,418208902,418208902,1,21497900000,3988800000,6712100000,1909200000,14785800000,0,0,15809000000,2045900000,2554000000,233000000,233000000,0.56,0.53,0,243000000,-56600000,-67700000,108900000,734000000,53300000,52.32,58.01,46.63,0.0587,0.0402,35.36,1.51,30.42,3.4,0,0.1384,0.6878,0.0858,0.47,0.45,2.0893
2007-12-31,418600105,418600105,1,21207400000,3665300000,6719100000,1901600000,14488300000,0,0,15871000000,2045900000,2621100000,239800000,239800000,0.58,0.55,0,535300000,-450200000,-293200000,-205700000,625100000,72200000,59.05,62.02,56.07,0.0528,0.0359,34.61,1.72,46.87,3.4,0,0.1412,0.6832,0.0781,0.46,1.11,1.9275
2007-09-29,420064580,420064580,1,21172400000,3908400000,6729500000,1630900000,14442900000,0,0,15646100000,2181100000,2401200000,218500000,218500000,0.51,0.49,0,394100000,-102200000,-414900000,-120400000,830800000,45600000,53.73,58.75,48.71,0.0383,0.0258,34.38,1.58,50.21,3.4,0,0.151,0.6822,0.0622,0.41,0.83,2.3965
2007-06-30,426580049,426580049,1,21272100000,4007100000,6740300000,1603000000,14531800000,0,0,15759600000,2177700000,2385900000,163900000,163900000,0.39,0.37,0,335500000,-4500000,-26500000,280300000,951200000,18500000,50.67,55.25,46.1,0.0331,0.0222,34.07,1.5,51.18,3.4,0,0.1499,0.6831,0.053,0.42,0.74,2.4998
2007-03-31,421930107,421930107,1,21171900000,3746200000,6939200000,1796500000,14232700000,0,0,15911200000,2182400000,2338200000,138900000,138900000,0.33,0.31,0,218600000,-29100000,-194100000,3500000,670900000,39200000,46.75,49.9,43.6,0.031,0.0205,33.73,1.41,48.7,3.4,0,0.1533,0.6722,0.0479,0.43,0.43,2.0853
2006-12-31,420030996,420030996,1,21262238000,3659536000,7350411000,2152321000,13911827000,0,0,16036554000,2180705000,1668900000,25316000,25316000,0.08,0.09,0,205413000,286384000,1952000,509470000,667434000,43805000,42.45,46.34,38.57,0.0303,0.0199,33.12,2.38,35.08,3.4,0,0.1568,0.6543,0.0446,0.45,0.38,1.7003
2006-09-30,158020239,158020239,1,4198238000,1278576000,1383196000,722823000,2815042000,0,0,2419455000,469886000,724962000,48833000,48833000,0.31,0.3,0,102023000,-38598000,-98334000,-31752000,157964000,7474000,37.52,40.54,34.5,0.0713,0.0474,17.81,2.16,29.78,3.4,0,0.1669,0.6705,0.0699,0.68,0.6,1.7689
2006-07-01,157593971,157593971,1,4176203000,1280222000,1439197000,783954000,2737006000,0,0,2395832000,467462000,713468000,47880000,47880000,0.3,0.29,0,66340000,31309000,-143227000,-41076000,189716000,6739000,37.85,41.85,33.85,0.0748,0.0497,17.37,2.16,28.25,3.4,0,0.1708,0.6554,0.0741,0.67,0.38,1.633
2006-04-01,163688419,163688419,1,4240654000,1377138000,1366606000,716567000,2874048000,0,0,2376456000,469210000,684287000,46906000,46906000,0.29,0.28,0,31878000,4352000,-20487000,16466000,230792000,12990000,33.73,37.5,29.95,0.0796,0.0528,17.56,1.97,24.8,3.4,0,0.1633,0.6777,0.0802,0.66,0.12,1.9219
2005-12-31,162738621,162738621,1,4251569000,1353900000,1458257000,791662000,2793312000,0,0,2416935000,468630000,740787000,56405000,56405000,0.35,0.34,0,126049000,-71513000,-31265000,20867000,214326000,10295000,30.66,31.78,29.53,0.0817,0.0555,17.16,1.8,17.52,3.4,0,0.1678,0.657,0.0848,0.65,0.71,1.7102
2005-10-01,162247832,162247832,1,4145845000,1261826000,1384633000,730916000,2761212000,0,0,2417264000,472096000,679411000,57734000,57734000,0.36,0.35,0,55885000,28781000,-51035000,33715000,193459000,10192000,28.8,30.9,26.7,0.1067,0.0747,17.02,1.73,14.05,3.4,0,0.171,0.666,0.1176,0.64,0.28,1.7264
2005-07-02,161613800,161613800,1,4134374000,1237595000,1441320000,787545000,2693054000,0,0,2437959000,472937000,653621000,60223000,60223000,0.37,0.37,0,58697000,-715830000,469892000,-191816000,159744000,8775000,25.72,27.2,24.24,0.1287,0.092,16.66,1.55,11.59,3.4,0,0.1756,0.6514,0.1457,0.63,0.31,1.5715
2005-04-02,161193200,161193200,1,3554463000,1485618000,877770000,548519000,2676693000,0,0,1671644000,223727000,559208000,48856000,48856000,0.3,0.3,0,30282000,5082000,3268000,24674000,351560000,-1868000,27.44,29.99,24.89,0.1438,0.1051,16.61,1.66,12.59,3.4,0,0.0836,0.7531,0.1684,0.62,0.2,2.7084
2004-12-31,160828435,160828435,1,3576725000,1469654000,911175000,578728000,2665550000,0,0,1671602000,226070000,556369000,121099000,121099000,0.76,0.73,0,88871000,-21850000,15904000,99361000,326886000,15863000,28.54,30.88,26.2,0.1451,0.1042,16.57,1.88,15.68,3.4,0,0.0848,0.7452,0.164,0.64,0.45,2.5395
2004-10-02,159950300,159950300,1,3367505000,1365792000,938157000,631833000,2429348000,0,0,1654278000,228438000,542315000,106536000,106536000,0.66,0.65,0,70636000,107870000,-148658000,29047000,335664000,9899000,26.83,29.45,24.21,0.1249,0.0883,15.19,1.79,18.38,3.4,0,0.094,0.7214,0.1355,0.65,0.38,2.1616
2004-07-03,163283800,163283800,1,3495932000,1413368000,1041532000,696197000,2454400000,0,0,1609652000,224543000,525309000,91080000,91080000,0.55,0.54,0,58485000,-68051000,-36461000,-46377000,306617000,11904000,29.41,31,27.81,0.103,0.0727,15.03,2.01,23.72,3.4,0,0.0915,0.7021,0.1118,0.65,0.29,2.0301
2004-04-03,165717120,165717120,1,3453507000,1451677000,1027644000,686373000,2425863000,0,0,1640949000,232799000,582002000,43122000,43122000,0.26,0.26,0,46518000,16184000,-14008000,49082000,352994000,6808000,27.18,29.33,25.03,0.0896,0.0624,14.64,1.89,22.65,3.4,0,0.096,0.7024,0.0949,0.66,0.24,2.115
2003-12-31,165628053,165628053,1,3388969000,1395256000,1006163000,684793000,2382806000,0,0,1557177000,229509000,583409000,61928000,61928000,0.38,0.37,0,113909000,-74250000,32195000,96366000,303912000,14311000,23.38,25.37,21.4,0.0901,0.0606,14.39,1.7,17.45,3.4,0,0.0963,0.7031,0.0954,0.64,0.6,2.0375
2003-09-27,162822224,162822224,1,3122786000,1297750000,887316000,594250000,2235470000,0,0,1440986000,223948000,497116000,48515000,48515000,0.3,0.29,0,36745000,99241000,-188430000,-56896000,207546000,9190000,22.16,23.33,21,0.1056,0.067,13.73,1.64,17.31,3.4,0,0.1002,0.7159,0.1082,0.62,0.17,2.1838
2003-06-28,162284423,162284423,1,3279871000,1439025000,1092773000,800358000,2187098000,0,0,1444054000,226592000,516405000,53139000,53139000,0.33,0.32,0,54134000,180865000,-231682000,15331000,264442000,4599000,19.96,22.36,17.57,0.1045,0.0616,13.48,1.55,14.9,3.4,0,0.1036,0.6668,0.1026,0.6,0.31,1.798
2003-03-29,161749688,161749688,1,3406574000,273026000,1328525000,831305000,2078049000,0,0,1418926000,435863000,500205000,36427000,36427000,0.22,0.22,0,11931000,172934000,-277689000,-89956000,249111000,11351000,18.7,20.38,17.02,0.1143,0.0636,12.85,1.5,10.94,3.4,0,0.2097,0.61,0.1103,0.58,0,0.3284
2002-12-28,163187218,163187218,1,3647062000,1771559000,1606838000,1103720000,2033323000,6901000,0,1416205000,451341000,568745000,87152000,87152000,0.53,0.51,0,104169000,123407000,-133026000,101034000,339067000,12792000,17.86,20.52,15.19,0.1546,0.0826,12.46,1.49,15.4,3.4,0,0.222,0.5575,0.1485,0.56,0.56,1.6051
2002-09-28,163518507,163518507,1,3673866000,1783682000,1703995000,1135793000,1962970000,6901000,0,1416979000,529381000,517171000,39017000,39017000,0.24,0.23,0,47815000,104610000,-153558000,-300000,238033000,7476000,16.15,17.8,14.5,0.1094,0.0569,12,1.34,15.09,3.4,2.0956,0.2697,0.5343,0.1038,0.55,0.25,1.5704
2002-06-29,166494684,166494684,1,3796675000,1899745000,1776133000,1078715000,2013641000,6901000,0,1406776000,656143000,509113000,68517000,68517000,0.4,0.38,0,-30980000,70037000,-127696000,-79688000,238333000,7513000,18.1,20.6,15.6,0.0993,0.0511,12.09,1.55,21.81,3.4,2.947,0.3258,0.5304,0.0979,0.52,-0.23,1.7611
2002-03-30,172347069,172347069,1,3881645000,2050137000,1875761000,1111822000,2005794000,90000,0,1355644000,716903000,491326000,115044000,115044000,0.66,0.59,0,-18112000,210425000,-178686000,12821000,318021000,12415000,21.84,24.37,19.3,0.074,0.038,11.64,2.01,629495141515338496,3.4,3.7517,0.3574,0.5167,0.0757,0.5,-0.18,1.8439
2001-12-29,175210210,175210210,1,3825070000,1965210000,1910027000,1142039000,1908142000,6901000,0,1348393000,727502000,559708000,-6868000,-6868000,-0.04,-0.04,2.58,62287000,114850000,-220193000,-48636000,305200000,18135000,19.92,23.86,15.98,-0.0003,-0.0002,10.89,1.58,None,3.4,None,0.3813,0.4989,None,0.5,0.25,1.7208
2001-09-29,177790684,177790684,1,4375869000,2321888000,2104159000,698670000,2246959000,24751000,0,1332771000,1357276000,512941000,26279000,26279000,0.15,0.14,0.8219,25190000,-9367000,-344968000,-318431000,353836000,18653000,19.7,22.02,17.38,-0.0349,-0.0181,12.64,1.46,None,0.82,None,0.6041,0.5135,None,0.45,0.04,3.3233
2001-06-30,181676323,181676323,1,4696923000,2428608000,2219758000,662612000,2454751000,22414000,0,1346931000,1494064000,542472000,24983000,24983000,0.14,0.14,0,69681000,240427000,-113858000,184640000,672267000,19530000,24.77,28.57,20.97,-0.0388,-0.0201,13.51,1.82,None,0,None,0.6086,0.5226,None,0.45,0.28,3.6652
2001-03-31,181273874,181273874,1,4783806000,2314620000,2288525000,721549000,2469558000,25723000,0,1360409000,1521382000,573089000,-45175000,-45175000,-0.25,-0.24,0,31243000,-169754000,-17294000,-148625000,487627000,16843000,21.72,26.32,17.12,-0.0387,-0.0196,13.62,1.56,None,0,None,0.6161,0.5162,None,0.45,0.08,3.2078
2000-12-30,182591812,182591812,1,4862977000,2465529000,2304264000,728551000,2533976000,24737000,0,1378663000,1528483000,491160000,-90683000,-90683000,-0.51,-0.51,0,85126000,12816000,27813000,130130000,636252000,-29902000,27.68,31.1,24.25,-0.0151,-0.0071,13.88,1.94,92.27,0,None,0.6032,0.5211,None,0.45,0.63,3.3842
2000-09-30,180008112,180008112,1,5042235000,2337191000,2444066000,739382000,2569789000,28380000,0,1416739000,1554257000,580951000,13488000,13488000,0.08,0.07,0,62309000,115649000,-16478000,157229000,506122000,49106000,23.5,26.94,20.06,0.0223,0.0098,14.28,1.65,52.22,0,0,0.6048,0.5097,0.0207,0.48,0.07,3.161
2000-07-01,173410341,173410341,1,5146519000,2262943000,2631001000,891940000,2474956000,40562000,0,1583985000,1571588000,609482000,25261000,25261000,0.16,0.16,0,19949000,-106784000,-145940000,-242601000,348893000,9826000,19.86,21.77,17.94,0.0344,0.0136,14.27,1.54,None,0,0,0.635,0.4809,0.0249,0.55,0.06,2.5371
2000-04-01,155877477,155877477,1,5177187000,2686787000,2798036000,1057399000,2014251000,364900000,0,1206238000,1570323000,598929000,15823000,15823000,0.1,0.09,0,32537000,207896000,-2976000,234279000,591494000,23181000,20.25,26.25,14.25,-0.0935,-0.0335,12.92,1.58,None,0,None,0.7796,0.3891,None,0.61,0.06,2.5409
2000-01-01,156800687,156800687,1,5181842000,2517207000,2803078000,1066349000,2014486000,364278000,0,1227335000,1565974000,658985000,-4013000,-4013000,-0.02,-0.02,0,117688000,-85545000,-94441000,-67064000,357215000,-12528000,14.44,15.88,13,-0.0852,-0.0297,12.85,1.13,None,0,None,0.7774,0.3888,None,0.65,0.83,2.3606
1999-10-02,158236781,158236781,1,6067441000,3016351000,3488752000,1415559000,2021981000,556708000,0,1976656000,1907927000,1077270000,36329000,36329000,0.23,0.22,0,129297000,-71241000,-25436000,37415000,424279000,43239000,17.72,19.69,15.75,-0.0633,-0.0216,12.78,1.43,None,0,None,0.9436,0.3333,None,0.68,0.54,2.1309
1999-07-03,158184285,158184285,1,5934991000,2941764000,3426338000,1239543000,1953135000,555518000,0,1925437000,1983760000,1092340000,-235188000,-235188000,-1.49,-1.49,0,19287000,24546000,-60720000,-17331000,386864000,33429000,16.38,20.06,12.69,-0.0706,-0.0245,12.35,1.17,19.05,0,None,1.0157,0.3291,None,0.66,-0.09,2.3733
1999-04-03,157885450,157885450,1,6350398000,3067635000,3539860000,1225663000,2207590000,602948000,0,2037664000,2021986000,1009538000,28299000,28299000,0.18,0.17,0,70849000,58672000,-106286000,7525000,404195000,16279000,15.79,18.19,13.38,0.0641,0.0228,13.98,1.11,14.9,0,0,0.9159,0.3476,0.0368,0.62,0.35,2.5028
1999-01-02,158133782,158133782,1,6331645000,3301329000,3434139000,1138323000,2248124000,649382000,0,1915649000,2025531000,998365000,37041000,37041000,0.23,0.25,0,109601000,-105982000,-22375000,-19414000,396670000,35133000,16.81,20.06,13.56,0.0821,0.029,14.22,1.2,14.37,0,0,0.901,0.3551,0.047,0.62,0.47,2.9002
1998-10-03,158834186,158834186,1,6244127000,3269275000,3276203000,1122477000,2221274000,746650000,0,1880069000,1894543000,977169000,17582000,17582000,0.11,0.1,0,86650000,69556000,-359125000,-194866000,416084000,31270000,24.69,35.19,14.19,0.0995,0.0348,13.98,1.74,17.03,0,0,0.8529,0.3557,0.0552,0.63,0.35,2.9126
1998-07-04,166053791,166053791,1,6436209000,3555566000,3235865000,1039949000,2359933000,840411000,0,1807433000,1949982000,947799000,61785000,61785000,0.37,0.34,0,62488000,-278264000,234372000,15286000,610950000,33168000,36.34,41.94,30.75,0.1264,0.0432,14.21,2.85,24.89,0,0,0.8263,0.3667,0.0678,0.64,0.18,3.419
1998-04-04,159328044,159328044,1,6110904000,3365481000,3278195000,1054186000,2030522000,802187000,0,1707840000,1980147000,944263000,65493000,65493000,0.41,0.37,0,69722000,-317626000,249306000,2084000,595664000,32064000,40.44,44.25,36.63,0.1338,0.0443,12.74,3.22,28.68,0,0,0.9752,0.3323,0.0676,0.66,0.24,3.1925
1998-01-03,159173807,159173807,1,5795869000,3094198000,3078338000,1092235000,1997909000,719622000,0,1692211000,1742907000,1009949000,69253000,69253000,0.44,0.36,0,126551000,-52490000,25109000,100293000,593580000,28929000,39,44.5,33.5,0.1314,0.0435,12.55,3.3,28.06,0,0,0.8724,0.3447,0.0673,0.65,0.61,2.8329
1997-09-27,151328000,151328000,1,5588131000,3070179000,3103757000,1008822000,1788736000,695638000,0,1529856000,1819445000,909850000,61859000,61859000,0.41,0.38,0,85327000,-77227000,195182000,204549000,493287000,27317000,36.81,41.5,32.13,0.1271,0.0419,11.82,3.18,27.68,0,0,1.0172,0.3201,0.0669,0.63,0.38,3.0433
1997-06-28,150231967,150231967,1,5304637000,2808149000,2892038000,1012214000,1741890000,670709000,0,1506048000,1601299000,875016000,56158000,56158000,0.37,0.35,0,25009000,-96383000,24617000,-53015000,288738000,19296000,33.56,38.75,28.38,0.1226,0.0411,11.59,2.87,26.43,0,0,0.9193,0.3284,0.0672,0.61,0.04,2.7743
1997-03-29,150154290,150154290,1,5343588000,2967872000,2871155000,1130257000,1757448000,714985000,0,1420377000,1501830000,763505000,52058000,52058000,0.35,0.32,0,32131000,-93728000,-7158000,-72651000,341753000,20430000,35.69,40.5,30.88,0.1194,0.0397,11.7,3.05,31.58,0,0,0.8546,0.3289,0.0663,0.6,0.08,2.6258
1996-12-28,149925557,149925557,1,5141244000,3131829000,2702825000,913212000,1754369000,684050000,0,1082935000,1550342000,794433000,53632000,53632000,0.36,0.34,0,57188000,-251971000,103579000,-92124000,414404000,26178000,35.44,41.13,29.75,0.1189,0.0388,11.7,3.12,33.97,0,0,0.8837,0.3412,0.0651,0.6,0.21,3.4295
1996-09-28,149277658,149277658,1,4949500000,2950374000,2574213000,929127000,1697480000,677807000,0,1083854000,1408386000,739981000,51242000,51242000,0.36,0.32,0,81490000,-153911000,36761000,-34667000,506528000,32970000,36.81,41.88,31.75,0.1184,0.0386,11.37,3.36,37.18,0,0,0.8297,0.343,0.0624,0.62,0.33,3.1754
1996-06-29,141366739,141366739,1,4900554000,2878454000,2744740000,925997000,1550678000,605136000,0,1003485000,1657235000,745759000,44919000,44919000,0.32,0.29,0,43843000,-537516000,260087000,-233610000,541195000,31348000,41.59,44.38,38.8,0.1192,0.0387,10.97,4.1,44.56,0,0,1.0687,0.3164,0.0614,0.63,0.09,3.1085
1996-03-30,93061153,139591729,1.5,4675047000,2697893000,2745274000,977965000,1415825000,513948000,0,995590000,1617647000,652385000,41023000,41023000,0.31,0.27,0,41984000,-367878000,637537000,311944000,774805000,23545000,36.24,42.08,30.4,0.1195,0.0395,10.14,3.68,37.32,0,0,1.1425,0.3028,0.0618,0.64,0.13,2.7587
1995-12-30,87927556,131891334,1.5,3786339000,2056592000,2014857000,739446000,1299834000,471648000,0,827357000,1118077000,692652000,39317000,39317000,0.44,0.38,0,96167000,-167353000,92487000,21309000,462861000,22235000,31.46,34.67,28.25,0.1186,0.0406,9.86,3.36,34.11,0,0,0.8602,0.3433,0.0615,0.66,0.56,2.7813
1995-09-30,86454678,129682017,1.5,3507125000,1897318000,1860835000,627752000,1215545000,430745000,0,719189000,1077823000,570373000,38133000,38133000,0.45,0.4,0,36513000,-254901000,132182000,-87320000,441552000,13620000,28.88,31.08,26.67,0.1183,0.0401,9.37,3.21,33.24,0,0,0.8867,0.3466,0.0606,0.66,0.18,3.0224
1995-07-01,83122563,124683844,1.5,3315662000,1794367000,1824340000,612986000,1123452000,367870000,0,637639000,1072027000,528721000,32584000,32584000,0.39,0.35,0,64018000,20550000,36051000,122526000,528872000,10960000,23.05,24.33,21.78,0.1154,0.0385,9.01,2.68,27.73,0,0,0.9542,0.3388,0.0603,0.64,0.43,2.9273
1995-04-01,55263148,124342083,2.25,3144590000,1689981000,1736149000,569590000,1068357000,340084000,0,621096000,1030979000,478545000,29548000,29548000,0.55,0.49,0,2398000,17576000,1404000,23341000,406346000,11499000,21.16,22.83,19.5,0.1136,None,8.59,2.41,26.45,0,0,0.965,0.3397,0.0602,0.61,-0.07,2.967
1994-12-31,51000776,114751746,2.25,3061935000,1711624000,1726715000,0,1007486000,327734000,0,577634000,1049850000,577295000,30276000,30276000,0.5,0.46,0,81887000,-1237000,-3955000,75579000,383005000,21767000,19.7,21.28,18.11,0.1119,None,8.78,2.34,None,0,0,1.042,0.329,0.0606,0.6,0.52,None
1994-10-01,50849778,114412000,2.25,2975037000,1620568000,1695325000,487461000,965065000,314647000,0,569004000,1066700000,406454000,27744000,27744000,0.56,0.48,0,36800000,-13514000,-7015000,17484000,307181000,13690000,18.61,20.39,16.83,None,None,8.43,2.27,None,0,None,1.1053,0.3244,None,None,0.2,3.3245
1994-07-02,48314678,108708025,2.25,2933961000,1597767000,1742352000,477735000,892711000,298898000,0,560749000,1132948000,394966000,24150000,24150000,0.5,0.44,0,54828000,-326769000,302786000,32143000,289697000,-2439000,17.2,18.39,16,None,None,8.21,2.13,None,0,None,1.2691,0.3043,None,None,0.53,3.3445
1994-04-02,48273963,108616416,2.25,2568771000,1244946000,1394365000,470262000,876424000,297982000,0,555699000,800951000,350476000,22541000,22541000,0.47,0.42,0,19010000,-114138000,26418000,-68190000,257554000,11116000,18.3,19.72,16.89,None,None,8.07,2.25,None,0,None,0.9139,0.3412,None,None,0.07,2.6473
1994-01-01,47933007,107849265,2.25,2473710000,1244543000,1319605000,152749000,876424000,277681000,0,473579000,647461000,None,None,None,None,None,0,None,None,None,None,325744000,0,18.02,19.11,16.94,None,None,8.13,None,None,0,None,0.7388,0.3543,None,None,None,8.1476
