"Quarter end","Shares","Shares split adjusted","Split factor","Assets","Current Assets","Liabilities","Current Liabilities","Shareholders equity","Non-controlling interest","Preferred equity","Goodwill & intangibles","Long-term debt","Revenue","Earnings","Earnings available for common stockholders","EPS basic","EPS diluted","Dividend per share","Cash from operating activities","Cash from investing activities","Cash from financing activities","Cash change during period","Cash at end of period","Capital expenditures","Price","Price high","Price low","ROE","ROA","Book value of equity per share","P/B ratio","P/E ratio","Cumulative dividends per share","Dividend payout ratio","Long-term debt to equity ratio","Equity to assets ratio","Net margin","Asset turnover","Free cash flow per share","Current ratio"
2019-06-30,117007640,117007640,1,6158800000,2945800000,5002300000,1952500000,1156500000,0,0,157200000,2239900000,1665100000,261400000,261400000,2.22,2.2,1.94,351200000,11200000,-354600000,8800000,788800000,27800000,169.79,191.48,148.1,0.7678,0.168,9.88,15.04,21.57,73.98,0.5503,1.9368,0.1878,0.1544,1.09,2.76,1.5087
2019-03-31,118362039,118362039,1,6254200000,2976800000,4917900000,1871900000,1336300000,0,0,164000000,2229800000,1657200000,346000000,346000000,2.91,2.88,0.97,143800000,-22800000,21700000,147700000,780000000,35700000,163.62,182.02,145.21,0.6846,0.1599,11.29,15.35,24.2,72.04,0.4688,1.6686,0.2137,0.1443,1.11,0.91,1.5903
2018-12-31,119543966,119543966,1,5935400000,2737900000,4661100000,2265500000,1274300000,0,0,164500000,1235400000,1642300000,80300000,80300000,0.67,0.66,0.97,212000000,140900000,-327700000,13500000,632300000,41900000,166.71,191.96,141.46,0.5425,0.1389,10.66,12.44,39.13,71.07,0.5224,0.9695,0.2147,0.1268,1.1,1.42,1.2085
2018-09-30,120684079,120684079,1,6262000000,2830700000,4644500000,2236900000,1617500000,0,0,1290700000,1225200000,1729500000,345900000,345900000,2.83,2.75,0.92,362800000,-732300000,51600000,-321300000,618800000,46900000,181.12,198.23,164,0.2989,0.0831,13.4,15.44,58.61,70.1,0.814,0.7575,0.2583,0.0803,1.03,2.62,1.2655
2018-06-30,123164853,123164853,1,5837600000,3375800000,4393400000,1753600000,1444200000,0,0,1301000000,1227100000,1698700000,198600000,198600000,1.6,1.58,0.92,343100000,58600000,-837100000,-493800000,940100000,22300000,170.55,185.29,155.81,0.192,0.0591,11.73,11,53.63,69.18,0.8241,0.8497,0.2474,0.0597,0.99,2.6,1.9251
2018-03-31,125580404,125580404,1,6513600000,3940900000,4566400000,1877800000,1947200000,0,0,1335200000,1229800000,1651200000,227400000,227400000,1.79,1.77,0.835,381400000,536300000,-1076800000,-113100000,1433900000,21900000,190,209.38,170.63,0.1845,0.0588,15.51,11.26,66.43,68.26,0.9859,0.6316,0.2989,0.0634,0.93,2.86,2.0987
2017-12-31,127784810,127784810,1,7158700000,4533900000,5002500000,2286600000,2156200000,0,0,1316300000,1239300000,1586600000,-236400000,-236400000,-1.84,-1.84,0.835,212700000,-33000000,-26600000,136100000,1547000000,33900000,194.36,210.72,178,0.1629,0.0524,16.87,9.38,30.61,67.43,1.0671,0.5748,0.3012,0.0585,0.9,1.4,1.9828
2017-09-30,128502915,128502915,1,7161700000,4420700000,4498100000,2145800000,2663600000,0,0,1315700000,1243400000,1667500000,204600000,204600000,1.59,1.58,0,106900000,-153000000,-111900000,-138500000,1410900000,43900000,168.75,179.5,158,0.3634,0.1157,20.73,9.94,27.26,66.59,0.4732,0.4668,0.3719,0.1308,0.88,0.49,2.0602
2017-06-30,128359188,128359188,1,7215500000,4456500000,5037500000,2196200000,2178000000,0,0,1301600000,1243800000,1599200000,216900000,216900000,1.69,1.67,1.52,315300000,-2200000,-219000000,108600000,1549400000,29700000,156.85,165.39,148.31,0.3832,0.1133,16.97,9.19,26.23,66.59,0.4846,0.5711,0.3019,0.1304,0.87,2.23,2.0292
2017-03-31,128835404,128835404,1,7065000000,4317400000,4867200000,2025400000,2197800000,0,0,1302500000,1240000000,1554300000,189500000,189500000,1.47,1.45,0.76,301000000,-323900000,-166800000,-153800000,1440800000,27900000,146.24,157.3,135.18,0.3734,0.111,17.06,9.17,25.17,65.07,0.4911,0.5642,0.3111,0.1288,0.86,2.12,2.1316
2016-12-31,128599808,128599808,1,7094300000,4487200000,5044600000,2203900000,2049700000,0,0,1298400000,1240900000,1490300000,214700000,214700000,1.67,1.65,0.76,310800000,-37600000,-151900000,68200000,1594600000,39100000,127.05,139.64,114.46,0.3624,0.11,15.94,8.19,22.85,64.31,0.5005,0.6054,0.2889,0.1277,0.86,2.11,2.036
2016-09-30,128229158,128229158,1,7101200000,4185000000,5111100000,1975900000,1990100000,0,0,1329200000,1516300000,1538600000,185200000,185200000,1.43,1.42,0,272000000,-134500000,-123300000,17100000,1526400000,37500000,117,123.11,110.89,0.3408,0.1084,15.52,7.14,20.74,63.55,0.5171,0.7619,0.2802,0.1241,0.87,1.83,2.118
2016-06-30,129400073,129400073,1,6855700000,4153900000,4734400000,1699300000,2121300000,0,0,1229500000,1521800000,1474000000,191000000,191000000,1.47,1.46,1.45,276000000,-39000000,-118200000,113000000,1509300000,26600000,113.88,120.6,107.17,0.3378,0.1138,16.39,6.69,19.98,63.55,0.506,0.7174,0.3094,0.1254,0.91,1.93,2.4445
2016-03-31,130263542,130263542,1,6539600000,4063000000,4324000000,1504900000,2215600000,0,0,1241500000,1513200000,1440300000,168000000,168000000,1.29,1.28,0.725,214500000,-175200000,-98900000,-52900000,1396300000,12400000,101.58,115.62,87.53,0.3285,0.1181,17.01,5.97,17.13,62.1,0.4785,0.683,0.3388,0.1258,0.94,1.55,2.6998
2015-12-31,131423076,131423076,1,6419700000,3957200000,4183200000,1383400000,2236500000,0,0,1240900000,1492900000,1426600000,185500000,185500000,1.41,1.4,0.725,184800000,-91300000,-57300000,21900000,1449200000,40000000,104.75,111.03,98.47,0.3323,0.1253,17.02,6.13,17.2,61.38,0.447,0.6675,0.3484,0.1297,0.97,1.1,2.8605
2015-09-30,132015341,132015341,1,6404700000,4048000000,4147900000,1327700000,2256800000,0,0,1258300000,1500900000,1607500000,201300000,201300000,1.51,1.5,0,348000000,-175500000,-275400000,-139900000,1427300000,39600000,112.88,126.77,99,0.3328,0.1309,17.09,5.92,17.69,60.65,0.4227,0.6651,0.3524,0.1312,1,2.34,3.0489
2015-06-30,134105606,134105606,1,6406500000,4174900000,3850500000,1416000000,2556000000,0,0,1284500000,1492200000,1575200000,206100000,206100000,1.53,1.52,1.3,286300000,21800000,-160800000,164300000,1567200000,23400000,118.53,127.05,110,0.3382,0.1393,19.06,6.22,18.84,60.65,0.3998,0.5838,0.399,0.135,1.03,1.96,2.9484
2015-03-31,134574906,134574906,1,6280200000,4046000000,3713700000,1279300000,2566500000,0,0,1275500000,1505400000,1550800000,206000000,206000000,1.53,1.51,0.65,285200000,-36200000,-107500000,111000000,1402900000,17900000,110.63,118.96,102.31,0.3304,0.1398,19.07,5.83,18.26,59.35,0.3862,0.5866,0.4087,0.1325,1.06,1.99,3.1627
2014-12-31,135444053,135444053,1,6202000000,3932500000,3632900000,1770800000,2569100000,0,0,1297000000,905600000,1574400000,214200000,214200000,1.58,1.56,0.65,268200000,-57000000,-64400000,100600000,1291900000,39900000,108.44,118.32,98.55,0.3151,0.1363,18.97,5.54,18.35,58.7,0.3895,0.3525,0.4142,0.1276,1.07,1.69,2.2207
2014-09-30,135771159,135771159,1,6229500000,3934200000,3571400000,1692100000,2658100000,0,0,1296800000,905600000,1781800000,248700000,248700000,1.81,1.79,0,325900000,-100700000,-170400000,16200000,1191300000,44900000,118.32,126.84,109.8,0.3057,0.1351,19.58,5.99,20.94,58.05,0.3879,0.3407,0.4267,0.1248,1.08,2.07,2.325
2014-06-30,137872386,137872386,1,6145100000,3907700000,3423200000,1712700000,2721900000,0,0,1318100000,905400000,1649500000,199700000,199700000,1.44,1.43,1.16,301100000,-126700000,-238700000,-64700000,1175100000,38000000,121.89,128.57,115.21,0.2953,0.1317,19.74,6.14,21.5,58.05,0.4042,0.3326,0.4429,0.121,1.09,1.91,2.2816
2014-03-31,138445988,138445988,1,6158100000,3929400000,3407900000,1696700000,2750200000,0,0,1312300000,905400000,1600500000,180300000,180300000,1.3,1.28,0.58,202800000,-157100000,-53000000,-6200000,1239800000,22500000,117.25,125.66,108.83,0.318,0.1345,19.86,6.05,20.83,56.89,0.3825,0.3292,0.4466,0.1221,1.1,1.3,2.3159
2013-12-31,138781301,138781301,1,5940800000,3719800000,3253000000,1538700000,2687800000,0,0,1293600000,905100000,1591700000,198100000,198100000,1.43,1.41,0.58,203500000,-98900000,-59700000,45100000,1246000000,35600000,111,119.03,102.98,0.341,0.1363,19.37,5.95,20.71,56.31,0.3661,0.3367,0.4524,0.1229,1.11,1.21,2.4175
2013-09-30,138660664,138660664,1,5844600000,3679900000,3259100000,1544700000,2585500000,0,0,1235800000,905100000,1715700000,215300000,215300000,1.56,1.53,0,351000000,-59200000,-131000000,176200000,1200900000,59300000,96.66,109.72,83.59,0.3525,0.1313,18.65,6.68,18.59,55.73,0.3644,0.3501,0.4424,0.1191,1.1,2.1,2.3823
2013-06-30,138669309,138669309,1,5771300000,3485100000,3763500000,1552300000,2007800000,0,0,1219400000,905100000,1624200000,203700000,203700000,1.46,1.45,1.04,293900000,-42500000,-185300000,57600000,1024700000,31900000,86.13,91.67,80.6,0.3752,0.1289,14.48,5.95,16.95,55.73,0.3743,0.4508,0.3479,0.1169,1.1,1.89,2.2451
2013-03-31,139659336,139659336,1,5719900000,3436900000,3699400000,1469900000,2020500000,0,0,1215700000,905000000,1522800000,175900000,175900000,1.25,1.24,0.47,202600000,-49300000,-124600000,12800000,967100000,33400000,87.78,91.99,83.58,0.3727,0.1289,14.47,6.23,17.56,54.69,0.3563,0.4479,0.3532,0.116,1.11,1.21,2.3382
2012-12-31,139803729,139803729,1,5711100000,3392600000,3743300000,1487900000,1967800000,0,0,1242100000,905000000,1489200000,161400000,161400000,1.16,1.14,0.47,160300000,-105800000,-13700000,50400000,954300000,21600000,76.55,84.8,68.3,0.368,0.1291,14.08,5.76,14.92,54.22,0.3534,0.4599,0.3446,0.114,1.13,0.99,2.2801
2012-09-30,139309300,139309300,1,5636500000,3387500000,3784800000,1531600000,1851700000,0,0,1158300000,905000000,1664000000,195200000,195200000,1.39,1.37,0,389800000,-44500000,-264300000,98300000,903900000,44700000,67.59,73.98,61.2,0.3849,0.1356,13.29,4.96,13.12,53.75,0.3358,0.4887,0.3285,0.1177,1.15,2.48,2.2117
2012-06-30,141148269,141148269,1,5382400000,3261600000,3459900000,1556400000,1922500000,0,0,1143700000,905000000,1560400000,190700000,190700000,1.34,1.33,0.895,263900000,-70100000,-169500000,-6200000,805600000,32400000,71.54,80.67,62.41,0.3937,0.1391,13.62,5.03,14.17,53.75,0.3328,0.4707,0.3572,0.119,1.17,1.64,2.0956
2012-03-31,142725121,142725121,1,5434600000,3270600000,3404000000,1481700000,2030600000,0,0,1168700000,905000000,1561100000,167800000,167800000,1.18,1.16,0.425,253200000,-197900000,-143800000,-72200000,811800000,30900000,78.46,84.71,72.21,0.389,0.1374,14.23,6.02,15.6,52.86,0.317,0.4457,0.3736,0.118,1.16,1.56,2.2073
2011-12-31,142394050,142394050,1,5279100000,3114000000,3424300000,1512800000,1854800000,0,0,1154900000,905000000,1473900000,183300000,183300000,1.29,1.27,0.425,-189200000,-190700000,294900000,-104900000,884000000,31600000,65.53,78.01,53.06,0.3975,0.1392,13.03,5.32,13.65,52.43,0.3037,0.4879,0.3513,0.1197,1.16,-1.55,2.0584
2011-09-30,141916926,141916926,1,5284900000,3075100000,3536900000,1329900000,1748000000,0,0,1170600000,905000000,1654300000,201800000,201800000,1.41,1.39,0,181000000,-43300000,-133200000,-32900000,988900000,44100000,70.08,89.79,50.36,0.3938,0.1361,12.32,5.29,16.22,52.01,0.3028,0.5177,0.3308,0.1163,1.17,0.96,2.3123
2011-06-30,143209513,143209513,1,5327700000,3095700000,3430600000,1339300000,1897100000,0,0,1193400000,905000000,1516200000,179500000,179500000,1.25,1.23,0.775,221700000,-78800000,-155100000,1500000,1021800000,33100000,87.45,98.19,76.71,0.369,0.1257,13.25,6.79,22.31,52.01,0.3369,0.477,0.3561,0.11,1.14,1.32,2.3114
2011-03-31,144307744,144307744,1,5111100000,2947800000,3254200000,1177100000,1856900000,0,0,1136300000,904900000,1464100000,166400000,166400000,1.16,1.14,0.35,225000000,-22600000,28100000,251000000,1020300000,22600000,83.34,94.88,71.79,0.3613,0.1178,12.87,7.48,22.34,51.23,0.3369,0.4873,0.3633,0.104,1.13,1.4,2.5043
2010-12-31,142346165,142346165,1,4778900000,2631700000,3192800000,1120100000,1586100000,0,0,1118500000,904900000,1365800000,150100000,150100000,1.06,1.04,0.35,12400000,-16200000,-37700000,-44100000,769300000,20300000,66.41,72.75,60.08,0.3682,0.1151,11.14,6.45,20.62,50.88,0.3383,0.5705,0.3319,0.1043,1.1,-0.06,2.3495
2010-09-30,141790182,141790182,1,4748300000,2586600000,3287900000,1222300000,1460400000,0,0,1129800000,904900000,1356900000,131300000,131300000,0.92,0.91,0,60000000,-39300000,-67700000,-12600000,813400000,45200000,55.53,63.27,47.79,0.3303,0.1015,10.3,5.72,22.12,50.53,0.3738,0.6196,0.3076,0.0956,1.06,0.1,2.1162
2010-06-30,141857068,141857068,1,4614500000,2518600000,3238500000,1226700000,1376000000,0,0,1096300000,904800000,1268100000,119400000,119400000,0.84,0.83,0.64,135500000,-23700000,-91700000,8800000,826000000,23700000,56.27,63.9,48.63,0.2642,0.081,9.7,5.66,29.46,50.53,0.4795,0.6576,0.2982,0.0791,1.02,0.79,2.0532
2010-03-31,142595043,142595043,1,4542200000,2436500000,3122900000,1115700000,1419300000,0,0,1107400000,904800000,1164500000,137000000,137000000,0.96,0.95,0.29,178100000,-12500000,-49300000,100900000,817200000,17000000,51.36,57,45.72,0.1928,0.0632,9.95,5.36,41.09,49.89,0.5997,0.6375,0.3125,0.0638,0.99,1.13,2.1838
2009-12-31,142759415,142759415,1,4398800000,2257100000,3031400000,995000000,1367400000,0,0,1138800000,904800000,1067500000,76600000,76600000,0.54,0.53,0.29,119600000,-13500000,-32700000,72500000,716300000,13500000,44.32,49.25,39.39,0.1218,0.042,9.58,4.79,28.59,49.6,0.9216,0.6617,0.3109,0.0425,0.99,0.74,2.2684
2009-09-30,142253411,142253411,1,4305700000,2134800000,2989300000,947200000,1316400000,0,0,1144100000,904700000,1074400000,28900000,28900000,0.2,0.2,0,117800000,-25300000,-36300000,63300000,643800000,33500000,37.34,45.12,29.55,0.144,0.0518,9.25,3.3,16.82,49.31,0.7457,0.6873,0.3057,0.0509,1.02,0.59,2.2538
2009-06-30,141956745,141956745,1,4164000000,2106200000,2556500000,956400000,1607500000,0,0,1137200000,904800000,1010800000,32800000,32800000,0.23,0.23,0.58,189700000,-30700000,-113200000,61000000,580500000,18800000,28.27,35.56,20.97,0.1953,0.0732,11.32,2.53,9.36,49.31,0.6478,0.5629,0.386,0.0669,1.09,1.2,2.2022
2009-03-31,141828126,141828126,1,4175700000,2137800000,2589600000,999800000,1586100000,0,0,1108400000,904700000,1058100000,40600000,40600000,0.29,0.29,0.29,169600000,-51100000,-142500000,-34500000,519500000,18300000,26.25,35,17.5,0.2575,0.0957,11.18,2.3,7.11,48.73,0.3786,0.5704,0.3798,0.084,1.14,1.07,2.1382
2008-12-31,141778742,141778742,1,4399300000,2361000000,2780500000,1192300000,1618800000,0,0,1098100000,904500000,1189200000,118400000,118400000,0.84,0.83,0.29,48800000,-25300000,-15400000,-28200000,554000000,27400000,29.36,37.21,21.51,0.3045,0.1131,11.42,2.46,7.53,48.44,0.3095,0.5587,0.368,0.0971,1.16,0.15,1.9802
2008-09-30,141500213,141500213,1,4593600000,2436600000,2904800000,1303100000,1688800000,0,0,1165800000,904400000,1484300000,125600000,125600000,0.88,0.87,0.29,244600000,-45800000,-406400000,-223700000,582200000,48200000,41.38,49.92,32.83,0.3187,0.1177,11.93,3.18,10.04,48.15,0.2923,0.5355,0.3676,0.1014,1.16,1.39,1.8698
2008-06-30,145590124,145590124,1,5111300000,2740900000,3214700000,1581600000,1896600000,0,0,1209800000,904200000,1475000000,152600000,152600000,1.04,1.03,0.29,191800000,-93400000,-52100000,45200000,805900000,43000000,52.12,61.49,42.75,0.338,0.1261,13.03,4.07,12.59,47.86,0.2772,0.4767,0.3711,0.1105,1.14,1.02,1.733
2008-03-31,146742863,146742863,1,4979500000,2664700000,3098900000,1478800000,1880600000,0,0,1173700000,904100000,1406600000,142800000,142800000,0.97,0.96,0.29,58500000,-29900000,-175900000,-106300000,760700000,33500000,59.86,69.72,50,0.3412,0.132,12.82,4.98,7.85,47.57,0.2753,0.4808,0.3777,0.1167,1.13,0.17,1.8019
2007-12-31,148361042,148361042,1,4941000000,2667100000,3157200000,1541500000,1783800000,0,0,1156200000,903900000,1331900000,156600000,156600000,1.05,1.04,0.29,95900000,-51600000,191600000,242800000,867000000,26300000,69.35,73.86,64.85,0.6332,0.2573,12.02,5.94,7.63,47.28,0.1451,0.5067,0.361,0.2342,1.1,0.47,1.7302
2007-09-30,149225165,149225165,1,4545800000,2382000000,2803000000,1744500000,1742800000,0,0,1101900000,405700000,1370500000,165200000,165200000,1.08,1.09,0.29,196500000,-215800000,-171300000,-170100000,624200000,48900000,69.94,75.6,64.28,0.7551,0.313,11.68,5.43,7.83,46.99,0.1219,0.2328,0.3834,0.2973,1.05,0.99,1.3654
2007-06-30,152558764,152558764,1,4586900000,2512100000,2621500000,1586000000,1965400000,0,0,867900000,409000000,1280600000,164200000,164200000,1.07,1.05,0.29,36800000,-29900000,-342000000,-325300000,794300000,28900000,64,70.71,57.3,0.739,0.3101,12.88,4.62,7.35,46.7,0.1179,0.2081,0.4285,0.2926,1.06,0.05,1.5839
2007-03-31,157754396,157754396,1,4816900000,2769000000,2632000000,1563600000,2184900000,0,0,869900000,408900000,1206500000,729300000,729300000,4.52,4.45,0.29,104800000,1669200000,-1090500000,686100000,1119600000,26100000,61.02,65.31,56.73,0.7626,0.3033,13.85,5.08,12.04,46.41,0.1159,0.1871,0.4536,0.2814,1.08,0.5,1.7709
2006-12-31,165667694,165667694,1,5061500000,2504000000,3073200000,1624100000,1988300000,0,0,824800000,749500000,1146300000,429100000,429100000,2.55,2.5,0.29,120700000,-31100000,-70100000,25400000,433500000,27100000,61.64,66.02,57.26,0.4936,0.1838,12,5.47,18.29,46.12,0.1853,0.377,0.3928,0.1647,1.12,0.56,1.5418
2006-09-30,170173369,170173369,1,4735400000,2188000000,2817200000,1293300000,1918200000,0,0,1166100000,748200000,1453700000,165800000,165800000,0.95,0.93,0.22,287700000,51100000,-265000000,75800000,414700000,227400000,64.08,74.67,53.49,0.3565,0.1282,11.27,6.89,20.41,45.83,0.2584,0.3901,0.4051,0.1091,1.17,0.35,1.6918
2006-06-30,175936847,175936847,1,4814300000,2186800000,3178100000,1181800000,1636200000,0,0,1162600000,745100000,1428400000,149000000,149000000,0.84,0.83,0.225,180900000,-34900000,-107300000,36600000,338900000,28300000,71.04,79.47,62.61,0.3488,0.1219,9.3,7.54,23.76,45.61,0.2784,0.4554,0.3399,0.1048,1.16,0.87,1.8504
2006-03-31,177512501,177512501,1,4767000000,2098200000,3094100000,1105400000,1672900000,0,0,1150500000,745800000,1377900000,146500000,146500000,0.83,0.81,0.225,155100000,-28600000,-73500000,55600000,302300000,14700000,66.24,73.96,58.52,0.323,0.121,9.42,7.42,22.3,45.39,0.2917,0.4458,0.3509,0.104,1.16,0.79,1.8981
2005-12-31,177231053,177231053,1,4619200000,1964300000,3035900000,1047300000,1583300000,0,0,1141200000,747200000,1301400000,145700000,145700000,0.82,0.8,0.225,-197500000,94900000,-110600000,-216900000,246700000,-120300000,55.51,60.67,50.35,0.3106,0.1249,8.93,6.03,19.27,45.16,0.2725,0.4719,0.3428,0.1079,1.16,-0.44,1.8756
2005-09-30,179136454,179136454,1,4525100000,2186500000,2876000000,940800000,1649100000,0,0,1118900000,748200000,1335200000,129300000,129300000,0.72,0.7,0.22,None,None,None,-5200000,463600000,45900000,51.7,55.25,48.16,0.2884,0.1246,9.21,4.96,17.47,44.94,0.2611,0.4537,0.3644,0.1079,1.15,None,2.3241
2005-06-30,181600862,181600862,1,4237100000,2078400000,2345400000,924400000,1891700000,0,0,1126900000,751800000,1264700000,127300000,127300000,0.7,0.68,0.225,181000000,-22900000,-166200000,-15900000,468800000,22900000,51.95,58.4,45.49,0.2902,0.1313,10.42,4.81,17.67,44.72,0.2379,0.3974,0.4465,0.1167,1.13,0.87,2.2484
2005-03-31,183964032,183964032,1,4303300000,2107400000,2314300000,883100000,1989000000,0,0,1139100000,748700000,1218400000,150000000,150000000,0.81,0.79,0.165,182200000,-34700000,-137000000,17000000,484700000,48900000,54.35,63.3,45.4,0.298,0.1327,10.81,5.11,21.23,44.49,0.2196,0.3764,0.4622,0.119,1.11,0.72,2.3864
2004-12-31,184173792,184173792,1,4276100000,2066000000,2316400000,845200000,1959700000,0,0,1148000000,754500000,1184900000,133400000,133400000,0.72,0.71,0.165,102300000,-21300000,-102500000,-6100000,467700000,6400000,43.84,49.97,37.72,0.2714,0.1173,10.64,4.34,20.2,44.33,0.2526,0.385,0.4583,0.1061,1.1,0.52,2.4444
2004-09-30,184191340,184191340,1,4201200000,2026100000,2340200000,863600000,1861000000,0,0,1134900000,757700000,1119000000,148000000,148000000,0.81,0.78,0.17,222400000,-8100000,-91400000,144100000,473800000,38200000,37.38,39.72,35.05,0.242,0.1016,10.1,4.11,21.36,44.16,0.2971,0.4071,0.443,0.0941,1.08,1,2.3461
2004-06-30,184330252,184330252,1,4034600000,1868500000,2357500000,910600000,1677100000,0,0,1144300000,752300000,1163500000,126400000,126400000,0.68,0.66,0.165,94300000,-22600000,-96100000,-24100000,329700000,22700000,34.23,37.56,30.89,0.2028,0.0828,9.1,3.82,19.45,43.99,0.3703,0.4486,0.4157,0.0768,1.08,0.39,2.0519
2004-03-31,185887022,185887022,1,4068600000,1867900000,2402500000,855200000,1666100000,0,0,1147200000,766000000,1112900000,78300000,78300000,0.42,0.41,0.165,None,None,None,38200000,353800000,20900000,32.73,37,28.45,0.2031,0.0837,8.96,3.7,20.33,43.83,0.3687,0.4598,0.4095,0.0795,1.05,None,2.1842
2003-12-31,187013315,187013315,1,4037900000,1814900000,2382900000,795800000,1655000000,0,0,1151300000,759400000,1015700000,62200000,62200000,0.33,0.32,0.165,144300000,-16000000,-36500000,89200000,315600000,16200000,31.13,36.1,26.16,0.1863,0.0767,8.85,3.66,20.62,43.66,0.4037,0.4589,0.4099,0.074,1.04,0.68,2.2806
2003-09-30,186430888,186430888,1,3986000000,1736000000,2399000000,820000000,1587000000,0,0,1142000000,764000000,1058000000,67000000,67000000,0.37,0.36,0.17,158000000,-30000000,-36000000,100000000,226000000,38000000,26.01,28.69,23.33,0.1751,0.0718,8.51,2.83,25.25,43.5,0.4315,0.4814,0.3981,0.0697,1.03,0.64,2.1171
2003-06-30,184800903,184800903,1,3943000000,1675000000,2243000000,851000000,1700000000,0,0,1143000000,777000000,1033000000,128000000,128000000,0.69,0.67,0.165,77000000,-29000000,-200000000,-170000000,126000000,29000000,23.19,25.85,20.52,0.119,0.0488,9.2,2.63,27.94,43.33,0.6324,0.4571,0.4311,0.0482,1.01,0.26,1.9683
2003-03-31,185328442,185328442,1,4009000000,1787000000,2376000000,926000000,1633000000,0,0,1132000000,770000000,1029000000,49000000,49000000,0.26,0.26,0.165,97000000,-54000000,-44000000,-11000000,296000000,27000000,21.31,23.87,18.75,0.0976,0.0391,8.81,2.46,23.68,43.16,0.7865,0.4715,0.4073,0.0391,1,0.38,1.9298
2002-12-31,185663153,185663153,1,4006000000,1772000000,2394000000,930000000,1612000000,0,0,1128000000,770000000,984000000,42000000,42000000,0.22,0.22,0.165,104000000,-20000000,-55000000,18000000,307000000,15000000,18.51,22.3,14.71,0.1067,0.0424,8.68,2.14,28.48,43,0.7307,0.4777,0.4024,0.0428,0.99,0.48,1.9054
2002-09-30,185899678,185899678,1,4024000000,1775000000,2415000000,966000000,1609000000,0,0,1124000000,767000000,996000000,-24000000,-24000000,-0.12,-0.12,0.17,181000000,-36000000,-74000000,75000000,289000000,29000000,17.98,20.26,15.7,0.0769,0.0304,8.66,2.12,21.4,42.83,1.0188,0.4767,0.3999,0.031,0.98,0.82,1.8375
2002-06-30,185802553,185802553,1,4013000000,1779000000,2433000000,1083000000,1580000000,0,0,1118000000,760000000,1006000000,90000000,90000000,0.48,0.47,0.165,146000000,-37000000,-67000000,27000000,214000000,24000000,20.74,22.79,18.7,0.1,0.0394,8.5,2.51,37.71,42.66,27.6964,0.481,0.3937,0.0401,0.98,0.66,1.6427
2002-03-31,185375288,185375288,1,3911000000,1666000000,2379000000,883000000,1532000000,0,0,1115000000,909000000,965000000,61000000,61000000,0.33,0.33,0.165,None,None,None,17000000,187000000,28000000,19.36,21.45,17.26,0.0641,0.0251,8.26,2.27,21.75,42.5,43.2127,0.5933,0.3917,0.0256,0.98,None,1.8867
2001-12-31,184415721,184415721,1,3958000000,1671000000,2389000000,800000000,1569000000,0,0,1134000000,922000000,942000000,-6000000,-6000000,-0.03,-0.03,0.165,87000000,-19000000,-25000000,49000000,170000000,19000000,15.9,18.7,13.1,0.0872,0.037,8.51,1.83,9.64,42.33,26.5487,0.5876,0.3964,0.0398,0.93,0.37,2.0888
2001-09-30,183793520,183793520,1,4074000000,1697000000,2474000000,867000000,1600000000,0,0,1192000000,922000000,1005000000,12000000,12000000,0.07,0.07,23.16,-8000000,-37000000,-91000000,-138000000,121000000,34000000,14.58,16.96,12.2,0.14,0.0616,8.71,1.67,6.15,42.17,14.415,0.5763,0.3927,0.0706,0.87,-0.23,1.9573
2001-06-30,183581465,183581465,1,4174000000,1759000000,2568000000,969000000,1606000000,0,0,1210000000,924000000,1027000000,34000000,34000000,0.18,0.18,0.255,195000000,251000000,-369000000,82000000,259000000,49000000,41.48,47,35.95,0.1791,0.0793,8.75,2.71,13.42,19.01,0.4279,0.5753,0.3848,0.0842,0.94,0.8,1.8153
2001-03-31,182857281,182857281,1,5615000000,2591000000,2821000000,1318000000,2794000000,0,0,1232000000,924000000,1171000000,125000000,125000000,0.68,0.67,0.255,122000000,-34000000,-62000000,15000000,190000000,34000000,42.3,48.62,35.99,0.2106,0.0945,15.28,2.84,12.94,18.75,0.3272,0.3307,0.4976,0.0952,0.99,0.48,1.9659
2000-12-31,182256627,182256627,1,5928000000,2665000000,3213000000,1508000000,2715000000,0,0,1251000000,925000000,1120000000,134000000,134000000,0.74,0.73,0.255,26000000,-27000000,325000000,-8000000,158000000,21000000,38.79,47.63,29.94,0.2257,0.0979,14.9,2.66,11.58,18.5,0.3085,0.3407,0.458,0.0919,1.06,0.03,1.7672
2000-09-30,182709077,182709077,1,6390000000,3206000000,3721000000,1820000000,2669000000,0,0,1403000000,924000000,1884000000,145000000,145000000,0.77,0.79,0.26,318000000,-224000000,-155000000,-61000000,190000000,107000000,34.59,41.06,28.13,0.235,0.0993,14.61,2.35,10.29,18.24,0.3004,0.3462,0.4177,0.0881,1.13,1.15,1.7615
2000-06-30,185107184,185107184,1,6362000000,3266000000,3638000000,1741000000,2724000000,0,0,1395000000,910000000,1852000000,170000000,170000000,0.91,0.9,0.255,299000000,-82000000,-158000000,59000000,224000000,72000000,38.06,44.63,31.5,0.2394,0.0996,14.72,2.6,11.78,17.98,0.2958,0.3341,0.4282,0.0888,1.12,1.23,1.8759
2000-03-31,188023107,188023107,1,6365000000,3255000000,3611000000,1753000000,2754000000,0,0,1398000000,910000000,1811000000,164000000,164000000,0.87,0.85,0.255,202000000,-90000000,-243000000,-131000000,165000000,24000000,45.16,51.94,38.38,0.236,0.0965,14.65,3.2,14.47,17.73,0.3078,0.3304,0.4327,0.0863,1.12,0.95,1.8568
1999-12-31,189769279,189769279,1,6515000000,3426000000,3835000000,1891000000,2680000000,0,0,1372000000,911000000,1673000000,157000000,157000000,0.83,0.81,0.255,107000000,-53000000,-114000000,-60000000,296000000,53000000,49.53,54.06,45,0.2357,0.0932,14.12,3.57,17.08,17.47,0.3195,0.3399,0.4114,0.0844,1.1,0.28,1.8117
1999-09-30,190221589,190221589,1,6704000000,3582000000,4067000000,2108000000,2637000000,0,0,1390000000,911000000,1942000000,155000000,155000000,0.81,0.8,0.25,417000000,-69000000,-54000000,294000000,356000000,45000000,56.91,64.94,48.88,0.2258,0.0873,13.86,4.29,42.16,17.22,3.3829,0.3455,0.3933,0.0786,1.11,1.96,1.6992
1999-06-30,191315996,191315996,1,6364000000,3129000000,3826000000,1920000000,2538000000,0,0,1462000000,911000000,1829000000,150000000,150000000,0.79,0.77,0.255,189000000,-149000000,-82000000,-42000000,62000000,88000000,52.41,63.56,41.25,0.1,0.0403,13.27,4.14,None,16.97,7.2081,0.3589,0.3988,0.0413,0.97,0.53,1.6297
1999-03-31,190397774,190397774,1,6377000000,3188000000,3964000000,2032000000,2413000000,0,0,1418000000,911000000,1726000000,143000000,143000000,0.75,0.74,0.255,280000000,-193000000,-178000000,-91000000,104000000,83000000,44.69,49.44,39.94,-0.1281,-0.0539,12.67,3.58,None,16.71,None,0.3775,0.3784,None,0.92,1.03,1.5689
1998-12-31,189766417,189766417,1,6318000000,3230000000,3950000000,2028000000,2368000000,0,0,1333000000,910000000,1654000000,114000000,114000000,0.6,0.59,9.255,54000000,-9000000,94000000,92000000,195000000,-37000000,42.22,52.31,32.13,-0.1197,-0.0553,12.48,2.47,None,16.46,None,0.3843,0.3748,None,0.89,0.48,1.5927
1998-09-30,189674156,189674156,1,7170000000,4096000000,3925000000,1983000000,3245000000,0,0,1330000000,908000000,1179000000,-143000000,-143000000,-0.75,-0.75,0.26,251000000,-168000000,-188000000,-57000000,103000000,168000000,41,48.25,33.75,-0.109,-0.0557,17.11,2.26,None,7.2,None,0.2798,0.4526,None,0.89,0.44,2.0656
1998-06-30,191193099,191193099,1,7453000000,4393000000,3984000000,2082000000,3469000000,0,0,1368000000,908000000,1692000000,-482000000,-482000000,-2.47,-2.47,0.255,None,None,None,-98000000,164000000,-110000000,52.81,59.06,46.56,-0.0406,-0.0223,18.14,2.38,23.37,6.94,None,0.2617,0.4655,None,0.93,None,2.11
1998-03-31,196508777,196508777,1,8123000000,3780000000,3766000000,1853000000,4357000000,0,0,1805000000,907000000,1965000000,109000000,109000000,0.55,0.53,0.255,108000000,-153000000,134000000,89000000,272000000,153000000,55.01,61.63,48.38,None,None,22.17,2.4,21.16,6.69,2.6313,0.2082,0.5364,0.0649,None,-0.23,2.0399
1997-12-31,200880282,200880282,1,7904000000,3615000000,3304000000,2130000000,4600000000,0,0,1795000000,157000000,2004000000,89000000,89000000,0.43,0.43,0.255,154000000,-254000000,0,-100000000,183000000,96000000,51.47,58.63,44.31,None,None,22.9,2.19,17.21,6.43,2.2724,0.0341,0.582,0.0763,None,0.29,1.6972
1997-09-30,204327733,204327733,1,7971000000,3684000000,3160000000,1970000000,4811000000,0,0,1789000000,156000000,1682000000,109000000,109000000,0.52,None,5.31,None,None,None,None,283000000,0,61.97,66.38,57.56,None,None,23.55,None,None,6.18,1.9729,0.0324,0.6036,0.0817,None,None,1.8701
1997-06-30,210000000,210000000,1,None,None,None,None,None,0,0,0,0,1653000000,167000000,167000000,0.79,0.78,0.29,None,None,None,None,None,0,63.5,68.75,58.25,None,None,None,None,None,0.87,None,None,None,None,None,None,None
1997-03-31,213072478,213072478,1,8543000000,4505000000,3241000000,2037000000,5302000000,0,0,1789000000,154000000,1919000000,189000000,189000000,0.87,None,0.29,215000000,-205000000,-150000000,-140000000,693000000,138000000,63.5,68.75,58.25,None,None,24.88,2.51,None,0.58,None,0.029,0.6206,None,None,0.36,2.2116
1996-12-31,216704944,216704944,1,9675000000,4966000000,4198000000,2649000000,5477000000,0,0,1803000000,163000000,2628000000,179000000,179000000,0.82,None,0.29,114000000,423000000,-399000000,138000000,853000000,-446000000,64.75,70.63,58.88,None,None,25.27,3.33,None,0.29,None,0.0298,0.5661,None,None,2.58,1.8747
1996-09-30,218967954,218967954,1,10065000000,5358000000,5809000000,4281000000,4256000000,0,0,1809000000,161000000,None,None,None,None,None,0,None,None,None,None,715000000,0,59.38,64.63,54.13,None,None,19.44,None,None,0,None,0.0378,0.4229,None,None,None,1.2516
