"Quarter end","Shares","Shares split adjusted","Split factor","Assets","Current Assets","Liabilities","Current Liabilities","Shareholders equity","Non-controlling interest","Preferred equity","Goodwill & intangibles","Long-term debt","Revenue","Earnings","Earnings available for common stockholders","EPS basic","EPS diluted","Dividend per share","Cash from operating activities","Cash from investing activities","Cash from financing activities","Cash change during period","Cash at end of period","Capital expenditures","Price","Price high","Price low","ROE","ROA","Book value of equity per share","P/B ratio","P/E ratio","Cumulative dividends per share","Dividend payout ratio","Long-term debt to equity ratio","Equity to assets ratio","Net margin","Asset turnover","Free cash flow per share","Current ratio"
2019-03-31,189926451,189926451,1,49605381000,3407776000,40415587000,4861083000,8970367000,219427000,0,377172000,17201886000,2609584000,258646000,258646000,1.34,1.32,0.91,501189000,-950958000,952290000,502521000,983496000,990074000,90.05,96.87,83.23,0.1138,0.0201,47.23,1.93,19.45,61.4,0.685,1.9176,0.1808,0.0894,0.22,-2.57,0.701
2018-12-31,189580512,189580512,1,48275066000,2958064000,39211359000,5443544000,8844305000,219402000,0,377172000,15538681000,2512482000,-72778000,-72778000,-0.36,-0.36,0.91,525743000,-1105506000,72757000,-507006000,480975000,1205364000,85.18,90.79,79.56,0.1021,0.0177,46.65,1.83,36.56,60.49,0.7725,1.7569,0.1832,0.0771,0.23,-3.58,0.5434
2018-09-30,181142215,181142215,1,48471172000,3694546000,39860689000,5750563000,8412712000,197771000,0,377172000,15801714000,3104319000,539818000,539818000,2.96,2.92,0.89,779581000,-1070789000,466402000,175194000,987981000,1074374000,81.7,85.81,77.59,0.0538,0.0092,46.44,1.84,50.43,59.58,1.479,1.8783,0.1736,0.0392,0.23,-1.63,0.6425
2018-06-30,180855032,180855032,1,47622649000,3534450000,39402417000,6232073000,8022461000,197771000,0,377172000,14878949000,2668770000,248860000,248860000,1.36,1.34,0.89,522530000,-955254000,39915000,-392809000,812787000,985451000,79.04,82.63,75.45,0.0364,0.0063,44.36,1.79,31,58.69,2.1516,1.8547,0.1685,0.0264,0.24,-2.56,0.5671
2018-03-31,180823624,180823624,1,47281525000,3655734000,39108783000,5232672000,7974943000,197799000,0,377172000,15613260000,2723881000,132761000,132761000,0.73,0.73,0.89,557393000,-974438000,841368000,424323000,1205596000,981126000,77.45,82.96,71.95,0.0559,0.0099,44.1,1.75,33.97,57.8,1.3748,1.9578,0.1687,0.0412,0.24,-2.34,0.6986
2017-12-31,180770383,180770383,1,46707149000,3285331000,38516831000,5036207000,7992515000,197803000,0,377172000,14337274000,2623845000,-486005000,-486005000,-2.66,-2.66,0.89,910749000,-1013327000,337560000,234982000,781273000,1153460000,81.48,87.95,75.01,0.0497,0.0089,44.21,1.69,None,56.91,1.5306,1.7938,0.1711,0.0372,0.24,-1.34,0.6523
2017-09-30,180251407,180251407,1,46398442000,3471231000,37505020000,4460871000,8690237000,203185000,0,377172000,14000305000,3243628000,401644000,401644000,2.22,2.21,0.87,893068000,-1057518000,-223754000,-388204000,546291000,918690000,77.66,80.49,74.83,-0.1027,-0.0186,48.21,1.67,None,56.02,None,1.611,0.1873,None,0.24,-0.14,0.7782
2017-06-30,179520021,179520021,1,46007037000,3599344000,37432996000,4240530000,8370856000,203185000,0,377172000,14330938000,2618550000,413368000,413368000,2.28,2.27,0.87,290290000,-958404000,519547000,-148567000,934495000,997407000,77.75,80.61,74.88,-0.1002,-0.0187,46.63,1.73,None,55.15,None,1.712,0.1819,None,0.24,-3.94,0.8488
2017-03-31,179465897,179465897,1,45318206000,3397491000,37057832000,3879043000,8057189000,203185000,0,377172000,13950777000,2588458000,82605000,82605000,0.46,0.46,0.87,529393000,-811800000,177625000,-104782000,1083062000,832061000,73.57,77.51,69.63,-0.0792,-0.0154,44.9,1.63,None,54.28,None,1.7315,0.1778,None,0.23,-1.69,0.8759
2016-12-31,179394698,179394698,1,45904434000,3684268000,37619440000,3200096000,8081809000,203185000,0,377172000,14492237000,2648528000,-1749953000,-1749953000,-9.87,-9.87,0.87,746304000,-867556000,1662000,-119590000,1187844000,931158000,71.63,76.56,66.71,-0.0606,-0.0122,45.05,1.27,10,53.41,None,1.7932,0.1761,None,0.23,-1.03,1.1513
2016-09-30,179127892,179127892,1,47738181000,4340035000,37435934000,3451747000,10069062000,233185000,0,377172000,13886660000,3124703000,388170000,388170000,2.17,2.16,0.85,1000315000,-716254000,27274000,311335000,1307434000,746591000,79.04,82.09,75.99,0.1337,0.0279,56.21,1.45,82.33,52.54,0.4732,1.3791,0.2109,0.12,0.23,1.42,1.2573
2016-06-30,178982069,178982069,1,45877042000,3851928000,35801070000,4021843000,9757787000,318185000,0,377172000,13137639000,2462562000,567314000,567314000,3.17,3.16,0.85,719259000,-388211000,-426600000,-95552000,996099000,696900000,77.02,81.36,72.67,0.0185,0.0038,54.52,1.47,None,51.69,3.4739,1.3464,0.2127,0.0159,0.24,0.12,0.9578
2016-03-31,178740867,178740867,1,45933882000,4001195000,36254750000,3839348000,9360947000,318185000,0,377172000,13526430000,2609852000,229966000,229966000,1.29,1.28,0.85,532821000,-1878027000,1085896000,-259310000,1091651000,1669608000,74.52,79.69,69.34,-0.0258,-0.0054,52.37,1.44,None,50.84,None,1.445,0.2038,None,0.25,-6.36,1.0422
2015-12-31,178492025,178492025,1,44647681000,4067412000,35390890000,3089958000,9256791000,0,0,377172000,13138557000,2508524000,99572000,99572000,0.56,0.56,0.85,941539000,-422408000,-208768000,310363000,1350961000,465038000,67.28,70.67,63.9,-0.0182,-0.0039,51.86,1.31,None,49.99,None,1.4193,0.2073,None,0.25,2.67,1.3163
2015-09-30,178386800,178386800,1,45041605000,4117346000,35884480000,3453826000,9157125000,0,0,377172000,13080244000,3371406000,-723027000,-723027000,-4.04,-4.04,0.83,1011284000,-816283000,-64773000,130228000,1040598000,780390000,67.68,74.09,61.27,-0.0158,-0.0034,51.33,1.2,15.31,49.14,None,1.4284,0.2033,None,0.26,1.29,1.1921
2015-06-30,179528314,179528314,1,46265651000,4085050000,36013455000,3998371000,10158196000,94000000,0,377172000,12120424000,2713231000,148843000,148843000,0.83,0.83,0.83,727403000,-670212000,-327367000,-270176000,910370000,632280000,74.45,79.84,69.06,0.0788,0.0174,56.58,1.32,16.05,48.31,0.749,1.1932,0.2196,0.0669,0.26,0.53,1.0217
2015-03-31,179522178,179522178,1,46377533000,4139985000,36149554000,3765425000,10133979000,94000000,0,377172000,12336591000,2920090000,298050000,298050000,1.66,1.65,0.83,610958000,-699879000,-152559000,-241480000,1180546000,629350000,82.1,90.33,73.88,0.083,0.0184,56.45,1.47,15.7,47.48,0.7128,1.2173,0.2185,0.0686,0.27,-0.1,1.0995
2014-12-31,179697449,179697449,1,46527854000,4389633000,36426129000,3848891000,10007725000,94000000,0,377172000,12529819000,2831318000,120127000,120127000,0.67,0.67,0.83,998072000,-786047000,141492000,353517000,1422026000,796656000,84.27,92.02,76.51,0.0937,0.021,55.69,1.5,15.63,46.65,0.6345,1.252,0.2151,0.0753,0.28,1.12,1.1405
2014-09-30,180481135,180481135,1,44541649000,4264539000,34298614000,4453567000,10149035000,94000000,0,377172000,11665016000,3458110000,230037000,230037000,1.28,1.27,0.83,1362926000,-777781000,-166704000,418441000,1068509000,664169000,76.59,82.48,70.7,0.0973,0.022,56.23,1.37,14.03,45.82,0.616,1.1494,0.2279,0.0783,0.28,3.87,0.9576
2014-06-30,179608009,179608009,1,44150747000,4245133000,33994279000,4128069000,10062468000,94000000,0,377172000,11967093000,2996650000,189383000,189383000,1.06,1.05,0.83,761406000,-735061000,-284760000,-258415000,650068000,569892000,74.35,82.3,66.41,0.1001,0.0224,56.02,1.34,13.95,44.99,0.608,1.1893,0.2279,0.0798,0.28,1.07,1.0284
2014-03-31,179381728,179381728,1,43876769000,4193316000,33834341000,3917461000,9948428000,94000000,0,377172000,12230249000,3208843000,401174000,401174000,2.24,2.24,0.83,767157000,-655599000,57799000,169357000,908483000,615922000,63.71,67.02,60.4,0.0995,0.0219,55.46,1.18,15.97,44.16,0.6232,1.2294,0.2267,0.0794,0.28,0.84,1.0704
2013-12-31,178563836,178563836,1,43406446000,3929691000,33679980000,4060572000,9632466000,94000000,0,377172000,12171367000,2691906000,146929000,146929000,0.81,0.83,0.83,989760000,-543817000,-71857000,373794000,739126000,495132000,64.42,68.63,60.22,0.0759,0.0165,53.94,1.22,13.34,43.33,0.8317,1.2636,0.2219,0.0625,0.26,2.77,0.9678
2013-09-30,178319275,178319275,1,43324126000,3489590000,33821675000,3439028000,9408451000,94000000,0,377172000,12308306000,3351959000,239850000,239850000,1.35,1.34,0.83,1083554000,-752602000,-276288000,53960000,365332000,725296000,67.13,72.6,61.66,0.0929,0.02,52.76,1.29,12.48,42.5,0.687,1.3082,0.2172,0.0773,0.26,2.01,1.0147
2013-06-30,178282400,178282400,1,43262285000,3591722000,33893768000,3983954000,9274517000,94000000,0,377172000,12128154000,2738208000,163723000,163723000,0.92,0.92,0.83,571916000,-643414000,119960000,48441000,311372000,677343000,67.61,72.1,63.12,0.104,0.0224,52.02,1.31,10.37,41.67,0.6168,1.3077,0.2144,0.0892,0.25,-0.59,0.9015
2013-03-31,178184969,178184969,1,42792973000,3322873000,33485897000,3896420000,9213076000,94000000,0,377172000,11763110000,2608874000,161400000,161400000,0.91,0.9,0.83,543989000,-661760000,-152639000,-269638000,262931000,777025000,63.24,65.39,61.09,0.1266,0.0275,51.71,1.22,13.29,40.84,0.5091,1.2768,0.2153,0.1102,0.25,-1.31,0.8528
2012-12-31,178092521,178092521,1,43202502000,3683126000,33911413000,4106321000,9197089000,94000000,0,377172000,11954859000,2436260000,296267000,296267000,1.66,1.67,0.83,720497000,-1316570000,379015000,-217150000,532569000,1406719000,67.27,72.98,61.55,0.0932,0.0203,51.64,1.3,16.94,40.01,0.6963,1.2999,0.2129,0.0822,0.25,-3.85,0.8969
2012-09-30,177732990,177732990,1,42023680000,3807750000,32739158000,3924268000,9190522000,94000000,0,377172000,11783684000,2963560000,337088000,337088000,1.9,1.89,0.83,1031869000,-823021000,257793000,466326000,749719000,788521000,70.78,74.5,67.07,0.0781,0.0171,51.71,1.39,12.62,39.18,0.8351,1.2822,0.2187,0.068,0.25,1.37,0.9703
2012-06-30,177319259,177319259,1,40917605000,3203500000,31793609000,3041943000,9029996000,94000000,0,377172000,12005448000,2518600000,365001000,365001000,2.06,2.06,0.83,587419000,-750931000,-238306000,-401609000,283393000,729128000,65.59,68.2,62.97,0.111,0.0246,50.93,1.3,12.35,38.35,0.5896,1.3295,0.2207,0.0923,0.27,-0.8,1.0531
2012-03-31,177159198,177159198,1,40930224000,3476337000,31921964000,2910654000,8914260000,94000000,0,377172000,12158576000,2383659000,-151683000,-151683000,-0.86,-0.86,0.83,600500000,-749275000,139649000,-9436000,685002000,764598000,69.94,73.66,66.23,0.1068,0.0237,50.32,1.38,9.26,37.52,0.62,1.3639,0.2178,0.0855,0.28,-0.93,1.1943
2011-12-31,176620417,176620417,1,40701699000,3622703000,31646429000,4950699000,8961270000,94000000,0,377172000,10082134000,2489033000,154139000,154139000,0.88,0.88,0.83,999061000,-1051350000,-240475000,-292702000,694438000,1091981000,68.33,74,62.66,0.1536,0.0342,50.74,1.34,8.61,36.69,0.4361,1.1251,0.2202,0.1199,0.29,-0.53,0.7318
2011-09-30,176116403,176116403,1,39161498000,4154498000,30102136000,4161343000,8965362000,94000000,0,377172000,10281334000,3395553000,628054000,628054000,3.55,3.53,0.83,1152507000,-567780000,-127980000,457282000,987140000,1940610000,63.37,69.14,57.6,0.1643,0.0365,50.91,1.3,9.01,35.86,0.4148,1.1468,0.2289,0.126,0.29,-4.47,0.9984
2011-06-30,176781300,176781300,1,39129761000,3863142000,30438195000,2242404000,8597566000,94000000,0,377172000,12097545000,2803279000,315583000,315583000,1.77,1.76,0.83,654148000,-930898000,80383000,-196379000,529858000,102949000,67.78,70.4,65.15,0.1496,0.0332,48.63,1.41,9.79,35.03,0.4615,1.4071,0.2197,0.1147,0.29,3.12,1.7228
2011-03-31,177967942,177967942,1,38598566000,3777586000,29969428000,2310744000,8535138000,94000000,0,377172000,11622505000,2541208000,248663000,248663000,1.39,1.38,0.83,323101000,-896825000,5787000,-568235000,726237000,185586000,69.61,74.5,64.72,0.1489,0.0334,47.96,1.47,10.45,34.2,0.4681,1.3617,0.2211,0.114,0.29,0.77,1.6348
2010-12-31,179037924,179037924,1,38685276000,4339083000,30094876000,2776249000,8496400000,94000000,0,377172000,11359235000,2533104000,228291000,228291000,1.27,1.27,0.83,760992000,-579479000,-818048000,-636447000,1294472000,253151000,73.28,77.9,68.65,0.1435,0.0326,47.46,1.52,10.41,33.37,0.4765,1.3369,0.2196,0.1088,0.3,2.84,1.5629
2010-09-30,180915164,180915164,1,38668207000,5047463000,29842455000,2914186000,8731752000,94000000,0,377172000,11487386000,3332176000,492886000,492886000,2.65,2.62,0.83,1697255000,-821843000,-279505000,595395000,1930919000,-52158000,75.57,80.8,70.35,0.1522,0.035,48.26,1.61,11.21,32.54,0.4427,1.3156,0.2258,0.1162,0.3,9.67,1.732
2010-06-30,186815779,186815779,1,37752074000,4362522000,28887336000,2806504000,8770738000,94000000,0,377172000,11056324000,2862950000,315266000,315266000,1.67,1.65,0.83,793569000,-657453000,-457781000,-321510000,1335524000,624599000,77.81,84.33,71.28,0.1489,0.0346,46.95,1.66,12.49,31.71,0.4491,1.2606,0.2323,0.1169,0.3,0.9,1.5544
2010-03-31,189303044,189303044,1,38109402000,4732620000,29155323000,3059781000,8860079000,94000000,0,377172000,11173354000,2759347000,213799000,213799000,1.13,1.12,0.75,674265000,-515448000,-211941000,-52517000,1657034000,512812000,79.17,83.09,75.25,0.1388,0.0325,46.8,1.74,12.55,30.88,0.4752,1.2611,0.2325,0.1124,0.29,0.85,1.5467
2009-12-31,189198163,189198163,1,37364597000,4534161000,28657237000,3193997000,8613360000,94000000,0,377172000,11059971000,2498654000,308777000,308777000,1.67,1.65,0.75,923827000,-646733000,302775000,578771000,1709551000,1159657000,80.27,84.44,76.1,0.1428,0.0336,45.53,1.79,14.39,30.13,0.4691,1.284,0.2305,0.1146,0.29,-1.25,1.4196
2009-09-30,188932291,188932291,1,36170335000,3966803000,27592988000,3374194000,8483347000,94000000,0,377172000,10346268000,2937095000,455169000,455169000,2.35,2.32,0.75,992982000,-328180000,-815214000,-150127000,1130780000,-48349000,77.08,82.39,71.76,0.1292,0.03,44.9,1.72,13.59,29.38,0.5286,1.2196,0.2345,0.0972,0.31,5.51,1.1756
2009-06-30,195792216,195792216,1,36485220000,4430066000,27624746000,3501219000,8766474000,94000000,0,377172000,10184849000,2520789000,226813000,226813000,1.16,1.14,0.75,641730000,-472679000,-689757000,-522051000,1280907000,496827000,71.09,78.78,63.39,0.1329,0.0303,44.77,1.62,12.05,28.63,0.5217,1.1618,0.2403,0.0903,0.34,0.74,1.2653
2009-03-31,196103065,196103065,1,36612587000,4865366000,27982181000,3254117000,8630406000,0,0,377172000,11083850000,2789112000,240333000,240333000,1.22,1.2,0.75,374619000,-646802000,153808000,-117533000,1802958000,563587000,73.24,86.61,59.87,0.1445,0.0319,44.01,1.74,11.7,27.88,0.4989,1.2843,0.2357,0.0885,0.36,-0.96,1.4951
2008-12-31,189450354,189450354,1,36616818000,5160389000,28650226000,3765894000,7966592000,0,0,377172000,11336682000,3000867000,170574000,170574000,0.9,0.92,0.75,631514000,-647429000,-621525000,-635397000,1920491000,806293000,75.84,89.76,61.93,0.1578,0.0345,42.05,1.8,12.04,27.13,0.4681,1.423,0.2176,0.0932,0.37,-0.92,1.3703
2008-09-30,189330159,189330159,1,36457964000,5886964000,28481041000,3319357000,7976923000,0,0,377172000,12104312000,3963884000,470289000,470289000,2.47,2.41,0.75,1779245000,-935023000,623570000,1469467000,2555888000,899278000,103.33,122.88,83.78,0.1614,0.0359,42.13,2.7,16.69,26.38,0.4616,1.5174,0.2188,0.0963,0.37,4.65,1.7735
2008-06-30,191574567,191574567,1,34693341000,4737995000,27370536000,3452230000,7322805000,0,0,377172000,10907375000,3264271000,270954000,270954000,1.42,1.37,0.75,465399000,-420023000,125786000,170715000,1086421000,412954000,115.6,123.27,107.94,0.1602,0.0364,38.22,2.88,18.83,25.63,0.4681,1.4895,0.2111,0.1008,0.36,0.27,1.3724
2008-03-31,191503280,191503280,1,33764767000,3946246000,26091617000,3206243000,7673150000,0,0,377172000,10079500000,2864734000,308749000,308749000,1.6,1.56,0.75,448170000,-587621000,-198588000,-338022000,915706000,487407000,113.47,127.48,99.45,0.1574,0.0366,40.07,2.79,20.23,24.88,0.4385,1.3136,0.2273,0.1048,0.35,-0.2,1.2308
2007-12-31,193173374,193173374,1,33643002000,3958247000,25780331000,3256754000,7862671000,0,0,377172000,9880750000,2825729000,193893000,193893000,0.99,0.96,0.75,933018000,-647756000,-479370000,-193684000,1273001000,590761000,116.6,125,108.21,0.1443,0.0344,40.7,2.84,19.66,24.13,0.4431,1.2567,0.2337,0.0988,0.35,1.77,1.2154
2007-09-30,194376164,194376164,1,33758517000,4238065000,25788604000,2723508000,7969913000,0,0,377172000,10300685000,3289087000,461159000,461159000,2.37,2.3,0.75,662620000,-434393000,-81613000,146463000,1466685000,414677000,101.94,111.95,91.94,0.1493,0.0367,41,2.56,18.67,23.38,0.3919,1.2924,0.2361,0.1065,0.34,1.28,1.5561
2007-06-30,195682076,195682076,1,33414727000,4036838000,25627218000,2490053000,7787509000,0,0,377172000,10444377000,2769352000,267602000,267602000,1.36,1.32,0.54,488023000,-763440000,498755000,223106000,1320222000,793418000,112.23,120.47,104,0.1376,0.0355,39.8,2.82,20.52,22.63,0.3868,1.3412,0.2331,0.1003,0.35,-1.56,1.6212
2007-03-31,197264890,197264890,1,31146842000,3296108000,23307786000,2088453000,7839056000,0,0,377172000,9350514000,2600230000,212195000,212195000,1.06,1.03,0.54,476109000,-252869000,-159358000,63871000,1080023000,355051000,97.86,106.13,89.6,0.1376,0.0371,39.74,2.37,18.26,22.09,0.388,1.1928,0.2517,0.1029,0.36,0.61,1.5783
2006-12-31,198309610,198309610,1,31082731000,3325434000,22884844000,2465130000,8197887000,0,0,377172000,8951333000,2480906000,245666000,245666000,1.31,1.28,0.54,1162058000,-503964000,-384583000,271124000,1016152000,417889000,86.2,94.03,78.38,0.1345,0.0369,41.34,2.08,19.07,21.55,0.3996,1.0919,0.2637,0.1015,0.36,3.75,1.349
2006-09-30,206861148,206861148,1,30557654000,3186334000,21999394000,2136944000,8558260000,0,0,377172000,8751058000,3254719000,395694000,388883000,1.87,1.83,0.54,776814000,-340745000,-419711000,16094000,745028000,333942000,75.4,80,70.8,0.1173,0.0321,41.37,1.91,17.37,21.01,0.4701,1.0225,0.2801,0.0918,0.34,2.14,1.4911
2006-06-30,208357426,208357426,1,30563673000,3301974000,22354596000,2233404000,8209077000,0,0,377172000,9116678000,2628502000,289576000,281802000,1.35,1.33,0.54,468028000,-195671000,-295426000,-23452000,728934000,278865000,69.88,72.97,66.78,0.115,0.031,39.4,1.81,16.1,20.47,0.4905,1.1106,0.2686,0.0892,0.34,0.91,1.4784
2006-03-31,207940770,207940770,1,30516046000,3284104000,22477825000,2262354000,8038221000,0,0,377172000,9063419000,2568031000,201666000,193628000,0.93,0.92,0.54,1012515000,-858769000,15993000,169566000,752386000,834577000,70.47,72.97,67.97,0.1165,0.0316,38.66,1.89,16.74,19.93,0.4877,1.1275,0.2634,0.0889,0.35,0.86,1.4516
2005-12-31,207846657,207846657,1,30851269000,4056294000,23108522000,3127914000,7742747000,0,0,377172000,8955375000,1943583000,95961000,90233000,0.43,0.44,0.54,360860000,-788610000,412354000,-15211000,582820000,624485000,71.71,76.42,67,0.1138,0.0314,37.25,1.89,15.97,19.39,0.5019,1.1566,0.251,0.0889,0.34,-1.27,1.2968
2005-09-30,207485678,207485678,1,29966742000,4075158000,22108144000,3215541000,7858598000,0,0,377172000,8515755000,3129731000,356388000,349952000,1.68,1.65,0.54,339877000,-506372000,158706000,-8705000,598031000,265196000,74.87,79.22,70.52,0.1199,0.0343,37.88,1.95,18.44,18.85,0.4711,1.0836,0.2622,0.091,0.37,0.36,1.2673
2005-06-30,207579330,207579330,1,28581151000,3178914000,20631041000,2246384000,7950110000,0,0,377172000,7978967000,2709519000,292789000,286150000,1.36,1.33,0.54,265527000,-129215000,-1109000,135288000,614690000,555997000,72.97,76.6,69.35,0.1082,0.0322,38.3,1.93,18.86,18.31,0.494,1.0036,0.2782,0.0859,0.36,-1.4,1.4151
2005-03-31,211998084,211998084,1,28426901000,3157266000,20412214000,2269499000,8014687000,0,0,377172000,7578800000,2323414000,178620000,171996000,0.8,0.79,0.54,501544000,-568411000,-73561000,-140384000,479402000,304494000,68.24,72,64.48,0.1032,0.0314,37.81,1.75,17.23,17.77,0.4944,0.9456,0.2819,0.0858,0.36,0.93,1.3912
2004-12-31,213145161,213145161,1,28310777000,3108118000,20014090000,2332383000,8296687000,0,0,377172000,7150678000,2423497000,160975000,154937000,0.7,0.72,0.54,1215654000,-58511000,-936503000,219895000,807736000,502965000,64.38,68.67,60.08,0.1046,0.0325,38.93,1.63,20.97,17.23,0.4633,0.8619,0.2931,0.0898,0.35,3.34,1.3326
2004-09-30,223544623,223544623,1,28937929000,3089260000,20097340000,2398461000,8840589000,0,0,377172000,7374231000,2963581000,288047000,282244000,1.24,1.22,0.45,784595000,-440071000,-343645000,2143000,587841000,399652000,58.2,61.98,54.43,0.0813,0.0257,39.55,1.51,17.02,16.69,0.5737,0.8341,0.3055,0.0729,0.34,1.72,1.288
2004-06-30,226908516,226908516,1,28869568000,3015581000,20125489000,2164150000,8744079000,0,0,377172000,7744970000,2485097000,271011000,265182000,1.16,1.14,0.45,530297000,-386259000,-432610000,-289265000,585698000,369722000,55.28,59.92,50.64,0.091,0.0287,38.54,1.43,17.44,16.24,0.5167,0.8857,0.3029,0.0837,0.33,0.71,1.3934
2004-03-31,230271986,230271986,1,28762306000,3035319000,19873627000,2096559000,8888679000,0,0,377172000,7560036000,2251549000,213016000,207161000,0.9,0.88,0.45,398773000,-255234000,40899000,182730000,874963000,272873000,58.11,60.2,56.01,0.0848,0.0266,38.6,1.54,14.46,15.79,0.5281,0.8505,0.309,0.0786,0.33,0.55,1.4478
2003-12-31,231032604,231032604,1,28554210000,2919244000,19850552000,2282223000,8703658000,0,0,377172000,7482918000,2103163000,-33623000,-39479000,-0.17,-0.17,0.45,829740000,-230421000,-485586000,114689000,692233000,520398000,54.15,57.24,51.06,0.1084,0.0335,37.67,1.41,11.95,15.34,0.3946,0.8597,0.3048,0.1008,0.32,1.34,1.2791
2003-09-30,228805825,228805825,1,28567830000,3041399000,19796832000,2353018000,8770998000,0,0,377172000,7595727000,2700125000,371650000,365774000,1.6,1.57,0.45,650817000,-417616000,-734646000,-500237000,577544000,357199000,51.37,54.99,47.75,0.125,0.0381,38.33,1.38,11.29,14.89,0.3264,0.866,0.307,0.1162,0.32,1.28,1.2926
2003-06-30,227962202,227962202,1,28832461000,3546401000,20337968000,2517576000,8494493000,0,0,377172000,8016719000,2353909000,211517000,205641000,0.91,0.89,0.35,474554000,-524879000,749098000,700326000,1077781000,405637000,50.14,54.38,45.9,0.1281,0.0386,37.26,1.37,10.62,14.44,0.2993,0.9438,0.2946,0.1187,0.32,0.3,1.4087
2003-03-31,225788578,225788578,1,27400789000,2501312000,19158692000,2363408000,8242097000,0,0,377172000,7409236000,2037723000,400923000,395007000,1.77,1.73,0.35,50709000,-610214000,-397996000,-957873000,377455000,359882000,45.91,49.55,42.26,0.136,0.041,36.5,1.31,17.46,14.09,0.2838,0.899,0.3008,0.1265,0.32,-1.37,1.0583
2002-12-31,223869216,223869216,1,26947969000,3205583000,19109732000,3172189000,7838237000,0,0,377172000,7240821000,1878745000,81670000,75754000,0.35,0.34,0.35,511426000,-557214000,434759000,386482000,1335328000,703566000,41.61,46.42,36.8,0.078,0.0237,35.01,1.18,17.41,13.74,0.4998,0.9238,0.2909,0.0722,0.32,-0.86,1.0105
2002-09-30,222013494,222013494,1,26776993000,2950430000,18956994000,3181854000,7819999000,0,0,377172000,7389870000,2468875000,366800000,360876000,1.61,1.59,0.33,867294000,-338144000,-322326000,218186000,948846000,35048000,38.53,44.95,32.12,0.0717,0.0218,35.22,1.13,17.59,13.39,0.5371,0.945,0.292,0.0654,0.32,3.75,0.9273
2002-06-30,224028796,224028796,1,26001334000,2698777000,18345293000,3897627000,7656041000,0,0,377472000,6708554000,2096581000,247585000,241653000,1.08,1.06,0.33,449080000,-446075000,-29252000,-32635000,730660000,505171000,43.95,46.85,41.05,0.0653,0.02,34.17,1.33,20.07,13.06,0.5844,0.8762,0.2944,0.0588,0.33,-0.25,0.6924
2002-03-31,224278357,224278357,1,25509856000,2458800000,18076540000,3034834000,7433316000,0,0,377472000,7208204000,1860834000,-72983000,-78923000,-0.36,-0.36,0.33,353903000,-47030000,-295791000,11722000,763295000,260117000,41.06,43.88,38.25,0.065,0.0201,33.14,1.22,12.67,12.73,0.5816,0.9697,0.2914,0.0559,0.34,0.42,0.8102
2001-12-31,222201504,222201504,1,25910311000,2680684000,18454291000,3203920000,7456020000,0,0,0,7470380000,1897460000,26599000,20651000,0.1,0.1,0.32,986792000,-475475000,-660681000,-149703000,751573000,10863000,37.3,39.5,35.1,0.0958,0.0292,33.56,1.05,11.2,12.4,0.3903,1.0019,0.2878,0.0755,0.37,4.39,0.8367
2001-09-30,221039413,221039413,1,26181634000,3356711000,18340061000,4105360000,7841573000,0,0,0,7392326000,2575736000,317454000,312484000,1.41,1.39,0.32,628057000,-498153000,69375000,202581000,901276000,377984000,37.28,40.95,33.6,0.0992,0.0303,35.48,1.08,11.37,12.08,0.3775,0.9427,0.2995,0.0723,0.41,1.13,0.8176
2001-06-30,221706367,221706367,1,25366842000,3066696000,17747786000,3554549000,7619056000,0,0,0,7461316000,2495276000,245583000,238906000,1.08,1.06,0.32,416145000,-503912000,-242799000,-331136000,698695000,352317000,40.75,44.67,36.82,0.099,0.0305,34.37,1.22,12.5,11.76,0.3774,0.9793,0.3004,0.0657,0.45,0.29,0.8628
2001-03-31,220713500,220713500,1,25191759000,3368072000,17792471000,3587790000,7399288000,0,0,0,7508997000,2652427000,160871000,154155000,0.7,0.69,0.32,184554000,-747180000,212101000,-352593000,1029831000,267959000,37.72,42.88,32.56,0.0999,0.0308,33.52,1.13,12.62,11.44,0.3727,1.0148,0.2937,0.0677,0.44,-0.38,0.9388
2000-12-31,220062294,220062294,1,25565227000,3958015000,18226874000,3438151000,7338353000,0,0,0,7889000000,2635313000,50043000,43308000,0.2,0.19,0.32,793415000,-859865000,221591000,149335000,1382424000,381660000,38.69,43.88,33.5,0.0931,0.0292,33.35,1.15,13.72,11.12,0.4007,1.075,0.287,0.0678,0.41,1.87,1.1512
2000-09-30,219596299,219596299,1,24027103000,3749454000,16619828000,2933630000,7407275000,0,0,0,7282993000,3431555000,306689000,299934000,1.35,1.34,0.3,436596000,-357692000,-645693000,-563985000,1233089000,263671000,32.54,38.13,26.94,0.0878,0.0286,33.73,1,12.33,10.8,0.4257,0.9832,0.3083,0.0701,0.39,0.79,1.2781
2000-06-30,222903941,222903941,1,24324276000,3881156000,17056153000,2807380000,7268123000,0,0,0,7554068000,2137788000,245773000,237192000,1.04,1.04,0.3,427239000,-496945000,182539000,110978000,1797074000,436653000,25.59,31.25,19.94,0.0857,0.0283,32.61,0.82,10.62,10.5,0.4454,1.0393,0.2988,0.0715,0.37,-0.04,1.3825
2000-03-31,229974723,229974723,1,23362227000,3332374000,16029718000,2286633000,7332509000,0,150000000,0,7062232000,1811492000,108410000,98860000,0.42,0.42,0.3,310597000,-99510000,262381000,472377000,1686096000,415706000,21.34,26.75,15.94,0.0801,0.0272,31.23,0.69,9.53,10.2,0.4859,0.9833,0.3074,0.0659,0.39,-0.46,1.4573
1999-12-31,236145752,236145752,1,22985087000,3219132000,15527230000,2154432000,7457857000,0,150000000,0,6790830000,1752367000,16204000,4282000,0.02,0.02,0.3,344484000,-354516000,-118359000,-130679000,1213719000,398132000,26.94,30,23.88,0.0749,0.0258,30.95,0.87,8.5,9.9,0.5273,0.9293,0.3179,0.063,0.38,-0.23,1.4942
1999-09-30,241282570,241282570,1,23397826000,3952809000,15746952000,2424818000,7650874000,0,150000000,0,6680251000,3064535000,296158000,286219000,1.16,1.16,0.3,407335000,189888000,-340440000,258664000,1344398000,235233000,29.88,31.56,28.19,0.1126,0.0374,31.09,1,9.86,9.6,0.3546,0.8906,0.3206,0.0912,0.4,0.71,1.6301
1999-06-30,246833959,246833959,1,23083732000,4083332000,15521345000,2517040000,7562387000,0,150000000,0,6635005000,2316404000,209758000,199777000,0.81,0.81,0.3,362307000,-151566000,-212813000,-620000,1085734000,303156000,30.44,33.13,27.75,0.1094,0.0339,30.03,1.03,9.98,9.3,0.3723,0.8951,0.3211,0.0748,0.44,0.24,1.6223
1999-03-31,246759641,246759641,1,22849384000,3607181000,15413817000,2014497000,7435567000,0,150000000,0,6586775000,1639922000,72906000,62181000,0.25,0.25,0.3,193243000,-50031000,-239360000,-98141000,1086354000,259785000,29.31,31.13,27.5,0.1109,0.0323,29.52,0.99,9.77,9,0.4164,0.9041,0.3189,0.0739,0.43,-0.27,1.7906
1998-12-31,246494143,246494143,1,22848023000,3655277000,15402528000,1949833000,7445495000,0,150000000,0,6772887000,2085419000,282090000,282090000,0.95,0.95,0.3,406503000,918525000,-949255000,376334000,1184495000,425038000,30.25,32.44,28.06,0.1111,0.0301,29.6,1.05,17.9,8.7,0.4707,0.9284,0.3193,0.0683,0.44,-0.08,1.8747
1998-09-30,246596137,246596137,1,27370259000,3474092000,20133514000,3184299000,7236745000,0,150000000,0,9080712000,4587447000,250986000,250986000,1.02,1.02,0.3,619219000,-273815000,-309691000,34825000,808161000,235342000,28.5,30.81,26.19,0.0631,0.0163,28.74,0.98,28.5,8.4,0.918,1.2814,0.2589,0.0371,0.44,1.56,1.091
1998-06-30,246602469,246602469,1,27173378000,3174830000,19863910000,2964064000,7309468000,0,150000000,0,9140276000,2508814000,204275000,204275000,0.83,0.83,0.45,378836000,-269349000,-324341000,-215700000,773336000,241456000,26.44,29.63,23.25,0.039,0.0105,29.03,0.97,33.9,8.1,1.6216,1.2767,0.2635,0.0268,0.38,0.56,1.0711
1998-03-31,246400397,246400397,1,27041826000,3063450000,20151413000,3019477000,6890413000,0,150000000,0,9201690000,2313092000,48278000,48278000,0.2,0.2,0.45,274499000,-238489000,119739000,158489000,989036000,216313000,28.72,30.13,27.31,0.0309,0.0089,27.36,0.99,27.35,7.65,2.0484,1.3652,0.2493,0.0218,0.36,0.24,1.0146
1997-12-31,245880306,245880306,1,27000700000,3171322000,19752353000,2802052000,7248347000,0,150000000,0,9236025000,2540291000,-60763000,-60763000,-0.36,None,0.45,149917000,-287392000,120076000,-31218000,830547000,283213000,26.63,30.25,23,0.0394,0.0111,28.87,0.93,16.96,7.2,1.5782,1.3012,0.2629,0.0289,0.35,-0.54,1.1318
1997-09-30,243923404,243923404,1,27110176000,3293730000,19996705000,2980283000,7113471000,0,150000000,0,9563803000,2797587000,93321000,80942000,0.33,None,0.45,734501000,-308738000,-253364000,174245000,861765000,317714000,26.03,28,24.06,0.054,0.0154,28.55,0.89,10.58,6.75,1.1469,1.3734,0.2569,0.0437,0.33,1.71,1.1052
1997-06-30,241269934,241269934,1,26982997000,3072099000,19796747000,2616728000,7186250000,0,150000000,0,9676502000,2178090000,158579000,146276000,0.61,None,0.45,354149000,-71919000,-214526000,69271000,687520000,92027000,24.94,27.5,22.38,0.0836,0.0234,29.16,0.85,9.31,6.3,0.7398,1.3752,0.2608,0.0724,0.32,1.09,1.174
1997-03-31,237666428,237666428,1,27148562000,2995156000,20058433000,2724721000,7090129000,0,150000000,0,9574778000,2045753000,109762000,109762000,0.47,None,0.45,486065000,-2115095000,1859334000,229546000,618249000,99064000,26.19,28.38,24,0.0918,0.0256,29.2,0.89,14.31,5.85,0.6797,1.3796,0.2556,0.0811,0.32,1.63,1.0993
1996-12-31,235117712,235117712,1,22966294000,2362533000,15894424000,1882567000,7071870000,0,150000000,0,7742091000,1573736000,38896000,38896000,0.16,None,0.45,243568000,-208888000,-253388000,-218724000,388703000,220204000,27.88,29,26.75,0.0643,0.0182,29.44,0.97,15.23,5.4,0.9879,1.1185,0.3014,0.0586,0.31,0.1,1.255
1996-09-30,230922289,230922289,1,23144090000,2645222000,16384355000,648110000,6759735000,0,150000000,0,7918091000,2138273000,279880000,279880000,1.22,None,0.45,623933000,-82581000,-279569000,261776000,607427000,130348000,26.75,28.63,24.88,0.0653,0.0183,28.62,0.95,15.11,4.95,0.9825,1.1979,0.2856,0.0598,0.31,2.14,4.0814
1996-06-30,228042517,228042517,1,23045731000,2354492000,16501385000,620347000,6544346000,0,150000000,0,8124478000,1852525000,188323000,188323000,0.83,None,0.45,321703000,-174170000,-410312000,-262746000,345651000,156214000,26.88,28.5,25.25,0.0628,0.0176,28.04,0.99,16.29,4.5,1.0199,1.2706,0.2775,0.0591,0.3,0.73,3.7954
1996-03-31,228043846,228043846,1,23249253000,2427280000,16895640000,633788000,6353613000,0,150000000,0,7923614000,1598992000,-87072000,-87072000,-0.38,None,0.45,268309000,-1308718000,1115176000,74807000,608397000,155164000,28.38,30.38,26.38,0.0589,0.0166,27.2,1,12.45,4.05,1.089,1.2773,0.2668,0.0577,0.29,0.5,3.8298
1995-12-31,227770617,227770617,1,22265930000,2315240000,15644210000,621613000,6621720000,0,150000000,0,7080788000,1418836000,37834000,37834000,0.16,None,0.45,327288000,-359612000,-153118000,-185442000,533590000,362188000,27.75,29.25,26.25,0.0813,0.0232,28.41,0.97,13.6,3.6,0.7884,1.0941,0.2907,0.0829,0.28,-0.15,3.7246
1995-09-30,227756167,227756167,1,22596616000,2613829000,15913050000,629315000,6683566000,0,150000000,0,7057928000,1937455000,263118000,263118000,1.16,None,0.45,619696000,-150935000,-194558000,274203000,719032000,153141000,24.94,26.13,23.75,0.0731,0.0207,28.69,0.89,16.52,3.15,0.8799,1.0803,0.2891,0.0773,0.27,2.05,4.1535
1995-06-30,227749167,227749167,1,22510667000,2275324000,15989209000,650548000,6521458000,0,150000000,0,7354203000,1572069000,162703000,162703000,0.71,None,0.45,174166000,-152617000,-151963000,-130414000,444829000,154970000,23.19,25.38,21,0.0544,None,27.98,0.85,16.22,2.7,1.1846,1.1542,0.283,0.0587,0.26,0.08,3.4975
1995-03-31,227746450,227746450,1,22388915000,2088488000,16027389000,587174000,6361526000,0,150000000,0,7301017000,1346068000,56325000,56325000,0.25,None,0.45,275581000,-99351000,-214894000,-38664000,575243000,101845000,22.38,24.75,20,0.0514,None,27.27,0.8,15.02,2.25,1.2505,1.1754,0.2774,0.0555,0.26,0.76,3.5568
1994-12-31,227410827,227410827,1,22613491000,2212432000,16112696000,584924000,6500795000,0,150000000,0,7367420000,1165429000,-16430000,-16430000,-0.08,None,0.45,417167000,-243027000,-244261000,-70121000,613907000,245657000,23,24.75,21.25,None,None,27.93,0.81,None,1.8,1.2008,1.1601,0.2808,None,None,0.75,3.7824
1994-09-30,227378729,227378729,1,22814399000,2371497000,16192402000,563008000,6621997000,0,150000000,0,7554478000,1805524000,143199000,143199000,0.63,None,0.45,612399000,-146919000,-196695000,268785000,684028000,149522000,24.44,26.25,22.63,None,None,28.46,0.86,None,1.35,None,1.1673,0.2837,None,None,2.04,4.2122
1994-06-30,227376479,227376479,1,22701304000,2102135000,16094882000,562130000,6606422000,0,150000000,0,7631341000,1586298000,144337000,144337000,0.63,None,0.45,185770000,-169806000,-95646000,-79682000,415243000,172941000,28.38,32.13,24.63,None,None,28.4,1.03,None,0.9,None,1.182,0.2844,None,None,0.06,3.7396
1994-03-31,230024379,230024379,1,22514607000,1973821000,16001051000,605415000,6513556000,0,150000000,0,7620138000,1406039000,70735000,70735000,0.31,None,0.45,322431000,-179641000,-211614000,-68824000,494925000,183176000,34.26,37.38,31.13,None,None,27.66,None,None,0.45,None,1.1975,0.2826,None,None,0.61,3.2603
