"Quarter end","Shares","Shares split adjusted","Split factor","Assets","Current Assets","Liabilities","Current Liabilities","Shareholders equity","Non-controlling interest","Preferred equity","Goodwill & intangibles","Long-term debt","Revenue","Earnings","Earnings available for common stockholders","EPS basic","EPS diluted","Dividend per share","Cash from operating activities","Cash from investing activities","Cash from financing activities","Cash change during period","Cash at end of period","Capital expenditures","Price","Price high","Price low","ROE","ROA","Book value of equity per share","P/B ratio","P/E ratio","Cumulative dividends per share","Dividend payout ratio","Long-term debt to equity ratio","Equity to assets ratio","Net margin","Asset turnover","Free cash flow per share","Current ratio"
2019-04-28,301149903,301149903,1,13768000000,2161000000,12531000000,3511000000,1228000000,9000000,0,8289000000,7507000000,2178000000,84000000,84000000,0.28,0.28,0.35,302000000,-19000000,-278000000,3000000,202000000,76000000,36.2,40.22,32.17,0.2377,0.022,4.08,8.6,None,25.62,1.3463,6.1132,0.0892,0.0319,0.69,0.75,0.6155
2019-01-27,301118002,301118002,1,14024000000,2295000000,12746000000,3299000000,1269000000,9000000,0,8473000000,8003000000,2713000000,-59000000,-59000000,-0.2,-0.2,0.35,615000000,-103000000,-515000000,-2000000,203000000,86000000,36.8,41.58,32.03,-0.1205,-0.0114,4.21,7.88,62.37,25.27,None,6.3065,0.0905,None,0.68,1.76,0.6957
2018-10-28,301029024,301029024,1,14587000000,2521000000,13172000000,3662000000,1406000000,9000000,0,8680000000,8001000000,2694000000,194000000,194000000,0.64,0.64,0.35,231000000,-100000000,-148000000,-21000000,205000000,110000000,39.94,43.98,35.89,0.1177,0.0138,4.67,8.8,46.44,24.92,2.3391,5.6906,0.0964,0.0195,0.71,0.4,0.6884
2018-07-29,300656129,300656129,1,14529000000,2296000000,13156000000,3594000000,1364000000,9000000,0,8776000000,7998000000,2219000000,94000000,94000000,0.32,0.31,0.35,281000000,-189000000,-58000000,27000000,226000000,182000000,37.76,42.88,32.63,0.1634,0.0231,4.54,8.09,23.75,24.57,1.6126,5.8636,0.0939,0.0301,0.77,0.33,0.6388
2018-04-29,300645629,300645629,1,14566000000,2329000000,13155000000,3403000000,1404000000,7000000,0,8881000000,8080000000,2125000000,-393000000,-393000000,-1.31,-1.31,0.35,364000000,-6183000000,5827000000,3000000,199000000,91000000,43.95,48.1,39.79,0.2911,0.0506,4.67,6.8,12.63,24.22,0.8677,5.755,0.0964,0.0597,0.85,0.91,0.6844
2018-01-28,300633988,300633988,1,8336000000,1928000000,6387000000,3012000000,1942000000,7000000,0,3744000000,2247000000,2180000000,285000000,285000000,0.95,0.95,0.35,472000000,-762000000,317000000,33000000,196000000,74000000,48.07,51.07,45.07,0.6254,0.1349,6.46,8.6,16.81,23.87,0.4001,1.1571,0.233,0.1341,1.01,1.32,0.6401
2017-10-29,300606995,300606995,1,7746000000,1996000000,6057000000,2583000000,1681000000,8000000,0,3198000000,2269000000,2161000000,275000000,275000000,0.91,0.91,0.35,188000000,-63000000,-279000000,-156000000,163000000,58000000,49.69,54.37,45,0.5551,0.1141,5.59,9.12,17.19,23.52,0.4862,1.3498,0.217,0.1108,1.03,0.43,0.7727
2017-07-30,300528501,300528501,1,7726000000,1900000000,6081000000,2395000000,1637000000,8000000,0,3233000000,2499000000,1664000000,318000000,318000000,1.05,1.04,0.35,280000000,-159000000,-131000000,6000000,319000000,143000000,54.88,59.14,50.62,0.5744,0.1152,5.45,11.22,34.73,23.17,0.4794,1.5266,0.2119,0.1124,1.03,0.46,0.7933
2017-04-30,303065427,303065427,1,7451000000,1790000000,5961000000,2352000000,1481000000,9000000,0,3170000000,2270000000,1853000000,176000000,176000000,0.58,0.58,0.35,344000000,-77000000,-262000000,4000000,313000000,-29000000,60.14,64.23,56.05,0.3218,0.0632,4.89,12.45,37.82,22.82,0.8515,1.5327,0.1988,0.0617,1.02,1.23,0.7611
2017-01-29,304379165,304379165,1,7570000000,1896000000,6091000000,2436000000,1470000000,9000000,0,3179000000,2293000000,2171000000,101000000,101000000,0.33,0.33,0.35,446000000,-80000000,-345000000,19000000,309000000,176000000,58.05,63.5,52.59,0.3176,0.0631,4.83,11.21,27.51,22.47,0.8164,1.5599,0.1942,0.0627,1.01,0.89,0.7783
2016-10-30,307051879,307051879,1,8039000000,2146000000,6441000000,2760000000,1589000000,9000000,0,3404000000,2298000000,2202000000,292000000,292000000,0.95,0.94,0.35,221000000,-52000000,-173000000,-6000000,290000000,48000000,57.52,62.3,52.74,0.4186,0.0825,5.18,11.62,32.13,22.12,0.5986,1.4462,0.1977,0.083,0.99,0.56,0.7775
2016-07-31,307875045,307875045,1,7837000000,1908000000,6304000000,2555000000,1525000000,8000000,0,3415000000,2314000000,1687000000,-81000000,-81000000,-0.27,-0.27,0.31,280000000,-120000000,-243000000,-87000000,296000000,116000000,63.7,67.89,59.51,0.3667,0.0697,4.95,11.73,27.94,21.77,0.6837,1.5174,0.1946,0.0707,0.99,0.53,0.7468
2016-05-01,308647031,308647031,1,8081000000,2042000000,6407000000,2377000000,1676000000,-2000000,0,3574000000,2552000000,1870000000,185000000,185000000,0.6,0.59,0.312,456000000,-95000000,-302000000,77000000,383000000,72000000,60.23,65.48,54.97,0.475,0.0875,5.43,12.19,26.53,21.46,0.5414,1.5227,0.2074,0.0894,0.98,1.24,0.8591
2016-01-31,309147008,309147008,1,8079000000,2132000000,6555000000,2566000000,1526000000,-2000000,0,3511000000,2551000000,2201000000,265000000,265000000,0.85,0.85,0.312,509000000,-71000000,-390000000,43000000,306000000,82000000,52.2,56.63,47.77,0.4793,0.088,4.94,11.45,25.1,21.15,0.5446,1.6717,0.1889,0.0887,0.99,1.38,0.8309
2015-11-01,310030539,310030539,1,8304000000,2337000000,6894000000,2904000000,1414000000,-4000000,0,3531000000,2551000000,2203000000,194000000,194000000,0.63,0.62,0.312,218000000,-68000000,-136000000,10000000,263000000,71000000,48.8,52.37,45.23,0.4401,0.0812,4.56,10.97,22.18,20.83,0.5943,1.8041,0.1703,0.0811,1,0.47,0.8048
2015-08-02,309777647,309777647,1,8089000000,2092000000,6713000000,2806000000,1380000000,-4000000,0,3549000000,2552000000,1693000000,68000000,68000000,0.21,0.22,0.31,211000000,-363000000,185000000,23000000,253000000,138000000,47.23,49.54,44.92,0.4516,0.0862,4.45,9.19,19.52,20.52,0.5614,1.8493,0.1706,0.0855,1.01,0.24,0.7455
2015-05-03,310520682,310520682,1,7759000000,1902000000,6174000000,2323000000,1597000000,-12000000,0,3414000000,2553000000,1900000000,182000000,182000000,0.59,0.58,0.312,387000000,-97000000,-263000000,29000000,230000000,99000000,46.38,48.31,44.45,0.4783,0.0948,5.14,9.48,19.17,20.21,0.5123,1.5986,0.2058,0.0922,1.03,0.93,0.8188
2015-02-01,311790489,311790489,1,7903000000,2090000000,6389000000,2850000000,1526000000,-12000000,0,3410000000,2253000000,2234000000,207000000,207000000,0.66,0.66,0.312,396000000,-79000000,-337000000,-38000000,201000000,81000000,45.08,47.45,42.7,0.4792,0.0944,4.89,8.74,16.16,19.9,0.5123,1.4764,0.1931,0.0917,1.03,1.01,0.7333
2014-11-02,313342678,313342678,1,8297000000,2358000000,6691000000,3168000000,1618000000,-12000000,0,3539000000,2244000000,2255000000,234000000,234000000,0.75,0.74,0.312,188000000,-64000000,-111000000,7000000,239000000,62000000,43.13,45.12,41.15,0.5637,0.1083,5.16,8.39,16.65,19.59,0.4443,1.3869,0.195,0.1053,1.03,0.4,0.7443
2014-08-03,314220361,314220361,1,8113000000,2100000000,6510000000,2989000000,1615000000,-12000000,0,3608000000,2247000000,1852000000,137000000,137000000,0.43,0.44,0.31,136000000,-145000000,17000000,10000000,232000000,149000000,44.03,46.67,41.39,0.5475,0.0984,5.14,8.63,26.85,19.28,0.4786,1.3913,0.1991,0.0989,0.99,-0.04,0.7026
2014-04-27,313914401,313914401,1,7964000000,1947000000,6373000000,2817000000,1602000000,-11000000,0,3616000000,2247000000,1970000000,184000000,184000000,0.59,0.58,0.312,400000000,-86000000,-389000000,-71000000,222000000,71000000,42.54,45.48,39.6,0.375,0.0625,5.1,9.47,26.1,18.97,0.7362,1.4026,0.2012,0.0679,0.92,1.05,0.6912
2014-01-26,313746650,313746650,1,8119000000,2174000000,6720000000,3189000000,1410000000,-11000000,0,3569000000,2247000000,2281000000,325000000,325000000,1.04,1.03,0.312,325000000,478000000,-814000000,-26000000,293000000,75000000,41,43.7,38.3,0.393,0.0613,4.49,9.58,34.17,18.65,0.5521,1.5936,0.1737,0.0664,0.92,0.8,0.6817
2013-10-27,315012736,315012736,1,9055000000,2587000000,7710000000,4104000000,1349000000,-4000000,0,3655000000,2247000000,2165000000,172000000,172000000,0.55,0.54,0.312,38000000,-381000000,261000000,-82000000,319000000,52000000,43.97,48.08,39.87,0.3054,0.0447,4.28,11.33,30.53,18.34,0.9647,1.6657,0.149,0.0489,0.92,-0.04,0.6304
2013-07-28,313503523,313503523,1,8323000000,2221000000,7113000000,3282000000,1217000000,-7000000,0,3318000000,2538000000,1289000000,-158000000,-158000000,-0.51,-0.51,0.29,155000000,-380000000,206000000,-52000000,401000000,131000000,45.58,48.83,42.32,0.3822,0.0537,3.88,10.83,19.4,18.03,0.7955,2.0855,0.1462,0.0569,0.94,0.08,0.6767
2013-04-28,313144813,313144813,1,8453000000,2177000000,7140000000,2604000000,1317000000,-4000000,0,3786000000,2944000000,2094000000,181000000,181000000,0.58,0.57,0,365000000,-89000000,-226000000,43000000,453000000,95000000,41.47,46.85,36.09,0.6643,0.0919,4.21,11.24,17.8,17.74,0.4904,2.2354,0.1558,0.0887,1.04,0.86,0.836
2013-01-27,314172981,314172981,1,8593000000,2264000000,7438000000,2891000000,1160000000,-5000000,0,3827000000,2940000000,2333000000,190000000,190000000,0.61,0.6,0.58,418000000,-71000000,-301000000,49000000,410000000,69000000,35.73,37.16,34.3,0.6674,0.0974,3.69,10.21,15.08,17.74,0.617,2.5345,0.135,0.0912,1.07,1.11,0.7831
2012-10-28,314417337,314417337,1,8747000000,2401000000,7650000000,3092000000,1099000000,-2000000,0,3802000000,2940000000,2336000000,245000000,245000000,0.78,0.78,0.29,81000000,-1614000000,1558000000,26000000,361000000,41000000,34.26,36.28,32.24,0.6756,0.1061,3.5,11.98,14.22,17.16,0.4848,2.6752,0.1256,0.0957,1.11,0.13,0.7765
2012-07-29,313547620,313547620,1,6530000000,1771000000,5632000000,2070000000,898000000,0,0,2509000000,2012000000,1613000000,127000000,127000000,0.41,0.4,0.29,282000000,-157000000,-165000000,-48000000,335000000,150000000,32.95,34.58,31.32,0.684,0.1162,2.86,8.18,14.2,16.87,0.4739,2.2405,0.1375,0.1004,1.16,0.42,0.8556
2012-04-29,316000338,316000338,1,6492000000,1767000000,5220000000,1908000000,1272000000,0,0,2558000000,2006000000,1821000000,177000000,177000000,0.56,0.55,0.29,360000000,-71000000,-226000000,61000000,383000000,76000000,32.64,34.04,31.25,0.6336,0.1108,4.03,8.63,13.95,16.58,0.4936,1.577,0.1959,0.097,1.14,0.9,0.9261
2012-01-29,316471418,316471418,1,6665000000,1918000000,5468000000,2152000000,1195000000,2000000,0,2569000000,2008000000,2112000000,205000000,205000000,0.64,0.64,0.29,405000000,-61000000,-300000000,37000000,322000000,62000000,32.67,34.12,31.22,0.672,0.1114,3.78,8.98,13.56,16.29,0.489,1.6803,0.1793,0.0984,1.13,1.08,0.8913
2011-10-30,318725649,318725649,1,6948000000,2123000000,5781000000,2033000000,1161000000,6000000,0,2619000000,2422000000,2161000000,265000000,265000000,0.82,0.82,0.29,73000000,-34000000,-229000000,-199000000,285000000,35000000,31.84,34,29.69,0.7533,0.1168,3.64,9.36,13.21,16,0.4693,2.0861,0.1671,0.1026,1.14,0.12,1.0443
2011-07-31,320209348,320209348,1,6862000000,1963000000,5766000000,1989000000,1088000000,8000000,0,2660000000,2454000000,1607000000,100000000,100000000,0.3,0.31,0.29,284000000,-138000000,-109000000,35000000,484000000,139000000,34.23,35.66,32.8,0.7778,0.1194,3.4,10.34,14.2,15.71,0.4603,2.2555,0.1586,0.1043,1.15,0.45,0.9869
2011-05-01,320996010,320996010,1,6700000000,1842000000,5629000000,1837000000,1062000000,9000000,0,2684000000,2431000000,1813000000,187000000,187000000,0.58,0.57,0.29,375000000,-58000000,-225000000,124000000,449000000,59000000,33.83,35,32.66,0.8225,0.1241,3.31,12.17,14.52,15.42,0.4504,2.2891,0.1585,0.1072,1.16,0.98,1.0027
2011-01-30,320229427,320229427,1,6580000000,1914000000,5688000000,2415000000,889000000,3000000,0,2535000000,1937000000,2127000000,239000000,239000000,0.72,0.71,0.29,512000000,-45000000,-435000000,34000000,325000000,47000000,35.22,36.99,33.44,0.7972,0.1246,2.78,10.67,14.92,15.13,0.4614,2.1789,0.1351,0.1049,1.19,1.45,0.7925
2010-10-31,333543734,333543734,1,6818000000,2124000000,5714000000,2479000000,1101000000,3000000,0,2538000000,1946000000,2172000000,279000000,279000000,0.82,0.82,0.275,-29000000,-20000000,69000000,37000000,291000000,27000000,36.45,37.59,35.32,0.7907,0.1298,3.3,13.21,15.12,14.84,0.451,1.7675,0.1615,0.1071,1.21,-0.17,0.8568
2010-08-01,335995511,335995511,1,6276000000,1687000000,5347000000,2065000000,926000000,3000000,0,2428000000,1945000000,1518000000,113000000,113000000,0.33,0.31,0.27,198000000,-131000000,109000000,174000000,254000000,138000000,35.84,37.5,34.18,0.8453,0.1359,2.76,11.13,15.72,14.57,0.4306,2.1004,0.1475,0.11,1.24,0.18,0.8169
2010-05-02,339531815,339531815,1,5986000000,1431000000,4890000000,2114000000,1093000000,3000000,0,2457000000,1542000000,1802000000,168000000,168000000,0.49,0.49,0.275,363000000,-73000000,-325000000,-33000000,80000000,74000000,34.22,36.25,32.18,0.843,0.1299,3.22,11.37,15.01,14.3,0.4488,1.4108,0.1826,0.1041,1.25,0.85,0.6769
2010-01-31,340266799,340266799,1,6152000000,1632000000,5126000000,1633000000,1023000000,3000000,0,2442000000,2250000000,2153000000,259000000,259000000,0.74,0.74,0.275,532000000,-53000000,-441000000,37000000,113000000,59000000,33.38,35.8,30.96,0.8411,0.1317,3.01,12.01,15.31,14.02,0.4382,2.1994,0.1663,0.1065,1.24,1.39,0.9994
2009-11-01,342925506,342925506,1,6431000000,1852000000,5476000000,1984000000,952000000,3000000,0,2494000000,2249000000,2203000000,304000000,304000000,0.87,0.87,0.25,-36000000,-43000000,101000000,25000000,76000000,44000000,31.89,33.98,29.81,0.811,0.1287,2.78,15.11,15.79,13.75,0.4461,2.3624,0.148,0.1035,1.24,-0.23,0.9335
2009-08-02,345308945,345308945,1,6056000000,1551000000,5328000000,1628000000,728000000,0,0,2423000000,2246000000,1528000000,69000000,69000000,0.2,0.18,0.25,360000000,-235000000,-145000000,-10000000,51000000,169000000,28.56,31.47,25.65,0.7423,0.1226,2.11,8.84,14.07,13.5,0.4784,3.0852,0.1202,0.097,1.26,0.55,0.9527
2009-05-03,350316839,350316839,1,5842000000,1448000000,4712000000,1633000000,1130000000,0,0,2292000000,1954000000,1686000000,174000000,174000000,0.5,0.49,0.25,388000000,-81000000,-332000000,-19000000,61000000,77000000,28.02,31.41,24.63,0.6637,0.1238,3.23,9.56,9.53,13.25,0.4565,1.7292,0.1934,0.0987,1.25,0.89,0.8867
2009-02-01,353414904,353414904,1,5911000000,1638000000,4874000000,1865000000,1037000000,0,0,2189000000,1957000000,2122000000,233000000,233000000,0.66,0.64,0.25,433000000,-59000000,-356000000,17000000,80000000,63000000,33.39,39.44,27.35,0.8373,0.1776,2.93,11.2,11.09,13,0.3045,1.8872,0.1754,0.1418,1.25,1.05,0.8783
2008-11-02,359337633,359337633,1,6196000000,1916000000,5125000000,2439000000,1071000000,0,0,2217000000,1635000000,2250000000,260000000,260000000,0.73,0.71,0.25,-15000000,-3000000,19000000,-18000000,63000000,35000000,36.65,40.85,32.45,0.7857,0.1773,2.98,10.04,12.22,12.75,0.2895,1.5266,0.1729,0.1453,1.22,-0.14,0.7856
2008-08-03,360615505,360615505,1,6474000000,1693000000,5156000000,2403000000,1318000000,0,0,2603000000,1633000000,1602000000,89000000,89000000,0.26,0.19,0.22,192000000,-144000000,-31000000,17000000,81000000,143000000,34.69,37.24,32.14,0.738,0.1731,3.65,6.8,11.68,12.5,0.2824,1.239,0.2036,0.1457,1.19,0.14,0.7045
2008-04-27,371518353,371518353,1,6507000000,1610000000,4611000000,1663000000,1896000000,0,0,2624000000,1767000000,1880000000,532000000,532000000,1.43,1.4,0.22,132000000,761000000,-947000000,-49000000,64000000,64000000,33.19,35.55,30.83,0.7229,0.1692,5.1,7.9,15.66,12.28,0.2871,0.932,0.2914,0.1423,1.19,0.18,0.9681
2008-01-27,379586931,379586931,1,6876000000,1878000000,5281000000,2360000000,1595000000,0,0,2566000000,1780000000,2218000000,274000000,274000000,0.73,0.71,0.22,368000000,-45000000,-290000000,36000000,113000000,48000000,33.99,37.79,30.19,0.5469,0.1212,4.2,8.67,15.96,12.06,0.392,1.116,0.232,0.103,1.18,0.84,0.7958
2007-10-28,383601255,383601255,1,7058000000,2018000000,5553000000,2612000000,1505000000,0,0,2598000000,1773000000,2298000000,270000000,270000000,0.71,0.7,0.22,74000000,-41000000,-32000000,6000000,77000000,40000000,36.65,38.59,34.7,0.5674,0.1219,3.92,10.88,17.05,11.84,0.3802,1.1781,0.2132,0.104,1.17,0.09,0.7726
2007-07-29,384108453,384108453,1,6445000000,1578000000,5150000000,2030000000,1295000000,0,0,2487000000,2074000000,1594000000,61000000,61000000,0.15,0.16,0.2,51000000,-124000000,-133000000,-206000000,71000000,146000000,39.16,40.87,37.46,0.6062,0.1251,3.37,9.39,18.65,11.62,0.3631,1.6015,0.2009,0.1086,1.15,-0.25,0.7773
2007-04-29,387443947,387443947,1,6754000000,1694000000,5137000000,1964000000,1617000000,0,0,2466000000,2123000000,1868000000,217000000,217000000,0.57,0.55,0.2,295000000,-66000000,-436000000,-209000000,274000000,66000000,40.33,42.65,38,0.5481,0.1165,4.17,10.81,20.68,11.42,0.3655,1.3129,0.2394,0.1133,1.03,0.59,0.8625
2007-01-28,389998864,389998864,1,7085000000,2150000000,5630000000,2499000000,1455000000,0,0,2372000000,2111000000,2252000000,285000000,285000000,0.74,0.72,0.2,416000000,-27000000,-134000000,253000000,483000000,53000000,38.17,39.98,36.37,0.5014,0.1076,3.73,11.71,20.74,11.22,0.3849,1.4509,0.2054,0.1068,1.01,0.93,0.8603
2006-10-29,388916349,388916349,1,7024000000,2092000000,5756000000,2637000000,1268000000,0,0,2362000000,2116000000,2153000000,291000000,291000000,0.74,0.72,0.2,-88000000,820000000,-1160000000,-427000000,230000000,46000000,37.02,38.49,35.55,0.4692,0.1031,3.26,8.45,20.01,11.02,0.395,1.6688,0.1805,0.1022,1.01,-0.34,0.7933
2006-07-30,403417924,403417924,1,7870000000,2112000000,6102000000,2962000000,1768000000,0,0,2361000000,2116000000,1116000000,44000000,44000000,0.14,0.11,0.18,249000000,-156000000,33000000,127000000,657000000,162000000,35.07,38.02,32.12,0.4585,0.1041,4.38,8.12,17.89,10.82,0.385,1.1968,0.2247,0.1043,1,0.22,0.713
2006-04-30,411809275,411809275,1,7252000000,1922000000,5472000000,2626000000,1780000000,0,0,3085000000,1904000000,1836000000,166000000,166000000,0.4,0.4,0.18,328000000,-54000000,-14000000,263000000,530000000,61000000,30.81,32.74,28.88,0.5291,0.1155,4.32,7.78,16.13,10.64,0.2717,1.0697,0.2454,0.1059,1.09,0.65,0.7319
2006-01-29,409521554,409521554,1,7146000000,1914000000,5525000000,2303000000,1621000000,0,0,3011000000,2219000000,2281000000,254000000,254000000,0.61,0.61,0.18,536000000,-46000000,-268000000,222000000,267000000,46000000,29.8,31.3,28.3,0.553,0.1144,3.96,8.14,15.94,10.46,0.2732,1.3689,0.2268,0.1047,1.09,1.2,0.8311
2005-10-30,413592401,413592401,1,7164000000,1910000000,5651000000,2438000000,1513000000,0,0,3006000000,2225000000,2110000000,302000000,302000000,0.73,0.73,0.18,113000000,-38000000,-69000000,5000000,45000000,38000000,29.88,31.46,28.29,0.5676,0.112,3.66,9.67,17.58,10.28,0.2752,1.4706,0.2112,0.1029,1.09,0.18,0.7834
2005-07-31,410636363,410636363,1,6776000000,1512000000,5506000000,2002000000,1270000000,0,0,3009000000,2542000000,1498000000,96000000,96000000,0.26,0.22,0,218000000,-163000000,-45000000,10000000,40000000,163000000,30.57,31.6,29.53,0.5552,0.1014,3.09,9.18,18.87,10.1,0.2969,2.0016,0.1874,0.0937,1.08,0.13,0.7552
2005-05-01,411005099,411005099,1,6813000000,1419000000,5445000000,1900000000,1368000000,0,0,3153000000,2541000000,1736000000,146000000,146000000,0.35,0.35,0.17,272000000,-55000000,-237000000,-19000000,32000000,62000000,28.55,29.74,27.35,0.5705,0.0964,3.33,8.78,17.73,10.1,0.4112,1.8575,0.2008,0.0895,1.08,0.51,0.7468
2005-01-30,412174263,412174263,1,7074000000,1674000000,5735000000,2219000000,1339000000,0,0,3156000000,2552000000,2223000000,235000000,235000000,0.57,0.57,0.17,436000000,-52000000,-376000000,7000000,51000000,52000000,28.6,30.52,26.68,0.6334,0.0972,3.25,10.55,17.76,9.93,0.4059,1.9059,0.1893,0.0898,1.08,0.93,0.7544
2004-10-31,411461171,411461171,1,7228000000,1869000000,6111000000,2602000000,1117000000,0,0,3103000000,2565000000,2091000000,230000000,230000000,0.56,0.56,0.17,64000000,-44000000,-10000000,12000000,44000000,44000000,26.17,27.13,25.21,0.7133,0.0982,2.71,12.29,16.78,9.76,0.3978,2.2963,0.1545,0.0913,1.07,0.05,0.7183
2004-08-01,410241976,410241976,1,6675000000,1481000000,5801000000,2339000000,874000000,0,0,2995000000,2543000000,1433000000,59000000,59000000,0.15,0.14,0.16,168000000,-134000000,-30000000,4000000,32000000,134000000,26.58,28.13,25.03,0.8005,0.0971,2.13,12.48,16.51,9.59,0.4015,2.9096,0.1309,0.091,1.07,0.08,0.6332
2004-05-02,410487750,410487750,1,6443000000,1340000000,5567000000,2187000000,876000000,0,0,2996000000,2543000000,1667000000,142000000,142000000,0.35,0.34,0.1575,244000000,-59000000,-198000000,-13000000,28000000,59000000,27.42,28.7,26.15,0.9643,0.1011,2.13,13,17.35,9.43,0.3924,2.903,0.136,0.0928,1.09,0.45,0.6127
2004-02-01,410969505,410969505,1,6796000000,1541000000,5928000000,2502000000,868000000,0,0,3081000000,2566000000,2100000000,235000000,235000000,0.57,0.57,0.1575,398000000,-51000000,-350000000,2000000,41000000,51000000,26.16,27.39,24.92,None,0.1004,2.11,17.44,16.66,9.27,0.4003,2.9562,0.1277,0.0919,1.09,0.84,0.6159
2003-11-02,411067183,411067183,1,6743000000,1655000000,6128000000,2763000000,615000000,0,0,2937000000,2556000000,1909000000,211000000,211000000,0.51,0.51,0.1575,-66000000,-31000000,103000000,7000000,39000000,22000000,25.58,27.9,23.26,None,0.1018,1.5,27.21,17.64,9.11,0.4026,4.1561,0.0912,0.0937,1.09,-0.21,0.599
2003-08-03,410347337,410347337,1,6205000000,1290000000,5818000000,2783000000,387000000,0,0,2821000000,2249000000,1455000000,74000000,74000000,0.19,0.19,0.16,167000000,-110000000,-51000000,5000000,32000000,113000000,23.89,26.43,21.35,None,0.0957,0.94,27.78,17.06,8.95,0.4363,5.8114,0.0624,0.0891,1.07,0.13,0.4635
2003-04-27,410521764,410521764,1,6115000000,1270000000,5763000000,2794000000,352000000,0,0,2781000000,2273000000,1600000000,129000000,129000000,0.31,0.31,0.1575,233000000,-69000000,-174000000,-10000000,27000000,64000000,22.13,24.3,19.95,None,0.0945,0.86,38.16,16.77,8.79,0.4505,6.4574,0.0576,0.0894,1.06,0.41,0.4545
2003-01-26,410394677,410394677,1,6287000000,1484000000,6048000000,3034000000,239000000,0,0,2748000000,2270000000,1918000000,231000000,231000000,0.56,0.56,0.1575,403000000,-47000000,-363000000,-4000000,37000000,47000000,22.32,24.99,19.65,None,0.0903,0.58,2232,17.86,8.64,0.4778,9.4979,0.038,0.0873,1.03,0.87,0.4891
2002-10-27,410418902,410418902,1,6250000000,1577000000,6247000000,3702000000,3000000,0,0,2622000000,1860000000,1705000000,161000000,161000000,0.39,0.39,0.1575,70000000,-206000000,156000000,20000000,41000000,37000000,22.45,23.9,21,None,0.0865,0.01,None,17.54,8.48,0.5036,620,0.0005,0.0843,1.03,0.08,0.426
2002-07-28,409847375,409847375,1,5721000000,1199000000,5835000000,2678000000,-114000000,0,0,2503000000,2449000000,1223000000,55000000,55000000,0.14,0.14,0.16,188000000,-157000000,-34000000,-6000000,21000000,156000000,24.7,28.4,21,None,0.0882,-0.28,123.5,19.6,8.32,0.4938,None,None,0.0856,1.03,0.08,0.4477
2002-04-28,410200129,410200129,1,5789000000,1133000000,5709000000,2490000000,80000000,0,0,2440000000,2430000000,1371000000,96000000,96000000,0.23,0.23,0.1575,338000000,-56000000,-290000000,-5000000,27000000,51000000,27.22,28.85,25.59,None,0.087,0.2,None,20.47,8.16,0.5436,30.375,0.0138,0.0816,1.07,0.7,0.455
2002-01-27,409780587,409780587,1,6049000000,1438000000,6053000000,2888000000,-4000000,0,0,2408000000,2354000000,1810000000,203000000,203000000,0.49,0.49,0.1575,345000000,-50000000,-297000000,-3000000,32000000,33000000,29.63,31.44,27.81,None,0.0951,-0.01,None,19.89,8,0.568,None,None,0.0847,1.12,0.76,0.4979
2001-10-28,409663297,409663297,1,6244000000,1576000000,6392000000,2820000000,-148000000,0,0,2440000000,2757000000,1729000000,171000000,171000000,0.42,0.42,0.1575,146000000,-25000000,-105000000,11000000,35000000,24000000,27.39,29.27,25.52,None,0.1115,-0.36,None,17.79,7.85,0.5497,None,None,0.0931,1.2,0.3,0.5589
2001-07-29,409520604,409520604,1,5927000000,1203000000,6174000000,3120000000,-247000000,0,0,2451000000,2243000000,1490000000,52000000,52000000,0.12,0.12,0.22,None,None,None,None,None,0,28.38,31,25.75,None,0.1231,-0.6,None,18.19,7.69,0.568,None,None,0.0974,1.26,None,0.3856
2001-04-29,409353293,409353293,1,4832000000,1030000000,5051000000,2026000000,-219000000,0,0,1660000000,2239000000,1439000000,122000000,122000000,0.3,0.3,0.225,190000000,-54000000,-150000000,-17000000,21000000,40000000,30.65,33.05,28.25,None,0.1289,-0.53,None,19.4,7.47,0.5656,None,None,0.1031,1.25,0.37,0.5084
2001-01-28,408314827,408314827,1,5094000000,1229000000,5285000000,2732000000,-191000000,0,0,1704000000,1742000000,1957000000,271000000,271000000,0.65,0.65,0.225,485000000,-34000000,-438000000,13000000,38000000,33000000,31.81,35.44,28.19,None,0.1299,-0.47,106.03,20.13,7.24,0.5553,None,None,0.1065,1.22,1.11,0.4499
2000-10-29,420250814,420250814,1,5234000000,1386000000,5106000000,3083000000,128000000,0,0,1678000000,1216000000,1778000000,204000000,204000000,0.47,0.47,0.225,259000000,-25000000,-231000000,-2000000,25000000,23000000,26.28,28.81,23.75,None,0.1289,0.3,79.64,15.93,7.02,0.5518,9.5,0.0245,0.1088,1.18,0.56,0.4496
2000-07-30,420595446,420595446,1,5196000000,1168000000,5059000000,3032000000,137000000,0,0,1767000000,1218000000,1189000000,59000000,59000000,0.16,0.14,0.22,231000000,-73000000,-162000000,-7000000,27000000,77000000,29.38,33.31,25.44,None,0.1316,0.33,75.33,17.7,6.79,0.5298,8.8905,0.0264,0.1139,1.16,0.37,0.3852
2000-04-30,421115848,421115848,1,5195000000,1186000000,5032000000,2983000000,163000000,0,0,1772000000,1270000000,1394000000,139000000,139000000,0.32,0.32,0.225,208000000,-54000000,-214000000,-58000000,34000000,46000000,30.41,35.38,25.44,None,0.1333,0.39,48.27,17.78,6.57,0.5234,7.7914,0.0314,0.1152,1.16,0.38,0.3976
2000-01-30,422502096,422502096,1,5564000000,1439000000,5299000000,3149000000,265000000,0,0,1844000000,1336000000,1916000000,281000000,281000000,0.65,0.65,0.225,465000000,-41000000,-367000000,58000000,92000000,35000000,38.13,47,29.25,None,0.1344,0.63,71.94,24.6,6.35,0.5114,5.0415,0.0476,0.117,1.15,1.02,0.457
1999-10-31,426424376,426424376,1,5742000000,1547000000,5514000000,3373000000,228000000,0,0,1888000000,1328000000,1768000000,235000000,235000000,0.54,0.54,0.225,261000000,-36000000,-200000000,28000000,34000000,35000000,41.94,45.88,38,None,0.1217,0.53,76.25,26.38,6.12,0.5614,5.8246,0.0397,0.1088,1.12,0.53,0.4586
1999-08-01,427836506,427836506,1,5522000000,1294000000,5287000000,3146000000,235000000,0,0,1910000000,1330000000,1296000000,79000000,79000000,0.17,0.15,0.23,187000000,0,-191000000,-18000000,6000000,98000000,42.94,46.5,39.38,None,0.1254,0.55,37.34,23.21,5.9,0.5354,5.6596,0.0426,0.1127,1.11,0.21,0.4113
1999-05-02,434170301,434170301,1,5703000000,1371000000,5204000000,3034000000,499000000,0,0,1988000000,1338000000,1492000000,162000000,162000000,0.37,0.37,0.225,356000000,-91000000,-282000000,-6000000,24000000,72000000,42.5,46.94,38.06,None,0.1427,1.15,26.9,33.2,5.67,1.474,2.6814,0.0875,0.143,1,0.65,0.4519
1999-01-31,436187108,436187108,1,5874000000,1573000000,5183000000,3024000000,691000000,0,0,2001000000,1338000000,1832000000,219000000,219000000,0.49,0.49,0.225,208000000,-83000000,-114000000,11000000,30000000,79000000,51.28,59.19,43.38,0.6871,0.0978,1.58,26.71,35.61,5.44,2.113,1.9363,0.1176,0.0981,1,0.3,0.5202
1998-11-01,444577922,444577922,1,5995000000,1695000000,5143000000,2838000000,852000000,0,0,2022000000,1488000000,1804000000,264000000,264000000,0.59,0.58,0.21,181000000,-148000000,-27000000,3000000,19000000,39000000,53.31,59.94,46.69,0.6339,0.1065,1.92,27.2,37.02,5.22,1.8483,1.7465,0.1421,0.103,1.03,0.32,0.5973
1998-08-02,445585204,445585204,1,5633000000,1440000000,4759000000,2803000000,874000000,0,0,1904000000,1169000000,662000000,183000000,183000000,0.41,None,2.09,145000000,192000000,-440000000,-30000000,16000000,-23000000,54.31,57.13,51.5,0.5501,0.1035,1.96,26.11,37.98,5.01,1.8319,1.3375,0.1552,0.0986,1.05,0.38,0.5137
1998-05-03,449067957,449067957,1,6051000000,1581000000,5115000000,3127000000,936000000,0,0,1985000000,1191000000,1572000000,-90000000,-90000000,-0.2,-0.2,0.21,None,None,None,-44000000,46000000,32000000,55.51,62.88,48.13,0.5007,0.1016,2.08,16.98,28.18,2.92,0.5451,1.2724,0.1547,0.0862,1.18,None,0.5056
1998-02-01,454133575,454133575,1,7007000000,1905000000,5523000000,3438000000,1484000000,0,0,2124000000,1263000000,2342000000,300000000,300000000,0.66,0.65,0.21,373000000,-508000000,187000000,43000000,99000000,50000000,55.63,59.44,51.81,0.6147,0.1358,3.27,16.86,29.13,2.71,0.3921,0.8511,0.2118,0.1137,1.19,0.71,0.5541
1997-11-02,456453499,456453499,1,6820000000,1964000000,5315000000,3276000000,1505000000,0,0,1785000000,1152000000,2120000000,267000000,267000000,0.58,None,0.193,95000000,-53000000,-10000000,30000000,56000000,49000000,50.72,55.44,46,0.5788,0.1322,3.3,16.36,33.59,2.5,0.3961,0.7654,0.2207,0.1111,1.19,0.1,0.5995
1997-08-03,457530587,457530587,1,6459000000,1583000000,5039000000,2981000000,1420000000,0,0,1793000000,1153000000,1725000000,192000000,192000000,0.4,None,0.19,273000000,51000000,-338000000,13000000,26000000,112000000,48.91,52.81,45,0.4521,0.1042,3.1,14.51,33.16,2.31,0.485,0.812,0.2198,0.0895,1.16,0.35,0.531
1997-04-27,459950303,459950303,1,6699000000,1617000000,5147000000,3264000000,1552000000,0,0,1912000000,934000000,1870000000,157000000,157000000,0.34,None,0.193,337000000,-53000000,-301000000,-18000000,11000000,58000000,44.91,49.5,40.31,0.3675,0.1018,3.37,12.37,31.52,2.12,0.4892,0.6018,0.2317,0.089,1.14,0.61,0.4954
1997-01-26,232489098,464978196,2,7005000000,1875000000,5317000000,3439000000,1688000000,0,0,1932000000,938000000,2317000000,276000000,276000000,1.18,None,0.385,410000000,-88000000,-338000000,-21000000,31000000,59000000,40.91,42.44,39.38,0.3125,0.1008,3.63,11.59,30.3,1.92,0.4931,0.5557,0.241,0.0879,1.15,0.75,0.5452
1996-10-27,233643861,467287722,2,7215000000,2010000000,5567000000,3590000000,1648000000,0,0,1967000000,1041000000,2052000000,88000000,88000000,0.36,None,0.345,167000000,-208000000,67000000,18000000,52000000,53000000,37.06,42.13,32,0.2721,0.0997,3.53,6.68,23.02,1.73,0.5031,0.6317,0.2284,0.0867,1.15,0.24,0.5599
1996-07-28,247134517,494269034,2,6632000000,1618000000,3890000000,2229000000,2742000000,0,0,1808000000,744000000,1640000000,180000000,180000000,0.73,None,0.34,385000000,-188000000,-223000000,-23000000,34000000,146000000,32.56,35.38,29.75,0.297,0.121,5.55,5.9,21.28,1.56,0.4167,0.2713,0.4134,0.1045,1.16,0.48,0.7259
1996-04-28,248226166,496452332,2,6494000000,1577000000,3753000000,2146000000,2741000000,0,0,1810000000,750000000,1831000000,145000000,145000000,0.58,None,0.345,302000000,-161000000,-152000000,1000000,57000000,79000000,30.84,33.69,28,0.2907,0.1168,5.52,5.63,20.63,1.39,0.4277,0.2736,0.4221,0.0998,1.17,0.45,0.7349
1996-01-28,249413136,498826272,2,6576000000,1752000000,3843000000,1941000000,2733000000,0,0,1798000000,1050000000,2217000000,258000000,258000000,1.03,None,0.35,436000000,-74000000,-363000000,-13000000,56000000,85000000,28.34,31.25,25.44,0.2933,0.1146,5.48,5.46,19.61,1.22,0.4269,0.3842,0.4156,0.0985,1.16,0.7,0.9026
1995-10-29,249138416,498276832,2,6803000000,1969000000,4219000000,2514000000,2584000000,0,0,1808000000,852000000,1990000000,219000000,219000000,0.88,None,0.31,90000000,-186000000,107000000,16000000,69000000,73000000,24.54,26.94,22.13,0.2948,0.1157,5.19,4.94,17.53,1.04,0.429,0.3297,0.3798,0.0972,1.19,0.03,0.7832
1995-07-30,248439373,496878746,2,6315000000,1581000000,3847000000,2164000000,2468000000,0,0,1715000000,857000000,1630000000,143000000,143000000,0.57,None,0.31,367000000,-183000000,-271000000,-83000000,53000000,200000000,24.16,25.5,22.82,0.2989,0.1182,4.97,5.02,None,0.89,0.4316,0.3472,0.3908,0.0959,1.23,0.34,0.7306
1995-04-30,249613033,499226066,2,6373000000,1684000000,3972000000,2279000000,2401000000,0,0,1732000000,867000000,1744000000,127000000,127000000,0.51,None,0.31,343000000,-1147000000,843000000,45000000,134000000,49000000,23.41,25.63,21.19,None,None,4.81,5.03,None,0.73,None,0.3611,0.3767,None,None,0.59,0.7389
1995-01-29,249146271,498292542,2,5409000000,1810000000,3093000000,1710000000,2316000000,0,0,721000000,563000000,2040000000,231000000,231000000,0.93,None,0.31,385000000,-89000000,-284000000,1000000,89000000,64000000,21.66,23,20.32,None,None,4.65,5,None,0.58,None,0.2431,0.4282,None,None,0.64,1.0585
1994-10-30,248714023,497428046,2,5529000000,1930000000,3374000000,2001000000,2155000000,0,0,681000000,574000000,1864000000,197000000,197000000,0.79,None,0.28,90000000,-239000000,138000000,-6000000,88000000,57000000,19.56,20.63,18.5,None,None,4.33,4.89,None,0.42,None,0.2664,0.3898,None,None,0.07,0.9645
1994-07-31,248427876,496855752,2,4992000000,1601000000,3003000000,1665000000,1989000000,0,0,582000000,560000000,None,None,None,None,None,0,273000000,-129000000,-144000000,8000000,94000000,134000000,18.41,19.69,17.13,None,None,4,4.65,None,0.28,None,0.2815,0.3984,None,None,0.28,0.9616
1994-05-01,250099906,500199812,2,4938000000,1600000000,2956000000,1465000000,1982000000,0,0,599000000,564000000,1568000000,119000000,119000000,0.47,None,0.28,360000000,-132000000,-201000000,25000000,86000000,84000000,19.82,21.07,18.57,None,None,3.96,5.16,None,0.28,None,0.2846,0.4014,None,None,0.55,1.0922
1994-01-30,250864926,501729852,2,5025000000,1773000000,3099000000,1627000000,1926000000,0,0,605000000,562000000,1894000000,203000000,203000000,0.81,None,0.28,None,None,None,None,61000000,0,20.38,21.63,19.13,None,None,3.84,None,None,0.14,None,0.2918,0.3833,None,None,None,1.0897
