"Quarter end","Shares","Shares split adjusted","Split factor","Assets","Current Assets","Liabilities","Current Liabilities","Shareholders equity","Non-controlling interest","Preferred equity","Goodwill & intangibles","Long-term debt","Revenue","Earnings","Earnings available for common stockholders","EPS basic","EPS diluted","Dividend per share","Cash from operating activities","Cash from investing activities","Cash from financing activities","Cash change during period","Cash at end of period","Capital expenditures","Price","Price high","Price low","ROE","ROA","Book value of equity per share","P/B ratio","P/E ratio","Cumulative dividends per share","Dividend payout ratio","Long-term debt to equity ratio","Equity to assets ratio","Net margin","Asset turnover","Free cash flow per share","Current ratio"
2019-06-30,287106811,287106811,1,13720982000,1215103000,11988888000,1616787000,1657821000,74273000,0,5940449000,8390183000,1066907000,92441000,92441000,0.32,0.32,0.611,312664000,-158456000,-148634000,521000,161996000,35025000,33.36,36.65,30.08,0.1919,0.0273,5.77,5.44,27.57,22.53,1.9972,5.061,0.1208,0.0818,0.33,0.97,0.7516
2019-03-31,286880641,286880641,1,13689363000,1209850000,11855527000,1515133000,1759401000,74435000,0,5960716000,8365737000,1053863000,30452000,29561000,0.1,0.1,0.611,117067000,-311217000,187736000,-4010000,161475000,500694000,34.45,37.32,31.58,0.1824,0.0285,6.13,5.24,27.13,21.92,1.9709,4.7549,0.1285,0.0822,0.34,-1.34,0.7985
2018-12-31,286365695,286365695,1,11852247000,1208114000,9896126000,1462678000,1884180000,71941000,0,5947552000,8016417000,1156819000,158831000,158118000,0.55,0.55,0.61,311006000,-119085000,-218881000,-32191000,165485000,282192000,32.7,35.18,30.22,0.1786,0.0307,6.58,4.83,40.88,21.31,1.8698,4.2546,0.159,0.086,0.36,0.1,0.826
2018-09-30,286219594,286219594,1,11805969000,1215975000,9772348000,1247352000,1937386000,96235000,0,5995608000,8109179000,965661000,67023000,67148000,0.23,0.23,0.5876,231214000,-181297000,-29194000,9484000,197676000,310114000,34.98,36.95,33.01,0.1066,0.0195,6.77,4.87,53,20.7,2.9901,4.1856,0.1641,0.0561,0.35,-0.28,0.9748
2018-06-30,286145783,286145783,1,11812534000,1244334000,9659747000,1273103000,2055940000,96847000,0,5997183000,7961761000,1060823000,93543000,93401000,0.33,0.33,0.5877,301761000,-359484000,-186499000,-254299000,188192000,492261000,33.62,35.37,31.87,0.0873,0.0164,7.18,4.26,53.37,20.11,3.5708,3.8726,0.174,0.0456,0.36,-0.67,0.9774
2018-03-31,285923945,285923945,1,11998149000,1524873000,9643997000,1231062000,2259747000,94405000,0,5917966000,8020873000,1042458000,45152000,44684000,0.16,0.16,0.5888,91568000,-1562012000,985252000,-483208000,442491000,1670219000,34.36,37.94,30.78,0.0823,0.016,7.9,4.27,49.8,19.53,3.7474,3.5495,0.1883,0.0431,0.37,-5.52,1.2387
2017-12-31,285311549,285311549,1,10972402000,1950315000,8582142000,1330173000,2297438000,92822000,0,6881562000,6896971000,991235000,21479000,22721000,0.08,0.08,0.62,202099000,-116047000,498945000,587813000,925699000,253815000,39.23,41.53,36.93,0.0928,0.0182,8.05,5.61,49.66,18.94,3.3484,3.002,0.2094,0.0478,0.38,-0.18,1.4662
2017-09-30,266937094,266937094,1,10260006000,1328224000,8323936000,1232369000,1866988000,69082000,0,6852326000,6700094000,965661000,24324000,24345000,0.09,0.09,0.5534,199192000,-262431000,103064000,46867000,337886000,363489000,36.78,40.64,32.92,0.1111,0.0218,6.99,5.24,50.38,18.32,2.7537,3.5887,0.182,0.0554,0.39,-0.62,1.0778
2017-06-30,264390702,264390702,1,9814693000,1205876000,7889312000,1474606000,1855788000,69593000,0,6594669000,6028985000,949806000,81122000,78630000,0.3,0.3,0.5504,197840000,-116667000,-98246000,-4609000,291019000,199877000,34.62,36.7,32.53,0.0986,0.0203,7.02,4.81,93.57,17.76,2.8971,3.2487,0.1891,0.0512,0.39,-0.01,0.8178
2017-03-31,264116522,264116522,1,9672134000,1198637000,7701052000,1418469000,1902725000,68357000,0,5247734000,5922748000,938876000,58507000,58125000,0.22,0.22,0.5504,121837000,-104303000,36662000,59144000,295628000,197060000,35.01,37.75,32.27,0.049,0.0106,7.2,4.77,77.8,17.21,5.4821,3.1128,0.1967,0.0271,0.38,-0.28,0.845
2016-12-31,263724213,263724213,1,9486800000,1112107000,7495432000,1046557000,1936547000,54821000,0,5157544000,6078206000,934193000,49525000,48938000,0.19,0.18,0.53,121303000,-28871000,-315964000,-221644000,236484000,191678000,34.13,37.51,30.75,0.0619,0.0121,7.34,4.23,113.77,16.66,4.812,3.1387,0.2041,0.0299,0.4,-0.27,1.0626
2016-09-30,263447840,263447840,1,9904916000,1467341000,7754662000,1024027000,2124693000,25561000,0,5185284000,6338024000,942822000,7800000,7080000,0.03,0.03,0.4852,215842000,-104567000,128398000,221139000,458128000,201261000,38.46,41.5,35.42,0.046,0.0079,8.06,4.56,101.21,16.13,7.5688,2.983,0.2145,0.0185,0.41,0.06,1.4329
2016-06-30,263248643,263248643,1,9741054000,1289370000,7495024000,982029000,2221075000,24955000,0,5150899000,6103058000,883748000,-13133000,-13968000,-0.06,-0.06,0.5174,125632000,-295272000,293678000,119044000,236989000,436317000,35.98,39.84,32.12,0.081,0.0109,8.44,15.38,52.14,15.65,5.6513,2.7478,0.228,0.0248,0.43,-1.18,1.313
2016-03-31,211952148,211952148,1,6422309000,831896000,5901165000,748493000,496398000,24746000,0,3021813000,4931296000,750690000,63041000,62774000,0.3,0.3,0.4747,81118000,-107281000,19261000,-10436000,117945000,194265000,28.89,34.15,23.64,0.2497,0.0227,2.34,11.99,49.81,15.13,2.7784,9.9342,0.0773,0.0482,0.47,-0.53,1.1114
2015-12-31,211508202,211508202,1,6350587000,857912000,5821980000,841831000,508841000,19766000,0,2964292000,4757610000,752427000,5940000,5705000,0.02,0.03,0.48,221665000,-192959000,-394051000,-364518000,128381000,277016000,29.17,32.35,25.99,0.192,0.0194,2.41,10.13,47.82,14.66,3.2617,9.3499,0.0801,0.041,0.47,-0.26,1.0191
2015-09-30,211152923,211152923,1,6669822000,1228298000,6050045000,910777000,607204000,12573000,0,2989592000,4920568000,746529000,23517000,23110000,0.11,0.11,0.4751,140357000,-79215000,321009000,375801000,492899000,153396000,29.37,32.25,26.49,0.1788,0.0204,2.88,8.74,58.74,14.18,3.4832,8.1036,0.091,0.0429,0.47,-0.06,1.3486
2015-06-30,210825694,210825694,1,6422577000,874727000,5700352000,752135000,708787000,13438000,0,3029814000,4718915000,759734000,54007000,53330000,0.25,0.25,0.4752,174226000,-74432000,-104332000,-2507000,117098000,173976000,34.72,38.49,30.95,0.1552,0.0169,3.36,9.84,21.04,13.7,10.6946,6.6577,0.1104,0.0349,0.47,0,1.163
2015-03-31,210555361,210555361,1,6371454000,887473000,5614952000,720331000,742855000,13647000,0,2985692000,4667359000,749286000,41739000,41096000,0.2,0.19,0.4747,5512000,-76180000,68863000,-6328000,119605000,174059000,38.56,41.53,35.6,0.3895,0.0499,3.53,9.45,22.95,13.23,3.3757,6.283,0.1166,0.1051,0.47,-0.8,1.232
2014-12-31,210071985,210071985,1,6570342000,917719000,5700387000,856736000,856355000,13600000,0,3031620000,4611436000,777978000,13403000,12749000,0.06,0.06,0.73,171096000,-148686000,-74976000,-58055000,125933000,231312000,35.76,40.41,31.11,0.3581,0.0493,4.08,15.22,19.12,12.75,3.2222,5.385,0.1303,0.1046,0.47,-0.29,1.0712
2014-09-30,193704227,193704227,1,6636339000,976386000,6168677000,1598308000,455772000,11890000,0,3074892000,4331686000,782697000,858000,66000,0,0,4.096,106251000,-96579000,35006000,38645000,183988000,193857000,34.14,37.1,31.17,0.3762,0.0543,2.35,5.12,18.06,12.02,2.632,9.5041,0.0687,0.116,0.47,-0.45,0.6109
2014-06-30,193114383,193114383,1,6735124000,962868000,5437974000,901708000,1288135000,9015000,0,3141525000,4297942000,786892000,272376000,271637000,1.41,1.4,0.2705,139960000,-105810000,-61012000,-24563000,145343000,195751000,30.98,36,25.95,0.3287,0.0555,6.67,5.71,49.17,7.93,0.5688,3.3366,0.1913,0.1183,0.47,-0.29,1.0678
2014-03-31,191955783,191955783,1,6706617000,987629000,5655446000,867850000,1042818000,8353000,0,3132008000,4288605000,770126000,42109000,41667000,0.22,0.22,0.27,55641000,-128903000,120839000,49380000,169906000,244917000,28.12,30.48,25.75,0.1131,0.0188,5.43,5.14,55.14,7.65,1.7296,4.1125,0.1555,0.0392,0.47,-0.99,1.138
2013-12-31,191504318,191504318,1,6653005000,933607000,5595171000,959101000,1047338000,10496000,0,3068836000,4119139000,768532000,47861000,47265000,0.25,0.25,0.27,172964000,-291025000,68369000,-51505000,120526000,386819000,27.91,30.8,25.03,0.0905,0.0157,5.47,5.04,69.77,7.38,2.1223,3.933,0.1574,0.0321,0.47,-1.12,0.9734
2013-09-30,191217917,191217917,1,6380779000,942478000,5308613000,828500000,1058720000,13446000,0,2913896000,3973799000,755639000,4957000,4047000,0.02,0.02,0.27,120681000,-130249000,-76723000,-86835000,172031000,399567000,27.33,29.12,25.53,0.0686,0.0125,5.54,4.84,39.61,7.11,12.9554,3.7534,0.1659,0.025,0.48,-1.46,1.1376
2013-06-30,191109909,191109909,1,6334819000,1045982000,5241280000,1072925000,1080273000,13266000,0,2818540000,3614018000,754721000,27440000,26564000,0.14,0.14,0.27,107296000,-115905000,41006000,28867000,258866000,63031000,32.81,39.71,25.91,0.1073,0.0202,5.65,5.61,42.61,6.84,7.8305,3.3455,0.1705,0.0413,0.48,0.23,0.9749
2013-03-31,190666820,190666820,1,6298180000,1001136000,5170103000,844578000,1114555000,13522000,0,2799898000,3757853000,747031000,20534000,19386000,0.1,0.1,0.27,106605000,-100508000,-14088000,-13416000,229999000,100571000,34.06,36.67,31.45,0.1133,0.0222,5.85,5.63,34.4,6.57,7.1289,3.3716,0.177,0.0452,0.48,0.03,1.1854
2012-12-31,190140008,190140008,1,6358339000,1024092000,5195891000,904953000,1149971000,12477000,0,2790879000,3732116000,758467000,26186000,25494000,0.15,0.14,4.33,131999000,-106903000,-115470000,-91168000,243415000,90990000,34.1,37.7,30.5,0.1391,0.0281,6.05,4.57,33.43,6.3,5.5852,3.2454,0.1809,0.0571,0.48,0.22,1.1317
2012-09-30,172515017,172515017,1,6327575000,1065984000,5028450000,772615000,1287209000,11916000,0,2828973000,3668047000,748125000,53751000,52809000,0.31,0.31,0.27,88547000,-64726000,136617000,164353000,334583000,63465000,32.55,34.18,30.91,0.1445,0.03,7.46,4.51,36.17,1.98,0.9822,2.8496,0.2034,0.0621,0.48,0.15,1.3797
2012-06-30,171639223,171639223,1,6087212000,891154000,4836888000,780726000,1239611000,10713000,0,2803383000,3430157000,752165000,38917000,38055000,0.22,0.22,0.27,137306000,-161539000,21179000,-8063000,170230000,56572000,30.3,33.5,27.1,0.122,0.0274,7.22,4.12,15.78,1.71,1.0725,2.7671,0.2036,0.0563,0.48,0.47,1.1414
2012-03-31,171199613,171199613,1,6086622000,931999000,4817819000,778140000,1259616000,9187000,0,2735064000,3390447000,746498000,55980000,55350000,0.32,0.32,0.25,74884000,-67032000,-14096000,-1552000,178293000,57071000,30.3,32.24,28.35,0.2432,0.0613,7.36,4.16,15.38,1.44,0.4798,2.6917,0.2069,0.1286,0.48,0.1,1.1977
2011-12-31,171087289,171087289,1,6041258000,914450000,4787002000,849030000,1245688000,8568000,0,2664417000,3280268000,680778000,35523000,35523000,0.18,0.17,0.25,204480000,-56260000,-443174000,-301034000,179845000,65233000,31.02,33.7,28.34,0.2272,0.0631,7.28,3.38,15.75,1.19,0.4451,2.6333,0.2062,0.1324,0.48,0.81,1.0771
2011-09-30,185617679,185617679,1,6391443000,1259943000,4677742000,754689000,1706326000,7375000,0,2716294000,3257213000,772082000,37925000,37338000,0.19,0.19,0.25,167901000,-55719000,102861000,209455000,480879000,50493000,31.73,35.79,27.68,0.205,0.0619,9.19,3.14,31.11,0.94,0.3703,1.9089,0.267,0.127,0.49,0.63,1.6695
2011-06-30,203145012,203145012,1,6410699000,1069646000,4348590000,798392000,2053606000,8503000,0,2842799000,2866920000,762889000,252684000,252684000,1.25,1.24,0.25,123720000,289478000,-332984000,81607000,271424000,46617000,33.34,35.5,31.18,0.1028,0.0321,10.11,3.31,None,0.69,0.5499,1.396,0.3203,0.0656,0.49,0.38,1.3398
2011-03-31,200689751,200689751,1,6470102000,1018602000,4442116000,807947000,2019483000,8503000,0,2856019000,2960880000,798954000,73460000,73460000,0.37,0.37,0.1875,119337000,-98991000,-90511000,-68876000,189817000,64284000,27.91,31.53,24.28,-0.003,-0.0009,10.06,2.86,None,0.43,None,1.4662,0.3121,None,0.49,0.27,1.2607
2010-12-31,200194653,200194653,1,6395799000,1055178000,4432537000,854934000,1955845000,7417000,0,2742677000,2912465000,788678000,33018000,33018000,0.16,0.17,0.06,180104000,-80114000,-26190000,74520000,258693000,74313000,22.68,25.42,19.93,-0.0264,-0.0083,9.77,2.31,None,0.25,None,1.4891,0.3058,None,0.48,0.53,1.2342
2010-09-30,200129229,200129229,1,6350918000,994610000,4383706000,747166000,1960539000,6673000,0,2756879000,2972973000,782574000,-153776000,-153776000,-0.76,-0.76,0.0625,176938000,-61988000,-275857000,-156306000,184173000,61333000,22.95,25.81,20.09,-0.0123,-0.0039,9.8,2.19,27.65,0.19,None,1.5164,0.3087,None,0.47,0.58,1.3312
2010-06-30,201511311,201511311,1,6647096000,1125234000,4531041000,731650000,2112313000,3742000,0,2960168000,3129153000,779791000,41292000,41292000,0.2,0.2,0.0625,136931000,-57024000,-62032000,15057000,340479000,52421000,25.46,28.49,22.44,0.0811,0.0254,10.48,2.41,24.02,0.13,0.1477,1.4814,0.3178,0.0552,0.46,0.42,1.5379
2010-03-31,203297514,203297514,1,6738679000,1090323000,4586739000,725909000,2147855000,4085000,0,3022234000,3183349000,776506000,25566000,25566000,0.13,0.12,0.0625,131167000,-233544000,-17155000,-121234000,325422000,80102000,24.54,27.76,21.32,0.1051,0.0325,10.57,2.33,22.72,0.06,0.0584,1.4821,0.3187,0.071,0.46,0.25,1.502
2009-12-31,203611989,203611989,1,6846834000,1211425000,4701588000,814714000,2141142000,4104000,0,2973525000,3211223000,779336000,61254000,61254000,0.31,0.3,0,183021000,-100416000,-87465000,-2607000,446656000,93625000,25.16,27.57,22.74,0.1111,0.0336,10.52,2.5,32.26,0,0,1.4998,0.3127,0.0733,0.46,0.44,1.4869
2009-09-30,203354655,203354655,1,6706225000,1197667000,4656151000,721497000,2047950000,2124000,0,2946370000,3275935000,764885000,43186000,43186000,0.21,0.21,0,185599000,-85725000,28204000,133207000,449263000,82497000,29.16,32.04,26.29,0.0846,0.025,10.07,3.04,46.29,0,0,1.5996,0.3054,0.0539,0.46,0.51,1.66
2009-06-30,202913730,202913730,1,6472499000,1112613000,4520933000,676771000,1948735000,2831000,0,2881900000,3208384000,746028000,87638000,87638000,0.43,0.43,0,120799000,-63770000,-14321000,44225000,316056000,61662000,26.39,31.27,21.52,0.0692,0.0201,9.6,2.94,69.45,0,0,1.6464,0.3011,0.0429,0.47,0.29,1.644
2009-03-31,202370435,202370435,1,6244564000,973938000,4426526000,663713000,1814596000,3442000,0,2840388000,3130363000,723346000,28799000,28799000,0.14,0.14,0,127492000,-74155000,-56110000,-6539000,271831000,70376000,21.29,25.66,16.91,0.0417,0.012,8.97,2.39,53.23,0,0,1.7251,0.2906,0.0255,0.47,0.28,1.4674
2008-12-31,202001044,202001044,1,6356854000,976392000,4550526000,729597000,1802780000,3548000,0,2896033000,3207464000,752555000,1355000,1355000,0,0,0,186619000,-117284000,-97766000,-39874000,278370000,112939000,22.25,27.79,16.71,0.0441,0.0127,8.92,2.36,40.45,0,0,1.7792,0.2836,0.0269,0.47,0.36,1.3383
2008-09-30,201672065,201672065,1,6637694000,1082300000,4736852000,781585000,1897466000,3376000,0,3060857000,3393367000,784338000,11314000,11314000,0.06,0.06,0,160777000,-113540000,67145000,115047000,318244000,100028000,26.79,30.08,23.5,0.0585,0.0169,9.41,2.84,36.2,0,0,1.7884,0.2859,0.0359,0.47,0.3,1.3848
2008-06-30,201539910,201539910,1,6508610000,955149000,4603998000,755608000,1900342000,4270000,0,3082665000,3318950000,768857000,35886000,35886000,0.18,0.18,0,117112000,-128454000,107177000,95773000,203197000,80348000,28.4,31.28,25.51,0.0821,0.0237,9.43,3.11,37.87,0,0,1.7465,0.292,0.0505,0.47,0.18,1.2641
2008-03-31,201039252,201039252,1,6326579000,860257000,4482162000,681305000,1834541000,9876000,0,3037614000,3279217000,749384000,33482000,33482000,0.17,0.16,0,72521000,-100316000,10812000,-18183000,107424000,93756000,30.66,37.13,24.2,0.0868,0.025,9.13,3.43,40.34,0,0,1.7875,0.29,0.0533,0.47,-0.11,1.2627
2007-12-31,200835645,200835645,1,6307921000,822396000,4503377000,765677000,1795455000,9089000,0,3054695000,3232848000,727001000,28001000,28001000,0.14,0.15,0,156764000,-264030000,140968000,34856000,125607000,117694000,34.66,38.85,30.48,0.0907,0.0264,8.94,4.04,43.32,0,0,1.8006,0.2846,0.0561,0.47,0.19,1.0741
2007-09-30,200431063,200431063,1,5903183000,751397000,4177567000,657463000,1718796000,6820000,0,2870614000,3074299000,701833000,51334000,51334000,0.26,0.25,0,121117000,-171285000,44743000,-4213000,90751000,92332000,28.32,30.9,25.75,0.0996,0.0294,8.58,3.43,41.44,0,0,1.7886,0.2912,0.0621,0.47,0.14,1.1429
2007-06-30,200090215,200090215,1,5713796000,712962000,4055505000,632168000,1652408000,5883000,0,2797476000,2971654000,668689000,39052000,39052000,0.2,0.19,0,104798000,-335761000,262458000,33483000,94964000,85700000,27.02,29,25.05,0.0874,0.0259,8.26,3.4,39.74,0,0,1.7984,0.2892,0.0549,0.47,0.1,1.1278
2007-03-31,199568124,199568124,1,5269731000,667592000,3676719000,665695000,1587509000,5503000,0,2489367000,2592719000,632512000,34707000,34707000,0.17,0.17,0,101965000,-95559000,8836000,16112000,61481000,72980000,27.52,29.23,25.8,0.0893,0.0266,7.95,3.53,42.78,0,0,1.6332,0.3013,0.0563,0.47,0.15,1.0028
2006-12-31,199153514,199153514,1,5209521000,679721000,3650958000,638647000,1553273000,5290000,0,2447885000,2605711000,609507000,37135000,37135000,0.18,0.19,0,95067000,-119059000,23493000,-20000,45369000,105449000,28.38,29.72,27.03,0.087,0.0257,7.8,3.75,47.83,0,0,1.6776,0.2982,0.0548,0.47,-0.05,1.0643
2006-09-30,132402575,198603862,1.5,5058947000,619919000,3550321000,616186000,1503585000,5041000,0,2449867000,2575081000,595610000,26613000,26613000,0.2,0.2,0,105480000,-112692000,10995000,4437000,45389000,104892000,26.06,29.48,22.64,0.0823,0.0241,7.57,3.53,40.72,0,0,1.7126,0.2972,0.0518,0.47,0,1.0061
2006-06-30,132242111,198363166,1.5,4956912000,589596000,3488226000,609214000,1463603000,5083000,0,2430269000,2541996000,581568000,37842000,37842000,0.29,0.28,0,111737000,-131098000,17056000,-1600000,40952000,81294000,25.07,27.24,22.91,0.0919,0.0268,7.38,3.54,43.22,0,0,1.7368,0.2953,0.0579,0.46,0.15,0.9678
2006-03-31,131892422,197838633,1.5,4797357000,563093000,3390636000,550537000,1402049000,4672000,0,2363422000,2531267000,563657000,27273000,27273000,0.21,0.2,0,61998000,-103865000,31190000,-10861000,42552000,73677000,28.1,29.91,26.29,0.0856,0.0247,7.09,4.05,50.18,0,0,1.8054,0.2923,0.0539,0.46,-0.06,1.0228
2005-12-31,131758163,197637244,1.5,4766140000,554168000,3390144000,591996000,1370129000,5867000,0,2367647000,2503526000,538355000,26363000,26363000,0.2,0.21,0,98315000,-199988000,112220000,9423000,53413000,64369000,26.43,30.06,22.8,0.0847,0.0242,6.93,3.92,45.57,0,0,1.8272,0.2875,0.0535,0.45,0.17,0.9361
2005-09-30,131145179,196717768,1.5,4552490000,545852000,3219099000,527841000,1327422000,5969000,0,2247297000,2382139000,526472000,36377000,36377000,0.28,0.27,0,87506000,-63687000,-9509000,14473000,43990000,49206000,22.65,25.17,20.13,0.09,0.0254,6.75,3.44,45.91,0,0,1.7946,0.2916,0.0568,0.45,0.19,1.0341
2005-06-30,130817627,196226440,1.5,4540455000,511298000,3244297000,545978000,1290870000,5288000,0,2261172000,2406196000,511922000,25410000,25410000,0.19,0.19,0,127941000,-78029000,-48716000,741000,29517000,72556000,19.49,20.81,18.17,0.0785,0.0219,6.58,3.04,40.6,0,0,1.864,0.2843,0.0495,0.44,0.28,0.9365
2005-03-31,130353399,195530098,1.5,4507930000,512324000,3247589000,533083000,1255468000,4873000,0,2259743000,2448526000,501406000,22949000,22949000,0.18,0.17,0,63414000,-94471000,27454000,-3166000,28776000,58375000,19.55,21.33,17.77,0.0789,0.0219,6.42,3.13,40.54,0,0,1.9503,0.2785,0.0499,0.44,0.03,0.9611
2004-12-31,129889755,194834632,1.5,4442387000,501154000,3210774000,515463000,1218568000,13045000,0,2229997000,2438587000,478927000,29887000,29887000,0.23,0.24,0,96385000,-206901000,98024000,-12486000,31942000,72273000,21.3,23.39,19.2,0.0816,0.0225,6.25,3.55,45.43,0,0,2.0012,0.2743,0.0518,0.43,0.12,0.9722
2004-09-30,129380787,194071180,1.5,4206228000,479628000,3029380000,470377000,1165113000,11735000,0,2105743000,2330155000,459330000,18450000,18450000,0.14,0.14,0,79242000,-132168000,56106000,4422000,44428000,57386000,21.38,22.63,20.14,0.0831,0.0229,6,3.66,47.39,0,0,1.9999,0.277,0.0531,0.43,0.11,1.0197
2004-06-30,129240684,193861026,1.5,4066887000,461387000,2923679000,450522000,1131268000,11940000,0,2016225000,2260473000,445410000,22857000,22857000,0.18,0.17,0,88129000,-74080000,-4271000,9028000,40006000,56147000,20.24,21.85,18.63,0.0825,0.0227,5.84,3.56,46,0,0,1.9982,0.2782,0.0534,0.43,0.16,1.0241
2004-03-31,85891427,193255710,2.25,4008889000,429712000,2896853000,435548000,1100543000,11493000,0,1979478000,2262768000,433922000,22997000,22997000,0.27,0.26,0,41608000,-213374000,126710000,-43705000,30978000,43049000,18.86,20.5,17.22,0.0824,0.0228,5.69,3.42,43.3,0,0,2.056,0.2745,0.0545,0.42,-0.01,0.9866
2003-12-31,85775503,192994881,2.25,3892099000,471583000,2750200000,584745000,1066114000,75785000,0,1892745000,1974147000,408490000,28426000,28426000,0.33,0.33,0,105074000,-56418000,2018000,51139000,74683000,51392000,16.65,17.84,15.46,0.0833,0.0235,5.52,3.13,44.07,0,0,1.8517,0.2739,0.0564,0.42,0.28,0.8065
2003-09-30,85362615,192065883,2.25,3739541000,396118000,2645005000,473126000,1022350000,72186000,0,1828428000,2002160000,381758000,14794000,14794000,0.17,0.17,0,52962000,-400376000,192695000,-154319000,23544000,41757000,16.34,17.75,14.92,0.0737,0.0212,5.32,3.13,42.75,0,0,1.9584,0.2734,0.0503,0.42,0.06,0.8372
2003-06-30,85289419,191901192,2.25,3476215000,486729000,2406199000,423026000,1001556000,68460000,0,1639729000,1822375000,359270000,20133000,20133000,0.24,0.23,0,94133000,-65737000,135703000,164282000,177863000,56230000,17.17,18.06,16.28,0.0764,0.0226,5.22,3.37,44.92,0,0,1.8195,0.2881,0.0528,0.43,0.2,1.1506
2003-03-31,85221960,191749410,2.25,3268870000,339251000,2224817000,396941000,976412000,67641000,0,1623171000,1679861000,351811000,21284000,21284000,0.25,0.25,0,36524000,-64103000,-15362000,-42711000,13581000,43431000,15.5,17.55,13.44,0.078,0.0236,5.09,3.14,51.29,0,0,1.7204,0.2987,0.0541,0.44,-0.04,0.8547
2002-12-31,85265119,191846517,2.25,3230655000,367040000,2223662000,427962000,944861000,62132000,0,1593187000,1662365000,353240000,16484000,16484000,0.19,0.2,0,82500000,-82260000,27896000,28695000,56292000,54290000,12.07,15.2,8.95,0.0633,0.0193,4.93,2.47,87.6,0,0,1.7594,0.2925,0.0442,0.44,0.15,0.8576
2002-09-30,84849558,190911505,2.25,3032242000,321162000,2040037000,369306000,932451000,59754000,0,1556909000,1546482000,328591000,15697000,15697000,0.19,0.18,0,74300000,-48855000,-23828000,1542000,27597000,36413000,12,13.91,10.1,0.0299,0.0093,4.88,2.5,None,0,0,1.6585,0.3075,0.0214,0.43,0.2,0.8696
2002-06-30,84747435,190681728,2.25,2931334000,327189000,1960937000,358417000,915188000,55209000,0,1553127000,1487201000,323487000,19989000,19989000,0.24,0.23,0,46879000,-49848000,17736000,14636000,26055000,41858000,13.84,14.74,12.93,-0.0127,-0.004,4.8,2.96,None,0,None,1.625,0.3122,None,0.43,0.03,0.9129
2002-03-31,84747435,190681728,2.25,2876745000,311988000,1932854000,369659000,892422000,51469000,0,1539657000,1465812000,313179000,6122000,6122000,0.07,0.07,0,51269000,-66794000,5294000,-9940000,11419000,57416000,13.78,14.59,12.97,-0.0458,-0.0144,4.68,2.95,None,0,None,1.6425,0.3102,None,0.42,-0.03,0.844
2001-12-31,84384049,189864110,2.25,2859906000,309317000,1908654000,359009000,885959000,65293000,0,1562431000,1460843000,302187000,-14701000,-14701000,-0.17,-0.17,0,52731000,-81086000,-5919000,-38779000,21359000,59548000,12.4,13.54,11.26,-0.0486,-0.0156,4.67,2.64,None,0,None,1.6489,0.3098,None,0.42,-0.04,0.8616
2001-09-30,56026635,189089893,3.375,2853887000,355129000,1897887000,349707000,889530000,66470000,0,1553362000,1469866000,291673000,-22809000,-22809000,-0.41,-0.41,0,45370000,-57106000,33053000,23301000,60138000,46796000,12.55,13.33,11.78,None,12.1249,4.7,2.57,None,0,0,1.6524,0.3117,29.5903,0.41,-0.01,1.0155
2001-06-30,55846765,188482831,3.375,2823428000,320838000,1832975000,341061000,922477000,67976000,0,1572567000,1420946000,293334000,-9746000,-9746000,-0.18,-0.18,0,38909000,-54695000,40873000,26934000,36837000,41777000,11.72,13.32,10.12,None,None,4.89,2.37,None,0,0,1.5404,0.3267,30.5695,0.41,-0.02,0.9407
2001-03-31,55579027,187579216,3.375,2738054000,276778000,1742847000,309806000,925935000,69272000,0,1563593000,1371442000,283922000,3199000,3199000,0.06,0.06,0,23899000,-85249000,66894000,3703000,9903000,48198000,11,12.64,9.37,None,None,4.94,2.23,None,0,0,1.4811,0.3382,31.7298,0.4,-0.13,0.8934
2000-12-31,55440279,187110941,3.375,2659096000,236668000,1691609000,314053000,924458000,43029000,0,1553322000,1314342000,265536000,33598468000,33598468000,0.08,0.08,0,47922000,-119794000,3959000,-68387000,6200000,53661000,9.93,11.11,8.74,None,None,4.94,1.99,None,0,0,1.4217,0.3477,None,None,-0.03,0.7536
2000-09-30,54980132,185557945,3.375,2619168000,296798000,1651277000,291366000,925073000,42818000,0,1527761000,1311200000,256133000,1707000,1707000,0.03,0.03,0,36611000,-61826000,91440000,66240000,74587000,52279000,10.07,10.96,9.19,None,None,4.99,1.97,None,0,None,1.4174,0.3532,None,None,-0.08,1.0186
2000-06-30,54729297,184711377,3.375,2534017000,218400000,1550637000,263653000,942928000,40452000,0,1549394000,1229950000,252565000,-28245000000,-28245000,-0.52,-0.52,0,55353000,-108936000,51568000,-1757000,8347000,35120000,9.84,10.91,8.78,None,None,5.1,1.9,None,0,None,1.3044,0.3721,None,None,0.11,0.8284
2000-03-31,54586813,184230493,3.375,2469619000,214832000,1473092000,244726000,954160000,42367000,0,1521808000,1183536000,212137000,-5383000000,-5383000,-0.11,-0.11,0,17718000,-37073000,25443000,6274000,10104000,27646000,9.28,10.33,8.22,None,None,5.18,None,None,0,None,1.2404,0.3864,None,None,-0.05,0.8778
