"Quarter end","Shares","Shares split adjusted","Split factor","Assets","Current Assets","Liabilities","Current Liabilities","Shareholders equity","Non-controlling interest","Preferred equity","Goodwill & intangibles","Long-term debt","Revenue","Earnings","Earnings available for common stockholders","EPS basic","EPS diluted","Dividend per share","Cash from operating activities","Cash from investing activities","Cash from financing activities","Cash change during period","Cash at end of period","Capital expenditures","Price","Price high","Price low","ROE","ROA","Book value of equity per share","P/B ratio","P/E ratio","Cumulative dividends per share","Dividend payout ratio","Long-term debt to equity ratio","Equity to assets ratio","Net margin","Asset turnover","Free cash flow per share","Current ratio"
2019-06-30,392836359,392836359,1,34347000000,7388000000,26848000000,5049000000,7482000000,17000000,0,5876000000,10700000000,5667000000,292000000,292000000,0.74,0.73,0.5,1067000000,-421000000,-487000000,167000000,787000000,334000000,44.41,47.96,40.87,0.2174,0.0469,19.05,2.37,10.7,28.45,0.4941,1.4301,0.2178,0.0688,0.68,1.87,1.4633
2019-03-31,397333976,397333976,1,34178000000,7062000000,26709000000,4953000000,7446000000,23000000,0,3775000000,10800000000,5643000000,424000000,424000000,1.06,1.05,0.5,733000000,-294000000,-389000000,52000000,641000000,290000000,43.88,48.24,39.52,0.238,0.0504,18.74,2.39,9.07,27.95,0.4601,1.4504,0.2179,0.0732,0.69,1.11,1.4258
2018-12-31,400236119,400236119,1,33576000000,6996000000,26193000000,4694000000,7362000000,21000000,0,3767000000,16313000000,5951000000,316000000,316000000,0.78,0.76,0.5,821000000,-259000000,-1000000000,-437000000,589000000,275000000,44.12,50.69,37.55,0.2825,0.0595,18.39,2.54,5.84,27.45,0.3894,2.2158,0.2193,0.0863,0.69,1.36,1.4904
2018-09-30,405028470,405028470,1,33803000000,7318000000,26745000000,4603000000,7040000000,18000000,0,3777000000,11300000000,5901000000,562000000,562000000,1.38,1.37,0.475,941000000,-346000000,-636000000,-47000000,1026000000,347000000,52,54.95,49.05,0.4565,0.0931,17.38,3.11,7.29,26.95,0.2463,1.6051,0.2083,0.1441,0.65,1.47,1.5898
2018-06-30,408878065,408878065,1,33796000000,7272000000,26932000000,4618000000,6844000000,20000000,0,3822000000,11500000000,5833000000,405000000,405000000,0.98,0.97,0.475,801000000,-475000000,-354000000,-68000000,1073000000,439000000,54.78,59.57,50,0.4684,0.0882,16.74,3.13,8.63,26.47,0.2596,1.6803,0.2025,0.1364,0.65,0.89,1.5747
2018-03-31,414091479,414091479,1,34030000000,7260000000,26765000000,4465000000,7245000000,20000000,0,3882000000,11300000000,5621000000,729000000,729000000,1.76,1.74,0.475,663000000,-489000000,-56000000,123000000,1141000000,488000000,58.49,66.94,50.04,0.4588,0.0786,17.5,3.7,11.45,26,0.2901,1.5597,0.2129,0.1219,0.64,0.42,1.626
2017-12-31,412940532,412940532,1,33903000000,8277000000,27362000000,5102000000,6522000000,19000000,0,3893000000,10846000000,4547000000,1460000000,1460000000,3.53,3.47,0.47,1188000000,-383000000,-779000000,20000000,1018000000,452000000,56.03,58.96,53.1,0.4172,0.0636,15.79,4.71,25.94,25.52,0.3577,1.663,0.1924,0.0986,0.64,1.78,1.6223
2017-09-30,412928210,412928210,1,33813000000,7211000000,28880000000,4869000000,4914000000,19000000,0,3420000000,12300000000,5913000000,395000000,395000000,0.96,0.95,0.4625,-709000000,-278000000,930000000,-47000000,998000000,266000000,55.12,58.95,51.28,0.1964,0.0269,11.9,5.01,28.12,25.05,0.8449,2.5031,0.1453,0.04,0.67,-2.36,1.481
2017-06-30,412915093,412915093,1,33877000000,7237000000,29312000000,5002000000,4545000000,20000000,0,3409000000,11200000000,5772000000,80000000,80000000,0.19,0.19,0.4625,645000000,-330000000,-266000000,47000000,1041000000,274000000,53.42,57.24,49.6,0.1854,0.0246,11.01,4.82,28.57,24.59,0.9183,2.4642,0.1342,0.0373,0.66,0.9,1.4468
2017-03-31,412899011,412899011,1,33301000000,6721000000,28707000000,4267000000,4575000000,19000000,0,3402000000,11300000000,5511000000,209000000,209000000,0.51,0.5,0.4625,633000000,-400000000,-284000000,-35000000,998000000,373000000,54.24,58.86,49.62,0.1817,0.0239,11.08,5.14,24.88,24.13,0.9525,2.4699,0.1374,0.0363,0.66,0.63,1.5751
2016-12-31,411255197,411255197,1,33345000000,6969000000,28986000000,4072000000,4341000000,18000000,0,3364000000,11075000000,5381000000,218000000,218000000,0.53,0.52,0.46,912000000,-2527000000,104000000,-1529000000,1033000000,439000000,49.11,54.68,43.55,0.2151,0.0282,10.56,4.8,23.5,23.67,0.8097,2.5513,0.1302,0.0429,0.66,1.15,1.7114
2016-09-30,411213412,411213412,1,32601000000,8103000000,28372000000,3541000000,4209000000,20000000,0,3362000000,10900000000,5266000000,312000000,312000000,0.76,0.75,0.44,341000000,-279000000,1232000000,1308000000,2562000000,264000000,45.49,49.9,41.08,0.2114,0.0275,10.24,4.65,24.46,23.21,0.8376,2.5897,0.1291,0.0409,0.67,0.19,2.2883
2016-06-30,411201985,411201985,1,31392000000,6871000000,27346000000,4082000000,4024000000,22000000,0,3367000000,9400000000,5322000000,40000000,40000000,0.1,0.1,0.44,None,None,None,99000000,1254000000,325000000,41.92,44.6,39.24,0.1873,0.0247,9.79,4.07,18.23,22.77,0.9179,2.336,0.1282,0.0358,0.69,None,1.6832
2016-03-31,411174341,411174341,1,31043000000,6792000000,26783000000,4098000000,4234000000,26000000,0,3354000000,9400000000,5110000000,334000000,334000000,0.81,0.81,0.44,620000000,-364000000,-164000000,105000000,1155000000,301000000,37.3,42.09,32.5,0.221,0.0315,10.3,3.95,16.73,22.33,0.7245,2.2201,0.1364,0.0437,0.72,0.78,1.6574
2015-12-31,411157696,411157696,1,30587000000,6477000000,26678000000,3924000000,3884000000,25000000,0,3335000000,8900000000,5443000000,178000000,178000000,0.44,0.43,0.44,None,None,None,-54000000,1050000000,462000000,40.8,44.83,36.76,0.2086,0.0316,9.45,3.89,19.25,21.89,0.7273,2.2915,0.127,0.0419,0.75,None,1.6506
2015-09-30,414566922,414566922,1,31981000000,12754000000,27511000000,9547000000,4349000000,121000000,0,3472000000,9600000000,5691000000,220000000,220000000,0.53,0.52,0.4,None,None,None,-486000000,1104000000,312000000,43.3,49.49,37.11,0.1861,0.0306,10.49,3.7,17.82,21.45,0.7499,2.2074,0.136,0.0391,0.78,None,1.3359
2015-06-30,417741153,417741153,1,28178000000,7727000000,23150000000,5104000000,4892000000,136000000,0,3686000000,9900000000,5714000000,227000000,227000000,0.54,0.54,0.4,115000000,-361000000,255000000,14000000,1590000000,344000000,51.94,56.49,47.39,0.1898,0.036,11.71,4.5,23.08,21.05,0.6345,2.0237,0.1736,0.0499,0.72,-0.55,1.5139
2015-03-31,420912504,420912504,1,27967000000,7660000000,22964000000,4776000000,4858000000,145000000,0,3677000000,9100000000,5517000000,313000000,313000000,0.74,0.74,0.4,638000000,-377000000,-546000000,-305000000,1576000000,310000000,54.63,57.9,51.35,0.1584,0.033,11.54,4.51,42.02,20.65,0.6596,1.8732,0.1737,0.0435,0.76,0.78,1.6039
2014-12-31,422845435,422845435,1,28684000000,7959000000,23421000000,4909000000,5115000000,148000000,0,3773000000,8631000000,5943000000,134000000,134000000,0.32,0.32,0.4,1144000000,-302000000,-644000000,163000000,1881000000,393000000,50.11,55.73,44.5,0.0821,0.0186,12.1,3.11,25.7,20.25,1.1144,1.6874,0.1783,0.0235,0.79,1.78,1.6213
2014-09-30,423613841,423613841,1,29403000000,8139000000,22426000000,4870000000,6816000000,161000000,0,3931000000,9700000000,3447000000,355000000,355000000,0.84,0.83,0.35,933000000,144000000,-629000000,425000000,1718000000,306000000,49.38,51.98,46.77,0.1142,0.028,16.09,2.8,25.07,19.85,0.7035,1.4231,0.2318,0.0344,0.81,1.48,1.6713
2014-06-30,427022310,427022310,1,30802000000,8751000000,23111000000,5393000000,7522000000,169000000,0,4007000000,9900000000,7213000000,161000000,161000000,0.36,0.36,0.35,529000000,-332000000,-250000000,-48000000,1293000000,329000000,47.45,50.65,44.24,0.1162,0.0281,17.62,2.71,21.67,19.5,0.6649,1.3161,0.2442,0.0306,0.92,0.47,1.6227
2014-03-31,433187382,433187382,1,30695000000,8733000000,22949000000,5028000000,7573000000,173000000,0,3996000000,9400000000,7014000000,-95000000,-95000000,-0.21,-0.21,0.35,471000000,-370000000,-563000000,-461000000,1341000000,277000000,47.07,49.71,44.43,0.1326,0.0308,17.48,2.55,15.14,19.15,0.5826,1.2413,0.2467,0.0339,0.91,0.45,1.7369
2013-12-31,438800916,438800916,1,31528000000,9025000000,23244000000,5127000000,8105000000,179000000,0,3987000000,8827000000,7249000000,436000000,436000000,0.99,0.97,0.35,1037000000,-338000000,-838000000,-144000000,1802000000,450000000,46.22,49.52,42.92,0.1936,0.0431,18.47,2.84,17.31,18.8,0.3971,1.0891,0.2571,0.048,0.9,1.34,1.7603
2013-09-30,443623335,443623335,1,32589000000,9475000000,25047000000,5395000000,7230000000,312000000,0,4491000000,9683000000,7406000000,382000000,382000000,0.86,0.85,0.3,712000000,564000000,-543000000,741000000,1946000000,195000000,47.14,50.33,43.95,0.1768,0.0367,16.3,3.13,19.97,18.45,0.4461,1.3393,0.2219,0.0413,0.89,1.17,1.7563
2013-06-30,445958910,445958910,1,32545000000,9268000000,25520000000,5677000000,6707000000,318000000,0,4437000000,10124000000,7335000000,259000000,259000000,0.58,0.58,0.3,748000000,-263000000,-201000000,271000000,1205000000,272000000,45.73,49.1,42.36,0.1566,0.0323,15.04,3,21.99,18.15,0.4898,1.5095,0.2061,0.0368,0.88,1.07,1.6326
2013-03-31,444847829,444847829,1,32698000000,8981000000,25564000000,5257000000,6778000000,356000000,0,4527000000,10200000000,7090000000,318000000,318000000,0.72,0.71,0.3,531000000,-790000000,-106000000,-368000000,934000000,216000000,43.36,47.25,39.47,0.1381,0.0283,15.24,3.03,24.09,17.85,0.5343,1.5049,0.2073,0.0327,0.87,0.71,1.7084
2012-12-31,441207804,441207804,1,32153000000,8905000000,25517000000,4998000000,6304000000,332000000,0,4315000000,9696000000,7075000000,235000000,235000000,0.54,0.53,0.3,713000000,-376000000,-315000000,27000000,1302000000,382000000,36.42,39.88,32.95,0.1174,0.0241,14.29,2.28,19.58,17.55,0.5983,1.5381,0.1961,0.0285,0.85,0.75,1.7817
2012-09-30,439145132,439145132,1,32561000000,8993000000,25216000000,4997000000,7006000000,339000000,0,4406000000,10500000000,7026000000,237000000,237000000,0.54,0.54,0.26,879000000,98000000,-938000000,47000000,1275000000,296000000,32.77,37.25,28.29,0.1193,0.0258,15.95,2.15,13.16,17.25,0.5592,1.4987,0.2152,0.0301,0.86,1.33,1.7997
2012-06-30,437334082,437334082,1,33088000000,9281000000,25994000000,5227000000,6675000000,419000000,0,4230000000,11300000000,7077000000,134000000,134000000,0.31,0.3,0.26,794000000,-426000000,-390000000,-60000000,1228000000,420000000,31.44,35.59,27.29,0.1581,0.0366,15.26,1.95,11.6,16.99,0.4155,1.6929,0.2017,0.041,0.89,0.86,1.7756
2012-03-31,437318509,437318509,1,33849000000,9212000000,26356000000,5033000000,7061000000,432000000,0,4218000000,11600000000,6655000000,188000000,188000000,0.43,0.43,0.2625,581000000,-4154000000,848000000,-2706000000,1288000000,285000000,32.98,36.5,29.45,0.1649,0.0421,16.15,2.18,10.78,16.73,0.3839,1.6428,0.2086,0.0451,0.93,0.68,1.8303
2011-12-31,437085299,437085299,1,26993000000,10456000000,20033000000,4738000000,6620000000,340000000,0,2346000000,9189000000,6367000000,257000000,257000000,0.59,0.59,0.26,637000000,-594000000,1232000000,1272000000,3994000000,884000000,25.7,29.85,21.55,0.1847,0.0513,15.15,1.52,8.06,16.46,0.3154,1.3881,0.2452,0.0515,1,-0.57,2.2068
2011-09-30,437070722,437070722,1,25834000000,9935000000,18172000000,4747000000,7402000000,260000000,0,2461000000,8400000000,6632000000,518000000,518000000,1.19,1.17,0.26,876000000,-341000000,-129000000,323000000,2722000000,-135000000,27.23,31.57,22.9,0.1914,0.0545,16.94,1.54,9.33,16.2,0.2617,1.1348,0.2865,0.0534,1.02,2.31,2.0929
2011-06-30,437100529,437100529,1,26044000000,9416000000,18075000000,4821000000,7706000000,263000000,0,2600000000,8500000000,6648000000,224000000,224000000,0.52,0.52,0.26,648000000,-245000000,-81000000,350000000,2399000000,229000000,29.63,33.01,26.25,0.1811,0.0501,17.63,1.77,11.31,15.94,0.2421,1.103,0.2959,0.0487,1.03,0.96,1.9531
2011-03-31,437219419,437219419,1,25595000000,8488000000,18020000000,4497000000,7320000000,255000000,0,2578000000,8500000000,6387000000,342000000,342000000,0.79,0.78,0.1875,514000000,-307000000,-280000000,-24000000,2049000000,181000000,27.66,30.44,24.88,0.175,0.0454,16.74,1.78,18.95,15.68,0.2202,1.1612,0.286,0.0446,1.02,0.76,1.8875
2010-12-31,439740260,439740260,1,25368000000,8028000000,18284000000,4503000000,6834000000,250000000,0,2569000000,8358000000,6531000000,316000000,316000000,0.74,0.72,0.13,1044000000,-223000000,-170000000,644000000,2073000000,318000000,24.47,27.5,21.44,0.1041,0.0256,15.54,1.68,48.94,15.5,0.2822,1.223,0.2694,0.0256,1,1.65,1.7828
2010-09-30,437456223,437456223,1,25089000000,7808000000,18451000000,4518000000,6388000000,250000000,0,2561000000,8700000000,6720000000,397000000,397000000,0.92,0.9,0.13,-213000000,-151000000,-126000000,-442000000,1429000000,184000000,22.56,25.79,19.33,0.038,0.009,14.6,1.73,48,15.37,0.5873,1.3619,0.2546,0.0092,0.98,-0.91,1.7282
2010-06-30,437024711,437024711,1,25047000000,7729000000,19106000000,4166000000,5693000000,248000000,0,2486000000,8900000000,6121000000,93000000,93000000,0.22,0.22,0.13,641000000,-309000000,-143000000,122000000,1871000000,153000000,24.88,29.25,20.5,0.0347,0.0079,13.03,1.87,43.65,15.24,0.4342,1.5633,0.2273,0.0084,0.93,1.12,1.8553
2010-03-31,436593816,436593816,1,25142000000,7549000000,19090000000,4083000000,5819000000,233000000,0,2267000000,8597000000,5807000000,-162000000,-162000000,-0.38,-0.38,0.025,159000000,-151000000,-149000000,-143000000,1749000000,120000000,25.13,28.61,21.66,0.0437,0.0094,13.33,1.82,16.11,15.11,0.1692,1.4774,0.2314,0.0104,0.9,0.09,1.8489
2009-12-31,436149732,436149732,1,25548000000,7551000000,19293000000,4012000000,6023000000,232000000,0,2290000000,8729000000,5977000000,-101000000,-101000000,-0.24,-0.24,0.02,1085000000,-150000000,-698000000,240000000,1892000000,167000000,24.09,27.79,20.38,0.1284,0.0252,13.81,1.85,None,15.08,0.2088,1.4493,0.2358,0.0284,0.89,2.1,1.8821
2009-09-30,433094767,433094767,1,26681000000,7517000000,20797000000,4316000000,5645000000,239000000,0,2288000000,9253000000,5919000000,371000000,371000000,0.87,0.87,0.025,1381000000,-117000000,-1302000000,-2000000,1652000000,108000000,19.56,25.3,13.82,-0.2185,-0.0386,13.03,1.75,None,15.06,None,1.6391,0.2116,None,0.9,2.94,1.7417
2009-06-30,432759889,432759889,1,26640000000,7549000000,21561000000,3950000000,4843000000,236000000,0,2240000000,10531000000,5802000000,136000000,136000000,0.32,0.32,0.025,1395000000,-133000000,-617000000,699000000,1654000000,131000000,11.38,15.96,6.8,-0.2279,-0.0454,11.19,1.19,None,15.04,None,2.1745,0.1818,None,0.9,2.92,1.9111
2009-03-31,432206914,432206914,1,26219000000,7137000000,21843000000,4351000000,4144000000,232000000,0,2113000000,10959000000,5668000000,257000000,257000000,0.61,0.61,0.25,794000000,-193000000,-759000000,-189000000,955000000,128000000,8.34,12.74,3.93,-0.1743,-0.0416,9.59,0.86,None,15.01,None,2.6445,0.1581,None,0.89,1.54,1.6403
2008-12-31,427766394,427766394,1,26913000000,7360000000,22512000000,4755000000,4169000000,232000000,0,2027000000,11246000000,6546000000,-1791000000,-1791000000,-4.26,-4.26,0.25,713000000,-225000000,-44000000,373000000,1144000000,270000000,18.42,26.64,10.2,-0.1631,-0.0469,9.75,0.9,9.3,14.76,None,2.6975,0.1549,None,0.91,1.04,1.5478
2008-09-30,427530031,427530031,1,30169000000,7890000000,21165000000,4955000000,8765000000,239000000,0,3877000000,11232000000,6808000000,149000000,149000000,0.35,0.35,0.25,946000000,-6324000000,2230000000,-3208000000,771000000,250000000,26.37,31.07,21.66,0.093,0.0314,20.5,1.19,12.32,14.51,0.5115,1.2815,0.2905,0.0347,0.9,1.63,1.5923
2008-06-30,427553778,427553778,1,27973000000,10019000000,18225000000,4338000000,9503000000,245000000,0,3722000000,8915000000,5807000000,227000000,227000000,0.54,0.54,0.25,576000000,-307000000,2813000000,3099000000,3979000000,267000000,26.26,29.37,23.14,0.1029,0.0361,22.23,1.25,12.87,14.26,0.4732,0.9381,0.3397,0.0396,0.91,0.72,2.3096
2008-03-31,427625220,427625220,1,24355000000,6712000000,15122000000,4145000000,8999000000,234000000,0,3658000000,6037000000,5668000000,133000000,133000000,0.32,0.31,0.25,434000000,-341000000,-140000000,-25000000,880000000,215000000,30.18,33.77,26.59,0.1044,0.0364,21.04,1.49,11.18,14.01,0.494,0.6709,0.3695,0.0388,0.94,0.51,1.6193
2007-12-31,427760669,427760669,1,24159000000,6735000000,15259000000,3842000000,8672000000,228000000,0,3650000000,6353000000,5841000000,327000000,327000000,0.79,0.78,0.25,536000000,-943000000,-404000000,-797000000,905000000,488000000,34.38,37.33,31.43,0.1453,0.0492,20.27,1.85,5.51,13.76,0.3684,0.7326,0.359,0.0534,0.92,0.11,1.753
2007-09-30,428137645,428137645,1,23715000000,7505000000,15538000000,4029000000,7956000000,221000000,0,3652000000,6191000000,5541000000,217000000,217000000,0.51,0.51,0.25,716000000,-581000000,-159000000,21000000,1702000000,327000000,36.31,41.57,31.05,0.3577,0.1187,18.58,2.05,5.9,13.51,0.1552,0.7782,0.3355,0.1389,0.85,0.91,1.8627
2007-06-30,429632516,429632516,1,23152000000,7424000000,15306000000,3889000000,7604000000,242000000,0,3526000000,6219000000,5291000000,190000000,190000000,0.44,0.44,0.25,383000000,-248000000,-862000000,-709000000,1681000000,299000000,38,39.94,36.06,0.3808,0.1168,17.7,2.09,6.39,13.26,0.1585,0.8179,0.3284,0.136,0.86,0.2,1.909
2007-03-31,435568358,435568358,1,23866000000,8077000000,15705000000,3907000000,7925000000,236000000,0,3251000000,6358000000,5217000000,434000000,434000000,0.98,0.97,0.25,252000000,1326000000,-827000000,766000000,2390000000,178000000,35.38,38,32.75,0.3771,0.1102,18.19,2.01,14.38,13.01,0.1687,0.8023,0.3321,0.1263,0.87,0.17,2.0673
2006-12-31,452587634,452587634,1,24034000000,8637000000,15858000000,4641000000,7963000000,213000000,0,2929000000,6531000000,4190000000,1971000000,1971000000,4.38,4.32,0.25,-415000000,-67000000,1355000000,888000000,1624000000,271000000,33.74,35.63,31.85,0.1501,0.0414,17.59,2.61,None,12.76,0.4509,0.8202,0.3313,0.0477,0.87,-1.52,1.861
2006-09-30,454969467,454969467,1,24689000000,6784000000,18630000000,5035000000,5874000000,185000000,0,3661000000,9051000000,5867000000,201000000,201000000,0.42,0.42,0.25,766000000,1668000000,-1969000000,462000000,736000000,301000000,33.78,36.05,31.52,-0.1407,-0.0376,12.91,2.35,None,12.51,None,1.5409,0.2379,None,0.86,1.02,1.3474
2006-06-30,493108492,493108492,1,26154000000,7721000000,18853000000,5585000000,7101000000,200000000,0,3862000000,9038000000,6270000000,115000000,115000000,0.24,0.24,0.25,626000000,-268000000,-799000000,-435000000,274000000,330000000,34.34,37.98,30.69,-0.0224,-0.0064,14.4,2.4,None,12.26,None,1.2728,0.2715,None,0.84,0.6,1.3825
2006-03-31,492944895,492944895,1,26636000000,8096000000,19374000000,4792000000,7048000000,214000000,0,3840000000,10562000000,5668000000,-1237000000,-1237000000,-2.54,-2.52,0.25,246000000,-299000000,-891000000,-932000000,709000000,171000000,34.25,36.39,32.1,-0.0265,-0.0074,14.3,2.02,15.71,12.01,None,1.4986,0.2646,None,0.8,0.15,1.6895
2005-12-31,492595905,492595905,1,28771000000,7409000000,20209000000,4844000000,8351000000,211000000,0,5043000000,11023000000,4997000000,-77000000,-77000000,-0.17,-0.17,0.25,138000000,-482000000,482000000,133000000,1641000000,401000000,30.93,34.9,26.97,0.1311,0.0358,16.95,1.71,11.46,11.76,0.4464,1.32,0.2903,0.0456,0.78,-0.53,1.5295
2005-09-30,490498543,490498543,1,28451000000,7063000000,19381000000,4363000000,8867000000,203000000,0,5043000000,10772000000,6036000000,1023000000,1023000000,2.11,2.03,0.25,793000000,869000000,-1414000000,257000000,1092000000,250000000,32.25,35.05,29.45,0.1609,0.0419,18.08,1.95,None,11.51,0.3644,1.2148,0.3117,0.0534,0.78,1.11,1.6188
2005-06-30,490498543,490498543,1,32546000000,8031000000,22953000000,4601000000,8096000000,1497000000,0,5012000000,12812000000,6514000000,77000000,77000000,0.16,0.16,0.25,424000000,-105000000,-503000000,-278000000,1251000000,324000000,34.04,37.92,30.16,-0.0181,-0.0044,16.51,2.02,None,11.26,None,1.5825,0.2488,None,0.76,0.2,1.7455
2005-03-31,490489557,490489557,1,33303000000,8689000000,23509000000,4529000000,8250000000,1544000000,0,4998000000,13526000000,6550000000,77000000,77000000,0.16,0.16,0.25,155000000,-275000000,-942000000,-1067000000,1529000000,197000000,39.13,42.59,35.67,-0.0038,-0.0009,16.82,2.33,None,11.01,None,1.6395,0.2477,None,0.76,-0.09,1.9185
2004-12-31,490325984,490325984,1,34217000000,9319000000,24415000000,4872000000,8254000000,1548000000,0,4994000000,14132000000,6120000000,169000000,169000000,0.35,0.35,0.25,1090000000,368000000,-852000000,768000000,2596000000,516000000,39.82,42.52,37.12,-0.0043,-0.001,16.83,2.47,None,10.76,None,1.7121,0.2412,None,0.74,1.17,1.9128
2004-09-30,486587477,486587477,1,34643000000,9991000000,25191000000,5953000000,7853000000,1599000000,0,5030000000,14434000000,6578000000,-470000000,-470000000,-0.97,-0.97,0.25,603000000,-465000000,-214000000,-34000000,1828000000,250000000,41.44,44.65,38.22,-0.0191,-0.0045,16.14,2.44,46.04,10.51,None,1.838,0.2267,None,0.74,0.73,1.6783
2004-06-30,486270803,486270803,1,34144000000,8572000000,24149000000,5386000000,8267000000,1728000000,0,5335000000,13711000000,6486000000,193000000,193000000,0.4,0.4,0.25,471000000,301000000,-1161000000,-362000000,1862000000,310000000,41.36,44.81,37.91,0.0536,0.0125,17,2.43,59.94,10.26,1.1112,1.6585,0.2421,0.017,0.74,0.33,1.5915
2004-03-31,485483166,485483166,1,35243000000,9415000000,25372000000,6518000000,8247000000,1624000000,0,5340000000,13806000000,6364000000,73000000,73000000,0.15,0.15,0.25,224000000,-149000000,-208000000,-139000000,2224000000,252000000,42.41,45.01,39.8,0.0412,0.0094,16.99,2.5,67.32,10.01,1.4586,1.6741,0.234,0.013,0.73,-0.06,1.4445
2003-12-31,485683526,485683526,1,35525000000,9337000000,25488000000,6803000000,8237000000,1800000000,0,5341000000,13450000000,6467000000,48000000,48000000,0.1,0.1,0.25,520000000,-483000000,705000000,799000000,2363000000,463000000,39.95,43.32,36.57,0.0385,0.0086,16.96,2.46,None,9.76,1.5932,1.6329,0.2319,0.012,0.72,0.12,1.3725
2003-09-30,480467169,480467169,1,34638000000,8513000000,25107000000,5153000000,7795000000,1736000000,0,5332000000,14508000000,6373000000,122000000,122000000,0.25,0.25,0.25,609000000,-369000000,-79000000,134000000,1564000000,276000000,38.41,41.5,35.31,-0.1378,-0.0303,16.22,2.34,None,9.51,None,1.8612,0.225,None,0.72,0.69,1.652
2003-06-30,479524181,479524181,1,35076000000,8569000000,25482000000,5108000000,7857000000,1737000000,0,5336000000,13496000000,6264000000,88000000,88000000,0.19,0.19,0.25,566000000,-241000000,-1209000000,-788000000,1430000000,254000000,36.28,39.39,33.17,-0.1251,-0.0293,16.38,2.32,None,9.26,None,1.7177,0.224,None,0.71,0.65,1.6776
2003-03-31,478935506,478935506,1,35342000000,9199000000,26198000000,4659000000,7482000000,1662000000,0,5328000000,14110000000,6075000000,44000000,44000000,0.09,0.09,0.25,127000000,-174000000,1174000000,1144000000,2218000000,173000000,35.87,38.65,33.09,-0.1016,-0.0253,15.62,2.33,None,9.01,None,1.8859,0.2117,None,0.7,-0.1,1.9745
2002-12-31,478808232,478808232,1,33792000000,7738000000,24969000000,4579000000,7374000000,1449000000,0,5307000000,13042000000,6290000000,-1305000000,-1305000000,-2.72,-2.72,0.25,666000000,-318000000,-305000000,80000000,1074000000,392000000,35.48,39.6,31.35,-0.0918,-0.0245,15.4,1.68,14.14,8.76,None,1.7686,0.2182,None,0.7,0.57,1.6899
2002-09-30,479678875,479678875,1,36275000000,8015000000,24720000000,5133000000,10159000000,1396000000,0,6584000000,11926000000,6343000000,145000000,145000000,0.3,0.3,0.25,720000000,-103000000,-410000000,156000000,994000000,231000000,37.92,44.1,31.75,0.1115,0.0315,21.18,1.75,23.12,8.51,0.4018,1.1739,0.2801,0.0448,0.7,1.02,1.5615
2002-06-30,481779322,481779322,1,36787000000,8129000000,24908000000,4431000000,10450000000,1429000000,0,6593000000,12661000000,6305000000,215000000,215000000,0.45,0.45,0.25,486000000,108000000,-702000000,-129000000,838000000,233000000,42.17,45.2,39.13,0.0713,0.0201,21.69,1.97,78.09,8.26,0.6192,1.2116,0.2841,0.0289,0.69,0.53,1.8346
2002-03-31,482903749,482903749,1,36876000000,8521000000,25217000000,4978000000,10358000000,1301000000,0,6560000000,12421000000,6038000000,65000000,65000000,0.13,0.13,0.25,222000000,-167000000,-315000000,-257000000,967000000,153000000,42.04,46.19,37.89,0.0226,0.0064,21.45,1.69,131.38,8.01,1.923,1.1992,0.2809,0.0092,0.69,0.14,1.7117
2001-12-31,482716847,482716847,1,42109000000,8312000000,28720000000,5374000000,12034000000,1355000000,0,6310000000,12648000000,8071000000,774000000,774000000,1.63,1.63,0.25,688000000,-169000000,-1340000000,-795000000,1224000000,361000000,37.7,41.8,33.61,0.0124,0.0035,24.93,1.68,None,7.76,3.3994,1.051,0.2858,0.005,0.7,0.68,1.5467
2001-09-30,481960115,481960115,1,39342000000,9933000000,27152000000,5819000000,10840000000,1350000000,0,6536000000,13364000000,6529000000,-275000000,-275000000,-0.57,-0.57,0.25,731000000,344000000,226000000,1276000000,2019000000,230000000,36.6,42.5,30.7,-0.0874,-0.0249,22.49,1.57,None,7.51,None,1.2328,0.2755,None,0.68,1.04,1.707
2001-06-30,483150673,483150673,1,39325000000,9466000000,26755000000,5814000000,11229000000,1341000000,0,6607000000,12787000000,6686000000,-313000000,-313000000,-0.65,-0.65,0.25,241000000,-357000000,-250000000,-376000000,743000000,269000000,37.16,41,33.31,-0.0724,-0.0209,23.24,1.52,None,7.26,None,1.1387,0.2855,None,0.69,-0.06,1.6281
2001-03-31,483016500,483016500,1,40516000000,10147000000,27371000000,6700000000,11813000000,1332000000,0,6474000000,12113000000,6894000000,-44000000,-44000000,-0.09,-0.09,0.25,54000000,641000000,-734000000,-79000000,1119000000,189000000,38.08,43.25,32.9,-0.0226,-0.0066,24.46,1.53,74.67,7.01,None,1.0254,0.2916,None,0.68,-0.28,1.5145
2000-12-31,482973450,482973450,1,42109000000,10455000000,28720000000,7413000000,12034000000,1355000000,0,6310000000,12648000000,7228000000,-371000000,-371000000,-0.76,-0.76,0.25,550000000,175000000,-657000000,27000000,1198000000,444000000,34.66,43,26.31,0.0118,0.0035,24.92,1.33,24.94,6.76,3.2791,1.051,0.2858,0.005,0.7,0.22,1.4104
2000-09-30,481370059,481370059,1,42965000000,10164000000,28967000000,7586000000,12572000000,1426000000,0,6438000000,12690000000,7801000000,-135000000,-135000000,-0.28,-0.28,0.25,912000000,-499000000,-307000000,26000000,1171000000,420000000,31.91,36.81,27,0.05,0.0156,26.12,1.18,15.88,6.51,0.7717,1.0094,0.2926,0.0205,0.76,1.02,1.3398
2000-06-30,483449593,483449593,1,44456000000,9534000000,29713000000,7812000000,13041000000,1702000000,0,6701000000,12933000000,6780000000,270000000,270000000,0.64,0.64,0.25,433000000,-5024000000,4202000000,-429000000,1145000000,274000000,37.75,45.94,29.56,0.0775,0.0251,26.97,1.49,31.46,6.26,0.5029,0.9917,0.2933,0.0321,0.78,0.33,1.2204
2000-03-31,414743586,414743586,1,31549000000,8673000000,19321000000,5475000000,10529000000,1699000000,0,3207000000,7250000000,6371000000,378000000,378000000,0.91,0.91,0.25,535000000,434000000,156000000,1121000000,1574000000,214000000,46.44,60,32.88,0.0497,0.0168,25.39,1.87,108,6.01,0.8009,0.6886,0.3337,0.0199,0.84,0.77,1.5841
1999-12-31,413825796,413825796,1,30268000000,7241000000,18383000000,4382000000,10304000000,1581000000,0,2596000000,7520000000,7364000000,68000000,68000000,0.12,0.12,0.25,571000000,-360000000,-109000000,100000000,453000000,433000000,50.63,57.69,43.56,0.0184,0.0062,24.9,2.01,105.48,5.76,2.1166,0.7298,0.3404,0.0074,0.84,0.33,1.6524
1999-09-30,414078621,414078621,1,30487000000,7202000000,18398000000,4395000000,10414000000,1675000000,0,2637000000,7584000000,6251000000,142000000,142000000,0.34,0.34,0.25,454000000,-285000000,-440000000,-271000000,353000000,247000000,51.5,56.06,46.94,0.0176,0.0059,25.15,2.05,245.24,5.51,2.1337,0.7283,0.3416,0.0076,0.78,0.5,1.6387
1999-06-30,413591056,413591056,1,30812000000,7201000000,18731000000,4627000000,10398000000,1683000000,0,2658000000,7615000000,5996000000,-71000000,-71000000,-0.17,-0.17,0.25,434000000,-263000000,0,165000000,624000000,311000000,51.09,59.5,42.69,0.0052,0.0017,25.14,1.81,77.41,5.26,6.9564,0.7324,0.3375,0.0023,0.76,0.3,1.5563
1999-03-31,307881775,307881775,1,26140000000,5959000000,15866000000,3708000000,8677000000,1597000000,0,2593000000,6380000000,4962000000,44000000,44000000,0.14,0.14,0.25,269000000,-177000000,-157000000,-74000000,403000000,148000000,43.38,47.25,39.5,0.0231,0.0077,28.18,1.5,56.34,5.01,1.4991,0.7353,0.3319,0.0104,0.74,0.39,1.6071
1998-12-31,306851559,306851559,1,26356000000,6010000000,15846000000,3636000000,8902000000,1608000000,0,2625000000,6407000000,5027000000,54000000,54000000,0.17,0.17,0.25,667000000,-255000000,-804000000,-380000000,477000000,363000000,44.69,49.19,40.19,0.0266,0.0088,29.01,1.53,42.97,4.76,1.3018,0.7197,0.3378,0.0121,0.73,0.99,1.6529
1998-09-30,307306313,307306313,1,27080000000,6549000000,16479000000,3929000000,8969000000,1632000000,0,2537000000,6908000000,4939000000,21000000,21000000,0.07,0.07,0.25,471000000,-299000000,96000000,279000000,857000000,214000000,42.44,49.38,35.5,0.0355,0.0117,29.19,1.45,32.4,4.51,0.9753,0.7702,0.3312,0.016,0.73,0.84,1.6668
1998-06-30,307247628,307247628,1,26541000000,6055000000,15957000000,4025000000,9013000000,1571000000,0,2517000000,7045000000,4707000000,86000000,86000000,0.28,0.28,0.25,306000000,-180000000,-56000000,44000000,578000000,266000000,48.88,55.25,42.5,0.045,0.0147,29.33,1.74,None,4.26,0.7721,0.7816,0.3396,0.02,0.74,0.13,1.5043
1998-03-31,307487640,307487640,1,26900000000,5992000000,16451000000,4829000000,8642000000,1807000000,0,2532000000,7260000000,4868000000,75000000,75000000,0.25,0.25,0.25,227000000,-312000000,218000000,136000000,534000000,206000000,46.76,52.63,40.88,-0.0126,-0.004,28.11,1.63,None,4.01,None,0.8401,0.3213,None,0.74,0.07,1.2408
1997-12-31,302924867,302924867,1,26754000000,5945000000,16401000000,4880000000,8710000000,1643000000,0,2557000000,7154000000,5081000000,132000000,132000000,0.44,None,0.25,463000000,-86000000,-452000000,-71000000,398000000,405000000,49.19,58.5,39.88,-0.017,-0.0055,28.75,1.7,None,3.76,None,0.8214,0.3256,None,0.73,0.19,1.2182
1997-09-30,302290361,302290361,1,27394000000,6226000000,16833000000,5947000000,8749000000,1812000000,0,2609000000,6656000000,5119000000,102000000,102000000,0.34,None,0.25,282000000,-238000000,-52000000,14000000,469000000,246000000,54.63,61,48.25,-0.0318,-0.0103,28.94,1.88,None,3.51,None,0.7608,0.3194,None,0.72,0.12,1.0469
1997-06-30,302419290,302419290,1,27753000000,6193000000,17104000000,6220000000,8793000000,1856000000,0,2688000000,6656000000,5034000000,-419000000,-419000000,-1.39,None,0.25,256000000,-336000000,-16000000,-105000000,455000000,258000000,45.26,51.88,38.63,-0.0303,-0.0099,29.08,1.46,56.58,3.26,None,0.757,0.3168,None,0.71,-0.01,0.9957
1997-03-31,300852134,300852134,1,28154000000,6212000000,16929000000,5891000000,9313000000,1912000000,0,2705000000,6618000000,4862000000,34000000,34000000,0.11,None,0.25,241000000,-193000000,174000000,208000000,560000000,202000000,41.19,43.63,38.75,0.0255,0.0084,30.96,1.33,39.23,3.01,1.257,0.7106,0.3308,0.0118,0.71,0.13,1.0545
1996-12-31,300699457,300699457,1,28252000000,5998000000,17043000000,5894000000,9344000000,1865000000,0,2748000000,6691000000,5144000000,-5000000,-5000000,-0.01,None,0.25,490000000,-539000000,-3000000,-53000000,352000000,450000000,41.38,44,38.75,0.0324,0.0107,31.07,1.32,19.89,2.76,0.9894,0.7161,0.3307,0.015,0.71,0.13,1.0176
1996-09-30,300155785,300155785,1,28564000000,6203000000,17256000000,6536000000,9414000000,1894000000,0,2888000000,6183000000,5108000000,111000000,111000000,0.37,None,0.25,560000000,-539000000,19000000,43000000,405000000,346000000,40.69,44.63,36.75,0.0636,0.0209,31.36,1.3,13.65,2.51,0.5078,0.6568,0.3296,0.0284,0.73,0.71,0.9491
1996-06-30,299948993,299948993,1,28246000000,6115000000,16996000000,6643000000,9369000000,1881000000,0,2867000000,5873000000,5093000000,99000000,99000000,0.33,None,0.25,337000000,-361000000,-10000000,-37000000,362000000,345000000,40.13,43.38,36.88,0.0925,0.0302,31.24,1.28,10.3,2.26,0.3555,0.6269,0.3317,0.0392,0.77,-0.03,0.9205
1996-03-31,298347521,298347521,1,28606000000,6372000000,17280000000,7253000000,9332000000,1994000000,0,2885000000,5583000000,4798000000,98000000,98000000,0.36,None,0.25,352000000,-1541000000,1274000000,87000000,399000000,253000000,38.56,41.5,35.63,0.1261,0.0402,31.28,1.29,8.55,2.01,0.2573,0.5983,0.3262,0.05,0.8,0.33,0.8785
1995-12-31,261445921,261445921,1,23977000000,5873000000,14213000000,4863000000,7797000000,1967000000,0,1355000000,5946000000,5076000000,263000000,263000000,1.02,None,0.25,779000000,-575000000,-268000000,-60000000,312000000,602000000,38.06,42,34.13,0.157,0.0512,29.82,1.31,9.9,1.76,0.2057,0.7626,0.3252,0.0582,0.88,0.68,1.2077
1995-09-30,260758197,260758197,1,23696000000,6102000000,14133000000,5365000000,7587000000,1976000000,0,1257000000,5474000000,5145000000,328000000,328000000,1.27,None,0.25,729000000,-483000000,-216000000,25000000,372000000,343000000,43,45.75,40.25,0.1394,0.0467,29.1,1.53,14.29,1.51,0.2306,0.7215,0.3202,0.0519,0.9,1.48,1.1374
1995-06-30,127289103,254578206,2,23738000000,6202000000,14613000000,6223000000,7159000000,1966000000,0,1275000000,5641000000,5084000000,316000000,316000000,2.49,None,0.42,507000000,-1189000000,828000000,151000000,347000000,330000000,39.69,43.38,36,0.1128,0.039,28.12,1.47,18.77,1.26,0.2803,0.788,0.3016,0.0434,0.9,0.7,0.9966
1995-03-31,126680397,253360794,2,18604000000,5278000000,11767000000,4502000000,6837000000,0,0,805000000,4411000000,4492000000,246000000,246000000,1.95,None,0.42,233000000,-309000000,-3000000,-74000000,196000000,243000000,37.51,39.88,35.13,0.0814,None,26.99,1.48,26.23,1.05,0.3993,0.6452,0.3675,0.0331,0.9,-0.04,1.1724
1994-12-31,128243966,256487932,2,17836000000,4830000000,11322000000,4034000000,6514000000,0,0,763000000,4464000000,4127000000,89000000,89000000,0.71,None,0.42,560000000,-448000000,-37000000,74000000,270000000,368000000,37.09,40.25,33.94,0.056,None,25.4,1.44,None,0.84,0.5914,0.6853,0.3652,0.0239,0.86,0.75,1.1973
1994-09-30,125060432,250120864,2,17697000000,4729000000,11258000000,3899000000,6439000000,0,0,776000000,4507000000,3792000000,109000000,109000000,0.87,None,0.42,396000000,-317000000,-79000000,3000000,196000000,328000000,36.69,40.19,33.19,None,None,25.74,1.45,None,0.63,None,0.7,0.3638,None,None,0.27,1.2129
1994-06-30,124794130,249588260,2,17375000000,4637000000,11061000000,4242000000,6314000000,0,0,763000000,3981000000,3633000000,87000000,87000000,0.7,None,0.42,146000000,-230000000,153000000,70000000,193000000,211000000,33.38,36.44,30.32,None,None,25.3,1.33,None,0.42,None,0.6305,0.3634,None,None,-0.26,1.0931
1994-03-31,124632496,249264992,2,17035000000,4393000000,10796000000,4381000000,6239000000,0,0,757000000,3604000000,3414000000,72000000,72000000,0.58,None,0.42,173000000,-547000000,254000000,-119000000,123000000,207000000,36.25,38.94,33.56,None,None,25.03,1.48,None,0.21,None,0.5777,0.3662,None,None,-0.14,1.0027
1993-12-31,127287796,254575592,2,16631000000,4401000000,10406000000,4009000000,6225000000,0,0,754000000,3601000000,None,None,None,None,None,0,None,None,None,None,242000000,0,31.32,34.31,28.32,None,None,24.45,None,None,0,None,0.5785,0.3743,None,None,None,1.0978
