"Quarter end","Shares","Shares split adjusted","Split factor","Assets","Current Assets","Liabilities","Current Liabilities","Shareholders equity","Non-controlling interest","Preferred equity","Goodwill & intangibles","Long-term debt","Revenue","Earnings","Earnings available for common stockholders","EPS basic","EPS diluted","Dividend per share","Cash from operating activities","Cash from investing activities","Cash from financing activities","Cash change during period","Cash at end of period","Capital expenditures","Price","Price high","Price low","ROE","ROA","Book value of equity per share","P/B ratio","P/E ratio","Cumulative dividends per share","Dividend payout ratio","Long-term debt to equity ratio","Equity to assets ratio","Net margin","Asset turnover","Free cash flow per share","Current ratio"
2014-09-30,220853283,220853283,1,1849871000,641611000,767591000,460488000,1065619000,16661000,0,727911000,0,170893000,9151000,9151000,0.04,0.04,0,-10294000,-11394000,5500000,-20244000,255270000,3734000,9.83,10.72,8.94,0.0509,0.0281,4.83,2.04,36.41,0.63,1.5299,0,0.5761,0.0907,0.31,-0.06,1.3933
2014-06-30,220139809,220139809,1,1866088000,632463000,788779000,460513000,1061362000,15947000,0,744313000,0,164510000,52000,52000,0,0,0.125,22064000,-17223000,-30114000,-24545000,275514000,2189000,10.2,10.75,9.64,0.0576,0.0313,4.82,2.07,31.87,0.63,1.7906,0,0.5688,0.0938,0.33,0.09,1.3734
2014-03-31,219677822,219677822,1,1997109000,752554000,896075000,537354000,1080778000,20256000,0,747308000,0,14624000,20254000,20254000,0.08,0.09,0.13,102282000,107112000,-18871000,191162000,300059000,4017000,10.52,11.38,9.66,0.0679,0.0362,4.92,2.13,None,0.51,1.533,0,0.5412,0.0993,0.36,0.45,1.4005
2013-12-31,218183424,218183424,1,2037108000,661577000,940849000,555913000,1075406000,20853000,0,845059000,0,250514000,25022000,25022000,0.12,0.11,0.125,32160000,-12795000,39521000,58525000,108897000,5565000,10.85,11.39,10.3,-0.0119,-0.0063,4.93,2.21,None,0.38,None,0,0.5279,None,0.48,0.12,1.1901
2013-09-30,216586425,216586425,1,1970480000,581542000,886169000,516007000,1063202000,21109000,0,843427000,14000000,228102000,16340000,16340000,0.08,0.07,0.125,-1566000,-10190000,-20838000,-30957000,50372000,4286000,11.02,11.72,10.31,-0.0117,-0.0061,4.91,2.36,None,0.25,None,0.0132,0.5396,None,0.48,-0.03,1.127
2013-06-30,214648639,214648639,1,1897536000,519202000,898297000,515736000,999239000,0,0,838548000,15000000,227516000,9967000,9967000,0.05,0.05,0.125,28650000,-7687000,-27246000,-8544000,81329000,1667000,11.25,12.3,10.19,-0.0174,-0.0089,4.66,2.4,None,0.13,None,0.015,0.5266,None,0.47,0.13,1.0067
2013-03-31,213430384,213430384,1,1973282000,593239000,975056000,555080000,998226000,0,0,838705000,18000000,239924000,-63653000,-63653000,-0.3,-0.3,0,83444000,-10801000,-45877000,24989000,89873000,6033000,11.71,12.74,10.69,-0.0167,-0.0085,4.68,2.37,34.44,0,None,0.018,0.5059,None,0.47,0.36,1.0687
2012-12-31,212214825,212214825,1,2084924000,589587000,1034832000,540009000,1050092000,0,0,918864000,70000000,257866000,25340000,25340000,0.12,0.12,0,32646000,-14498000,-16930000,1368000,64884000,5264000,9.56,11.16,7.97,0.0702,0.0354,4.95,1.96,29.88,0,0,0.0667,0.5037,0.0757,0.47,0.13,1.0918
2012-09-30,213245119,213245119,1,2015078000,509886000,973192000,504278000,1041886000,0,0,912384000,59300000,220598000,10594000,10594000,0.05,0.05,0,-1803000,-18270000,-1185000,-19991000,63516000,10733000,9.29,10.25,8.32,0.0671,0.0333,4.89,1.91,25.11,0,0,0.0569,0.517,0.0722,0.46,-0.06,1.0111
2012-06-30,215559325,215559325,1,2037853000,528860000,991093000,510330000,1046760000,0,0,910289000,36500000,226161000,10468000,10468000,0.05,0.05,0,18125000,-11690000,-19240000,-15673000,83507000,2244000,8.73,9.38,8.08,0.0797,0.0386,4.86,1.81,21.82,0,0,0.0349,0.5137,0.0814,0.47,0.07,1.0363
2012-03-31,217803814,217803814,1,2167538000,641358000,1117601000,586972000,1049937000,0,0,920862000,45000000,266045000,27119000,27119000,0.12,0.12,0,105956000,-12802000,-77924000,16979000,99180000,3387000,8.47,9.6,7.35,0.0874,0.0418,4.82,1.81,19.7,0,0,0.0429,0.4844,0.0875,0.48,0.47,1.0927
2011-12-31,218569127,218569127,1,2170810000,637302000,1150310000,688609000,1020500000,0,0,914338000,110000000,253057000,21588000,21588000,0.1,0.1,0,41927000,-8974000,-13848000,18335000,82201000,3690000,7.99,9.01,6.97,0.0974,0.0462,4.67,1.76,16.65,0,0,0.1078,0.4701,0.0967,0.48,0.17,0.9255
2011-09-30,218395433,218395433,1,2111944000,577442000,1120613000,559447000,991331000,0,0,924599000,125600000,260696000,22679000,22679000,0.1,0.1,0,16552000,-266550000,124272000,-131000000,63866000,7169000,8.88,10.32,7.43,0.1123,0.0534,4.54,1.98,17.76,0,0,0.1267,0.4694,0.1099,0.49,0.04,1.0322
2011-06-30,218597247,218597247,1,2003531000,697905000,1022328000,557996000,981203000,0,0,688670000,0,229974000,16985000,16985000,0.08,0.08,0,15206000,-8613000,5921000,14622000,194866000,5020000,10.38,11.71,9.05,0.1182,0.0566,4.49,2.38,21.63,0,0,0,0.4897,0.1174,0.48,0.05,1.2507
2011-03-31,218250062,218250062,1,2038377000,742740000,1085765000,598835000,952612000,0,0,690766000,0,249551000,34805000,34805000,0.15,0.15,0,124251000,-8399000,-20268000,98381000,180244000,5745000,11.32,12.25,10.39,0.1155,0.0551,4.36,2.64,23.1,0,0,0,0.4673,0.1157,0.48,0.54,1.2403
2010-12-31,218760115,218760115,1,1971836000,684798000,1033561000,586207000,938275000,0,0,694361000,0,247025000,33999000,33999000,0.16,0.15,0,22424000,-11301000,-6835000,4595000,81863000,5800000,10.24,11.99,8.49,0.1194,0.0566,4.29,2.47,22.76,0,0,0,0.4758,0.121,0.47,0.08,1.1682
2010-09-30,219028754,219028754,1,1892808000,595407000,983507000,551247000,909301000,0,0,694030000,0,225869000,25992000,25992000,0.12,0.12,0,-2781000,-24295000,-41328000,-61402000,77268000,3260000,7.91,8.82,6.99,0.1106,0.0515,4.15,1.92,17.58,0,0,0,0.4804,0.1125,0.46,-0.03,1.0801
2010-06-30,223251315,223251315,1,1896407000,618666000,974200000,549562000,922207000,0,0,675095000,0,206485000,12645000,12645000,0.06,0.06,0,16142000,-8774000,-13214000,-11227000,138670000,4268000,8.09,8.94,7.23,0.1135,0.0529,4.13,1.99,13.48,0,0,0,0.4863,0.1158,0.46,0.05,1.1257
2010-03-31,225026430,225026430,1,2013325000,705281000,1099512000,612593000,913813000,0,0,591870000,0,229998000,37361000,37361000,0.17,0.16,0,122946000,-4857000,-53599000,62035000,149897000,4857000,7.9,8.8,7,0.1567,0.0732,4.06,2.03,12.34,0,0,0,0.4539,0.1578,0.46,0.52,1.1513
2009-12-31,227409306,227409306,1,1999230000,674278000,1111747000,612405000,887483000,0,0,592948000,35000000,229864000,24412000,24412000,0.11,0.11,0,33367000,-289436000,11377000,-245113000,87862000,5043000,7.87,8.95,6.79,0.1705,0.0804,3.9,2.05,11.75,0,0,0.0394,0.4439,0.1658,0.48,0.12,1.101
2009-09-30,230471473,230471473,1,1827025000,809240000,941427000,535826000,885598000,0,0,341502000,0,217929000,27986000,27986000,0.12,0.12,0,-4904000,-3746000,-52931000,-57705000,332975000,3746000,7.06,7.82,6.3,0.184,0.0882,3.84,1.85,11.21,0,0,0,0.4847,0.1701,0.52,-0.04,1.5103
2009-06-30,237536867,237536867,1,1852551000,842678000,944426000,536845000,908125000,0,0,341841000,0,214388000,51047000,51047000,0.21,0.21,0,74903000,59284000,-30098000,112568000,390680000,5708000,7.33,8.18,6.49,0.18,0.0854,3.82,2.01,13.33,0,0,0,0.4902,0.155,0.55,0.29,1.5697
2009-03-31,241968069,241968069,1,1874850000,858764000,994202000,561527000,880648000,0,0,339134000,0,253355000,48381000,48381000,0.2,0.2,0,153201000,-8302000,-28180000,114396000,278112000,8302000,6.26,7.35,5.18,0.1611,0.0754,3.64,1.8,10.98,0,0,0,0.4697,0.1281,0.59,0.6,1.5293
2008-12-31,246612447,246612447,1,1812405000,751726000,956214000,549491000,856191000,0,0,349245000,0,268667000,34952000,34952000,0.14,0.14,0,12341000,-2891000,-2290000,2393000,163716000,13701000,7.38,9.69,5.08,0.1735,0.0808,3.47,2.22,13.18,0,0,0,0.4724,0.1296,0.62,-0.01,1.368
2008-09-30,246494673,246494673,1,1765811000,665057000,944765000,532795000,821046000,0,0,353393000,0,269845000,21582000,21582000,0.09,0.08,0,18630000,39706000,-104789000,-55134000,161323000,5840000,10.5,11.91,9.08,0.1691,0.0811,3.33,2.94,17.21,0,0,0,0.465,0.1258,0.64,0.05,1.2482
2008-06-30,254895007,254895007,1,1951006000,839898000,1041090000,585946000,909916000,0,0,356026000,0,298588000,34732000,34732000,0.13,0.13,0,47836000,8684000,-56560000,514000,216457000,5172000,8.7,10.42,6.97,0.1763,0.0885,3.57,2.46,18.13,0,0,0,0.4664,0.1353,0.65,0.17,1.4334
2008-03-31,261654701,261654701,1,2018557000,918916000,1091526000,644880000,927031000,0,0,356267000,0,338916000,61175000,61175000,0.22,0.22,0,126658000,7047000,-101674000,37323000,215943000,4766000,7.5,8.91,6.1,0.1319,0.0702,3.54,2.14,15.96,0,0,0,0.4593,0.1093,0.64,0.47,1.4249
2007-12-31,274214258,274214258,1,1813273000,753185000,849840000,485924000,963433000,0,0,353104000,0,309335000,35614000,35614000,0.13,0.13,0,55559000,13369000,-106984000,-37034000,178620000,5511000,9.2,10.44,7.96,0.1315,0.0734,3.51,2.55,20.44,0,0,0,0.5313,0.1169,0.63,0.18,1.55
2007-09-30,286202586,286202586,1,1856130000,807051000,822678000,507168000,1033452000,0,0,354133000,0,301971000,37416000,37416000,0.13,0.13,0,14667000,22429000,-165824000,-123828000,215654000,6061000,9.77,12.22,7.32,0.1228,0.0705,3.61,2.56,25.05,0,0,0,0.5568,0.117,0.6,0.03,1.5913
2007-06-30,302011687,302011687,1,1970770000,884939000,820045000,500704000,1150725000,0,0,353405000,0,279389000,189000,189000,0,0,0,37806000,34366000,4738000,78801000,339482000,8519000,11,12.56,9.44,0.1024,0.0606,3.81,2.93,23.4,0,0,0,0.5839,0.1078,0.56,0.1,1.7674
2007-03-31,301152638,301152638,1,2029412000,921194000,897264000,529371000,1132148000,0,0,353682000,0,313029000,67476000,67476000,0.21,0.21,0,111466000,98440000,-234604000,-23370000,260681000,8727000,9.02,9.75,8.28,0.1156,0.07,3.76,2.25,22,0,0,0,0.5579,0.1303,0.54,0.34,1.7402
2006-12-31,324242394,324242394,1,2178320000,1063952000,881839000,524565000,1296481000,0,0,334769000,0,315148000,36486000,36486000,0.11,0.11,0,20846000,-13516000,-196845000,-186044000,284051000,-808000,8.03,8.75,7.3,0.0994,0.0618,4,1.94,20.07,0,0,0,0.5952,0.1216,0.51,0.07,2.0283
2006-09-30,352235582,352235582,1,2334255000,1247077000,876375000,533127000,1457880000,0,0,334639000,0,288507000,24809000,24809000,0.07,0.07,0,8543000,7016000,-155571000,-140795000,470095000,10529000,6.98,7.95,6.02,0.0961,0.0608,4.14,1.64,17.9,0,0,0,0.6246,0.1235,0.49,-0.01,2.3392
2006-06-30,372520796,372520796,1,2492273000,1431843000,906462000,543877000,1585811000,0,0,334594000,0,296318000,29321000,29321000,0.08,0.08,0,63877000,-38105000,-30738000,-1172000,610890000,6133000,7.3,8.05,6.56,0.0943,0.0599,4.26,1.74,19.73,0,0,0,0.6363,0.1226,0.49,0.16,2.6327
2006-03-31,377366186,377366186,1,2510968000,1445180000,931469000,545407000,1579499000,0,0,320082000,0,309482000,56447000,56447000,0.15,0.15,0,115441000,-170000,-41093000,75158000,612062000,10007000,8.57,9.55,7.6,0.092,0.0583,4.19,2.12,29.55,0,0,0,0.629,0.1186,0.49,0.28,2.6497
2005-12-31,382786443,382786443,1,2414695000,1355650000,866221000,507910000,1548474000,0,0,318383000,0,305905000,37700000,37700000,0.1,0.1,0,26003000,3691000,-42190000,-13999000,536904000,8314000,8.45,9.99,6.91,0.0736,0.0463,4.05,2.11,28.17,0,0,0,0.6413,0.0932,0.5,0.05,2.6691
2005-09-30,387448499,387448499,1,2434870000,1364696000,883197000,534425000,1551673000,0,0,318468000,0,292646000,24190000,24190000,0.06,0.06,0,39648000,5686000,-11638000,33620000,550903000,8609000,8.53,9.98,7.08,0.077,0.0483,4,2.16,32.81,0,0,0,0.6373,0.0946,0.51,0.08,2.5536
2005-06-30,388065541,388065541,1,2446938000,1339507000,912652000,560628000,1534286000,0,0,319445000,0,297328000,24623000,24623000,0.06,0.06,0,48633000,-17534000,-6591000,19596000,517283000,8444000,6.61,7.51,5.71,0.0673,0.0423,3.95,1.69,33.05,0,0,0,0.627,0.0809,0.52,0.1,2.3893
2005-03-31,388464724,388464724,1,2478218000,1358419000,962063000,578196000,1516155000,0,0,293391000,0,318783000,26726000,26726000,0.07,0.07,0,139488000,-61156000,2666000,78120000,497687000,8869000,6.55,7.6,5.51,0.0523,0.033,3.9,1.71,31.19,0,0,0,0.6118,0.0621,0.53,0.34,2.3494
2004-12-31,387333606,387333606,1,2350837000,1148256000,865567000,507537000,1485270000,0,0,297108000,0,330535000,41702000,41702000,0.11,0.11,0,56899000,-20991000,2345000,43286000,419567000,13475000,5.79,6.58,5.01,0.0582,0.037,3.83,1.56,36.19,0,0,0,0.6318,0.0669,0.55,0.11,2.2624
2004-09-30,387155192,387155192,1,2224473000,1056871000,789909000,465483000,1434564000,0,0,289539000,0,295468000,7410000,7410000,0.02,0.02,0,15928000,-16361000,1951000,2603000,376281000,18692000,5.56,6.77,4.35,0.0453,0.0289,3.71,1.51,46.33,0,0,0,0.6449,0.0515,0.56,-0.01,2.2705
2004-06-30,386186270,386186270,1,2224753000,1043763000,805878000,493299000,1418875000,0,0,289062000,0,287053000,644000,644000,0,0,0,29972000,-113799000,3098000,-81238000,373678000,6965000,7.66,8.95,6.37,0.0345,0.022,3.67,2.09,58.92,0,0,0,0.6378,0.0384,0.57,0.06,2.1159
2004-03-31,386179270,386179270,1,2234081000,1143009000,820490000,493064000,1413591000,0,0,213359000,0,337697000,33922000,33922000,0.08,0.08,0,124867000,-47988000,3444000,80323000,454916000,-28777000,7.28,8.65,5.9,0.0364,0.0231,3.66,2.04,72.8,0,0,0,0.6327,0.0394,0.59,0.4,2.3182
2003-12-31,384397953,384397953,1,2137240000,1041964000,764593000,454253000,1372647000,0,0,213083000,0,318185000,21825000,21825000,0.06,0.06,0,29422000,-46719000,2161000,-15136000,367199000,64742000,5.67,6.25,5.08,0.0277,0.0175,3.57,1.62,51.55,0,0,0,0.6423,0.0295,0.59,-0.09,2.2938
2003-09-30,384078015,384078015,1,2106122000,1023391000,764484000,449962000,1341638000,0,0,212714000,0,302753000,-8518000,-8518000,-0.02,-0.02,0,49220000,-29786000,1255000,20689000,382335000,20509000,5.62,6.49,4.74,0.0308,0.0195,3.49,1.6,25.55,0,0,0,0.637,0.032,0.61,0.07,2.2744
2003-06-30,382682061,382682061,1,2147989000,1073647000,804745000,467149000,1343244000,0,0,212702000,0,306012000,2603000,2603000,0.01,0.01,0,54611000,-15666000,3235000,42180000,361646000,29411000,4.91,6.52,3.3,0.0638,0.0401,3.51,1.41,18.19,0,0,0,0.6253,0.0624,0.64,0.07,2.2983
2003-03-31,382561037,382561037,1,2122685000,1050431000,790994000,469165000,1331691000,0,0,212288000,0,337608000,21378000,21378000,0.05,0.05,0,123421000,-66980000,3073000,59514000,319466000,73051000,4.14,5.06,3.22,0.0809,0.0507,3.48,1.21,None,0,0,0,0.6274,0.075,0.68,0.13,2.2389
2002-12-31,378055795,378055795,1,2029137000,979809000,738458000,441771000,1290679000,0,0,212156000,0,333139000,25429000,25429000,0.07,0.07,0,84632000,-128095000,1708000,-41755000,259952000,69122000,4.27,5.78,2.75,-0.2051,-0.127,3.41,1.29,None,0,None,0,0.6361,None,0.72,0.04,2.2179
2002-09-30,377918089,377918089,1,1995791000,1016575000,741117000,467988000,1254674000,0,0,212050000,0,357994000,33830000,33830000,0.09,0.09,0,73205000,-44601000,2633000,31237000,301707000,47953000,4.04,5.73,2.35,-0.1937,-0.1215,3.32,1.24,None,0,None,0,0.6287,None,0.76,0.07,2.1722
2002-06-30,375904601,375904601,1,1985829000,1026108000,764975000,506018000,1220854000,0,0,212141000,0,346599000,22465000,22465000,0.06,0.06,0,96063000,-62550000,3652000,37165000,270470000,46536000,9,12.49,5.5,-0.1921,-0.1225,3.25,2.84,None,0,None,0,0.6148,None,0.78,0.13,2.0278
2002-03-31,375890681,375890681,1,1993938000,1062839000,804087000,556147000,1189851000,0,0,211792000,0,407218000,-335905000,-335905000,-0.89,-0.89,0,127207000,-70011000,14792000,71988000,233305000,37141000,12.34,14,10.68,-0.1767,-0.1137,3.17,3.08,33.35,0,None,0,0.5967,None,0.8,0.24,1.9111
2001-12-31,373384826,373384826,1,2246214000,956115000,753664000,537395000,1492550000,0,0,593449000,0,450553000,29789000,29789000,0.08,0.08,0,88438000,-14756000,5827000,79509000,161317000,28113000,10.57,13.68,7.46,0.0956,0.0616,4,2.71,27.1,0,0,0,0.6645,0.0748,0.82,0.16,1.7792
2001-09-30,371868305,371868305,1,2172595000,910499000,721220000,515998000,1451375000,0,0,612356000,0,424028000,26505000,26505000,0.07,0.07,0,85495000,-10018000,-49611000,25866000,81808000,20826000,11.09,14.5,7.68,0.1032,0.0638,3.9,2.9,31.69,0,0,0,0.668,0.0763,0.84,0.17,1.7645
2001-06-30,371194275,371194275,1,2212752000,939306000,793641000,533331000,1419111000,0,0,622186000,52000000,446748000,34356000,34356000,0.09,0.09,0,85649000,1989000,-85036000,2602000,55942000,17648000,11.25,14,8.5,0.0966,0.0567,3.82,3.02,35.16,0,0,0.0366,0.6413,0.0668,0.85,0.18,1.7612
2001-03-31,370316782,370316782,1,2279374000,1003736000,902002000,568834000,1377372000,0,0,631609000,140000000,514497000,46600000,46600000,0.12,0.13,0,139961000,6218000,-121739000,24440000,53340000,17992000,10.32,14.38,6.25,0.0916,0.0511,3.72,2.89,34.4,0,0,0.1016,0.6043,0.0592,0.86,0.33,1.7645
2000-12-31,367807722,367807722,1,2325378000,995417000,1013954000,557429000,1311424000,0,0,648516000,278000000,495356000,35960000,35960000,0.1,0.1,0,78403000,-26711000,-49605000,2087000,28900000,12872000,7.44,9.25,5.63,0.0947,0.0503,3.57,2.14,14.31,0,0,0.212,0.564,0.0573,0.88,0.18,1.7857
2000-09-30,365160667,365160667,1,2342080000,978970000,1072373000,575768000,1269707000,0,0,650012000,329000000,486323000,12891000,12891000,0.04,0.03,0,71459000,-17924000,-75366000,-21831000,26813000,10638000,9.38,11.25,7.5,0.1698,0.087,3.48,2.75,12.85,0,0,0.2591,0.5421,0.0928,0.94,0.17,1.7003
2000-06-30,364876804,364876804,1,2383443000,985002000,1139182000,564683000,1244261000,0,0,657822000,419000000,513874000,23632000,23632000,0.07,0.06,0,46772000,-1571000,-27037000,18164000,48644000,12182000,15.63,22,9.25,0.2495,0.1226,3.41,4.71,17.18,0,0,0.3367,0.522,0.1238,0.99,0.09,1.7443
2000-03-31,363012752,363012752,1,2415907000,987858000,1212035000,596057000,1203872000,0,0,659391000,450000000,582060000,46531000,46531000,0.13,0.11,0,82987000,-42623000,-54062000,-13698000,30480000,13290000,28.91,37.81,20,0.3375,0.1692,3.32,9.18,24.09,0,0,0.3738,0.4983,0.1578,1.07,0.19,1.6573
1999-12-31,360472031,360472031,1,2331136000,931505000,1195668000,529190000,1135468000,0,0,641332000,523476000,637368000,122936000,122936000,0.34,0.32,0,6534000,-34119000,19555000,-8030000,44178000,15465000,31.94,40,23.88,0.4243,0.2266,3.15,11.61,28.52,0,0,0.461,0.4871,0.1998,1.13,-0.02,1.7602
1999-09-30,357850893,357850893,1,2163277000,875188000,1179602000,542666000,983675000,0,0,619354000,515237000,568149000,91782000,91782000,0.26,0.24,0,29961000,-611688000,539022000,-42705000,52208000,13183000,30.32,36.38,24.25,0.4091,0.239,2.75,12.74,28.74,0,0,0.5238,0.4547,0.2076,1.15,0.05,1.6128
1999-06-30,357106636,357106636,1,1409120000,778091000,560048000,476267000,849072000,0,0,100405000,0,443051000,90727000,90727000,0.25,0.24,0,45917000,193116000,-337248000,-98215000,94913000,8682000,24.44,32.5,16.38,0.3951,0.2586,2.38,8.04,25.33,0,0,0,0.6026,0.219,1.18,0.1,1.6337
1999-03-31,355370874,355370874,1,1676683000,1072090000,597161000,521504000,1079522000,0,0,0,0,500135000,123968000,123968000,0.34,0.4,0,140368000,29482000,-133786000,36064000,193128000,6293000,30.01,39.13,20.88,0.367,0.2472,3.04,10.64,38.72,0,0,0,0.6438,0.2135,1.16,0.38,2.0558
1998-12-31,183754630,367509260,2,1508190000,981890000,473084000,415057000,1035106000,0,0,58885000,3719000,433118000,97260000,97260000,0.53,0.48,0,146039000,-116739000,4045000,33345000,157064000,14794000,28.92,39.91,17.94,0.3515,0.2392,2.82,11.8,42.84,0,0,0.0036,0.6863,0.2022,1.18,0.36,2.3657
1998-09-30,183754630,367509260,2,1311280000,814938000,410291000,355954000,900989000,0,0,56381000,4338000,366569000,69788000,69788000,0.38,0.35,0,84282000,-151754000,13326000,-54146000,123719000,8900000,26.5,31.5,21.5,0.3441,0.2315,2.45,12.16,38.69,0,0,0.0048,0.6871,0.1892,1.22,0.21,2.2894
1998-06-30,182934074,365868148,2,1165118000,755767000,367409000,316232000,797709000,0,0,57044000,4532000,338623000,58847000,58847000,0.33,0.3,0,104217000,-135940000,3310000,-28413000,177865000,8556000,23.63,26.69,20.56,0.3388,0.225,2.18,12.06,38.58,0,0,0.0057,0.6847,0.1791,1.26,0.26,2.3899
1998-03-31,180751402,361502804,2,1072640000,676275000,364344000,313951000,708296000,0,0,0,6956000,357824000,76551000,76551000,0.42,None,0,106738000,-20380000,7851000,94209000,206278000,9473000,20.59,25.63,15.56,0.3323,0.216,1.96,12.11,39.41,0,0,0.0098,0.6603,0.1702,1.27,0.27,2.1541
1997-12-31,179650982,359301964,2,937810000,537694000,326544000,283631000,611266000,0,0,57586000,6876000,309635000,54471000,54471000,0.31,0.28,0,51445000,-41553000,4448000,14340000,112069000,9894000,16.93,19.75,14.1,0.3151,0.1994,1.7,11.07,35.83,0,0,0.0112,0.6518,0.1578,1.26,0.12,1.8958
1997-09-30,174711963,349423926,2,815302000,443644000,281832000,231923000,533470000,0,0,58579000,10609000,247381000,34650000,34650000,0.37,None,0,22638000,-44779000,6394000,-15747000,97729000,11675000,13.82,16.34,11.31,0.3059,None,1.53,9.94,41.56,0,0,0.0199,0.6543,0.1503,1.25,0.03,1.9129
1997-06-30,86685910,346743640,4,766534000,433590000,284929000,237509000,481605000,0,0,59882000,10711000,224478000,28272000,28272000,0.31,None,0,29784000,-27498000,3849000,6135000,113476000,10787000,10.22,12.69,7.75,0.2962,None,1.39,7.92,38.75,0,0,0.0222,0.6283,0.1399,1.27,0.05,1.8256
1997-03-31,86333497,345333988,4,755407000,451812000,309771000,272304000,445636000,0,0,0,6068000,252579000,45833000,45833000,0.48,None,0,64479000,-36000000,4472000,32951000,107341000,9653000,7.35,8.66,6.04,None,None,1.29,6.56,None,0,0,0.0136,0.5899,None,None,0.16,1.6592
1996-12-31,42885988,343087904,8,653791000,392867000,271018000,236452000,382773000,0,0,47817000,6349000,213713000,32246000,32246000,0.72,None,0,25317000,-9450000,5523000,21390000,74390000,8321000,6.68,7.79,5.57,None,None,1.12,6.61,None,0,None,0.0166,0.5855,None,None,0.05,1.6615
1996-09-30,42666755,341334040,8,572201000,319750000,228481000,193188000,343720000,0,0,48323000,5844000,184266000,16100000,16100000,0.36,None,0,11512000,-14285000,2603000,-170000,53000000,10884000,4.89,5.75,4.04,None,None,1.01,5.15,None,0,None,0.017,0.6007,None,None,0,1.6551
1996-06-30,42415873,339326984,8,550387000,311144000,226476000,196485000,323911000,0,0,48292000,5782000,162338000,3257000,3257000,0.07,None,0,33026000,-58869000,1242000,-24601000,53170000,9128000,4.97,7.09,2.85,None,None,0.95,None,None,0,None,0.0179,0.5885,None,None,0.07,1.5836
