"Quarter end","Shares","Shares split adjusted","Split factor","Assets","Current Assets","Liabilities","Current Liabilities","Shareholders equity","Non-controlling interest","Preferred equity","Goodwill & intangibles","Long-term debt","Revenue","Earnings","Earnings available for common stockholders","EPS basic","EPS diluted","Dividend per share","Cash from operating activities","Cash from investing activities","Cash from financing activities","Cash change during period","Cash at end of period","Capital expenditures","Price","Price high","Price low","ROE","ROA","Book value of equity per share","P/B ratio","P/E ratio","Cumulative dividends per share","Dividend payout ratio","Long-term debt to equity ratio","Equity to assets ratio","Net margin","Asset turnover","Free cash flow per share","Current ratio"
2019-06-29,69598274,69598274,1,4019957000,3001642000,2392485000,1827674000,1627472000,0,0,0,385106000,2026995000,42921000,42921000,0.62,0.6,0,165466000,-26644000,-130364000,8779000,414273000,26145000,30.41,34.71,26.1,0.0789,0.0295,23.38,1.33,19.13,0,0,0.2366,0.4048,0.0149,1.98,2,1.6423
2019-03-30,69004604,69004604,1,4206687000,3175088000,2625968000,2418528000,1580719000,0,0,0,0,2126639000,40885000,40885000,0.59,0.57,0,105738000,-35232000,-74397000,-3796000,405494000,35232000,28.21,33.9,22.52,0.0749,0.0275,22.91,1.26,20.9,0,0,0,0.3758,0.0142,1.94,1.02,1.3128
2018-12-29,68429603,68429603,1,4316853000,3273772000,2784236000,2573135000,1532617000,0,0,0,14361000,2188018000,37952000,37952000,0.56,0.54,0,-78436000,-36591000,104723000,-10238000,409290000,36591000,25.19,28.07,22.3,0.0655,0.0242,22.4,1.17,None,0,0,0.0094,0.355,0.0129,1.88,-1.68,1.2723
2018-09-29,68264736,68264736,1,4085133000,3014427000,2612289000,2401895000,1472844000,0,0,31218000,14346000,1876335000,782000,782000,0.01,0.01,0,60544000,-20639000,-24946000,14751000,419528000,20639000,29.3,31.45,27.15,-0.0646,-0.0246,21.58,1.35,None,0,None,0.0097,0.3605,None,1.83,0.58,1.255
2018-06-30,67960751,67960751,1,3892528000,2793992000,2415772000,2215306000,1476756000,0,0,0,14562000,1813366000,33963000,33963000,0.49,0.47,0,61757000,-22647000,-40588000,-500000,404777000,22647000,29.97,34.3,25.65,-0.0463,-0.0184,21.73,1.41,None,0,None,0.0099,0.3794,None,1.83,0.58,1.2612
2018-03-31,68602374,68602374,1,3779355000,2670518000,2316365000,1717359000,1462990000,0,0,0,393236000,1675629000,24632000,24632000,0.35,0.33,0,25683000,-24501000,-842000,363000,405277000,22482000,30.07,35.55,24.6,-0.0428,-0.0179,21.33,1.43,None,0,None,0.2688,0.3871,None,1.81,0.05,1.555
2017-12-30,71246094,71246094,1,3758580000,2652697000,2256992000,1662655000,1501588000,0,0,0,392195000,1744800000,-154910000,-154910000,-2.16,-2.16,0,8440000,-48391000,38041000,-1747000,404914000,48391000,34.67,39.4,29.95,-0.0369,-0.0161,21.08,1.52,19.48,0,None,0.2612,0.3995,None,1.82,-0.56,1.5955
2017-09-30,72020778,72020778,1,3847363000,2616250000,2199679000,1616043000,1647684000,0,0,68344000,391447000,1755003000,25848000,25848000,0.35,0.32,0,49292000,-25032000,-52973000,-28839000,406661000,25032000,38.88,42.95,34.8,0.0821,0.0369,22.88,1.68,14.14,0,0,0.2376,0.4283,0.0202,1.83,0.34,1.6189
2017-07-01,75372063,75372063,1,3808856000,2564331000,2069309000,1495654000,1739547000,0,0,0,390957000,1711377000,36404000,36404000,0.48,0.47,0,59021000,-31411000,-24326000,2973000,435500000,31411000,38,40.8,35.2,0.1271,0.0577,23.08,1.67,14.29,0,0,0.2247,0.4567,0.0315,1.83,0.37,1.7145
2017-04-01,75534773,75534773,1,3720108000,2477407000,2003405000,1427201000,1716703000,0,0,0,393762000,1682262000,31717000,31717000,0.42,0.41,0,88721000,-33370000,-27952000,27287000,432527000,33370000,37.17,41.25,33.1,0.1269,0.0567,22.73,1.66,14.08,0,0,0.2294,0.4615,0.0307,1.85,0.73,1.7359
2016-12-31,74293480,74293480,1,3667987000,2417588000,2005221000,1435249000,1662766000,0,0,0,393298000,1719977000,44864000,44864000,0.61,0.58,0,53927000,-18085000,-30242000,6952000,405240000,18085000,31.95,37.2,26.7,0.1306,0.0568,22.38,1.46,13.37,0,0,0.2365,0.4533,0.0308,1.84,0.48,1.6844
2016-10-01,73420998,73420998,1,3625222000,2375652000,2015419000,1401263000,1609803000,0,0,75624000,434059000,1665819000,100805000,100805000,1.37,1.29,0,103334000,-35373000,-79458000,-11332000,398288000,35373000,26.34,29.17,23.5,0.1219,0.0528,21.93,1.27,5.4,0,0,0.2696,0.4441,0.029,1.82,0.93,1.6954
2016-07-02,73905570,73905570,1,3578386000,2380956000,2047769000,1447931000,1530617000,0,0,0,434129000,1669474000,29534000,29534000,0.4,0.38,0,81473000,-22606000,-57789000,2301000,409620000,22606000,24.75,28.45,21.05,0.265,0.1142,20.71,1.22,5.17,0,0,0.2836,0.4277,0.0624,1.83,0.8,1.6444
2016-04-02,73632621,73632621,1,3598334000,2392936000,2103240000,1495251000,1495094000,0,0,30800000,437566000,1611174000,30361000,30361000,0.4,0.39,0,142649000,-87851000,-45790000,8872000,407319000,28973000,19.86,23.41,16.31,0.2739,0.1162,20.3,1,4.35,0,0,0.2927,0.4155,0.0629,1.85,1.54,1.6004
2016-01-02,77183780,77183780,1,3431226000,2280439000,1903972000,1311871000,1527254000,0,0,0,424100000,1534714000,27138000,27138000,0.35,0.33,0,62660000,-28708000,-48384000,-13806000,398447000,28708000,22.75,25.64,19.86,0.2735,0.1157,19.79,1.17,5.06,0,0,0.2777,0.4451,0.0612,1.89,0.44,1.7383
2015-10-03,78404815,78404815,1,3493264000,2397915000,1972793000,1380557000,1520471000,0,0,900000,423949000,1636578000,315382000,315382000,3.94,3.78,0,-1334000,-41246000,38703000,-4218000,412253000,27359000,19.98,22.41,17.55,0.2827,0.1161,19.39,1.28,8.92,0,0,0.2788,0.4353,0.0592,1.96,-0.37,1.7369
2015-06-27,80455636,80455636,1,3156845000,2325371000,1897593000,1330264000,1259252000,0,0,0,423798000,1539271000,24475000,24475000,0.3,0.29,0,112674000,-16684000,-86627000,8754000,416471000,16684000,22.45,25.23,19.66,0.1535,0.0607,15.65,1.45,10.25,0,0,0.3365,0.3989,0.0303,2.01,1.19,1.7481
2015-03-28,82625672,82625672,1,3116453000,2290543000,1839603000,1271596000,1276850000,0,0,0,427051000,1527530000,14748000,14748000,0.18,0.17,0,69725000,-16717000,-37314000,16568000,407717000,16717000,22.74,25.27,20.22,0.1544,0.0589,15.45,1.48,10.06,0,0,0.3345,0.4097,0.0294,2.01,0.64,1.8013
2014-12-27,83176376,83176376,1,3225732000,2381506000,1944120000,1372318000,1281612000,0,0,0,426866000,1671162000,22656000,22656000,0.27,0.26,0,-6169000,-27776000,-41523000,-75458000,391149000,27776000,21.32,26.08,16.57,0.1652,0.0612,15.41,1.41,9.43,0,0,0.3331,0.3973,0.0306,2,-0.41,1.7354
2014-09-27,82474561,82474561,1,3313089000,2450974000,2066334000,1534137000,1246755000,0,0,0,386681000,1686169000,132503000,132503000,1.61,1.52,0,108889000,-19259000,-175392000,-85406000,466607000,21716000,23.34,25.25,21.43,0.1724,0.0623,15.12,1.7,19.78,0,0,0.3101,0.3763,0.0317,1.96,1.06,1.5976
2014-06-28,82639661,82639661,1,3290105000,2504301000,2157965000,1488152000,1132140000,0,0,0,536722000,1604727000,20721000,20721000,0.25,0.24,0,151741000,-38780000,47224000,161391000,552013000,11980000,19.8,23.26,16.35,0.0936,0.0335,13.7,1.48,17.07,0,0,0.4741,0.3441,0.0171,1.96,1.69,1.6828
2014-03-29,82319310,82319310,1,3020211000,2231850000,1916694000,1225893000,1103517000,0,0,0,597241000,1476712000,20840000,20840000,0.25,0.24,0,8509000,-12748000,-11885000,-16429000,390622000,16347000,16.48,18.21,14.76,0.0938,0.0338,13.41,1.25,14.09,0,0,0.5412,0.3654,0.0171,1.97,-0.1,1.8206
2013-12-28,82781654,82781654,1,3030200000,2203943000,1936965000,1240212000,1093235000,0,0,0,600616000,1447498000,23101000,23101000,0.28,0.26,0,38243000,-71103000,37026000,4176000,407051000,13443000,16.16,18.29,14.02,0.0961,0.034,13.21,1.25,17.57,0,0,0.5494,0.3608,0.0173,1.96,0.3,1.7771
2013-09-28,84221764,84221764,1,2995848000,2204588000,1904284000,1206724000,1091564000,0,0,0,562512000,1505323000,38801000,38801000,0.46,0.44,0,90047000,-18299000,-84152000,-13519000,402875000,18299000,16.37,18.44,14.29,0.0768,0.0264,12.96,1.32,6.88,0,0,0.5153,0.3644,0.0134,1.97,0.85,1.8269
2013-06-29,83630995,83630995,1,2979046000,2188658000,1939866000,1250570000,1039180000,0,0,0,601155000,1489214000,18738000,18738000,0.23,0.22,0,66089000,-9808000,-51628000,4452000,416394000,9808000,12.39,14.6,10.18,0.2045,0.0672,12.43,1.01,5.46,0,0,0.5785,0.3488,0.0342,1.97,0.67,1.7501
2013-03-30,82784827,82784827,1,2964828000,2156347000,1950322000,1232481000,1014506000,0,0,0,614046000,1427642000,21191000,21191000,0.26,0.25,0,64669000,4079000,-146847000,-78751000,411942000,-4079000,10.63,12.14,9.12,0.2068,0.0637,12.25,0.89,5.32,0,0,0.6053,0.3422,0.0322,1.98,0.83,1.7496
2012-12-29,82516454,82516454,1,3079352000,2248761000,2093006000,1211283000,986346000,0,0,0,774929000,1494945000,621000,621000,0.01,0.01,0,97084000,-18842000,3368000,81075000,490693000,18842000,9.36,11.13,7.58,0.1942,0.056,11.95,0.79,4.48,0,0,0.7857,0.3203,0.0283,1.98,0.95,1.8565
2012-09-29,81765109,81765109,1,3167786000,2326299000,2204005000,1219547000,963781000,0,0,7243000,837364000,1578584000,164150000,164150000,2.01,1.9,0,121071000,-20945000,-83533000,14756000,409618000,22440000,8.3,9.59,7.02,0.2154,0.0578,11.79,0.84,20.24,0,0,0.8688,0.3042,0.0296,1.95,1.21,1.9075
2012-06-30,81575100,81575100,1,3032921000,2334895000,2227169000,1157454000,805752000,0,0,0,980016000,1549302000,8948000,8948000,0.11,0.11,0,47619000,-16895000,-101575000,-69557000,394862000,13225000,9.16,11.7,6.62,0.0433,0.0108,9.88,0.94,22.34,0,0,1.2163,0.2657,0.0055,1.96,0.42,2.0173
2012-03-31,81499343,81499343,1,3030756000,2324261000,2238053000,1072825000,792703000,0,0,0,1033053000,1463082000,-1439000,-1439000,-0.02,-0.02,0,59974000,-15928000,-182729000,-140050000,464419000,13879000,10.91,12.55,9.28,0.0447,0.0107,9.73,1.13,18.49,0,0,1.3032,0.2616,0.0055,1.96,0.57,2.1665
2011-12-31,81061664,81061664,1,3239121000,2516802000,2454523000,1137030000,784598000,0,0,0,1184620000,1502366000,8575000,8575000,0.11,0.1,0,-13251000,-24259000,1024000,-35819000,604469000,24259000,7.83,9.64,6.01,0.0647,0.0149,9.68,0.82,9.43,0,0,1.5098,0.2422,0.0076,1.96,-0.46,2.2135
2011-10-01,80774359,80774359,1,3353973000,2629246000,2583456000,1265885000,770517000,0,0,11007000,1182308000,1696702000,18088000,18088000,0.22,0.22,0,79047000,-24402000,1447000,57472000,640288000,24461000,9.16,11.79,6.53,0.0934,0.0209,9.54,0.99,9.35,0,0,1.5344,0.2297,0.0104,2.01,0.68,2.077
2011-07-02,80657540,80657540,1,3316628000,2635615000,2567328000,1278594000,749300000,0,0,0,1151883000,1674200000,9405000,9405000,0.12,0.11,0,51322000,-18781000,-105079000,-71929000,582816000,12634000,10.84,12.5,9.19,0.1157,0.0251,9.29,1.19,9.59,0,0,1.5373,0.2259,0.0125,2.01,0.48,2.0613
2011-04-02,80512930,80512930,1,3262749000,2576016000,2531553000,1149942000,731196000,0,0,0,1239993000,1569058000,13065000,13065000,0.16,0.16,0,106798000,-18355000,22636000,106226000,654745000,18355000,13.63,17.32,9.95,0.139,0.0289,9.08,1.56,12.5,0,0,1.6958,0.2241,0.0144,2,1.1,2.2401
2011-01-01,80162606,80162606,1,3233108000,2520762000,2533106000,1149679000,700002000,0,0,0,1240329000,1662451000,28359000,28359000,0.36,0.34,0,-2259000,-36567000,-7958000,-44293000,548519000,28058000,11.91,13.42,10.41,0.1412,0.0284,8.73,1.44,7.99,0,0,1.7719,0.2165,0.0141,2.02,-0.38,2.1926
2010-10-02,79811960,79811960,1,3301796000,2590009000,2640195000,1251343000,661601000,0,0,0,1240666000,1687768000,31399000,31399000,0.32,0.37,0,-33898000,-36289000,3029000,-71757000,592812000,37239000,12.65,16.38,8.92,0.1978,0.0386,8.29,1.61,17.57,0,0,1.8752,0.2004,0.0194,1.99,-0.89,2.0698
2010-07-03,79601866,79601866,1,3260862000,2584354000,2636608000,1273916000,624254000,0,0,0,1241003000,1625170000,21563000,21563000,0.27,0.26,0,-25266000,9172000,5169000,-8393000,664569000,-21555000,16.41,20.3,12.53,0.0997,0.0188,7.84,2.16,None,0,0,1.988,0.1914,0.0098,1.91,-0.05,2.0287
2010-04-03,79500969,79500969,1,3083728000,2459524000,2479270000,1103977000,604458000,0,0,0,1261340000,1527451000,10091000,10091000,0.13,0.12,0,-32199000,-22637000,1389000,-54533000,672962000,22040000,14.57,18.15,11,-0.0069,-0.0013,7.6,1.96,None,0,None,2.0867,0.196,None,1.8,-0.68,2.2279
2010-01-02,78837342,78837342,1,3044682000,2400685000,2459560000,1080999000,585122000,0,0,0,1261677000,1478302000,59382000,59382000,0.76,0.74,0,13029000,-14541000,-172200000,-171656000,727495000,12845000,8.78,11.43,6.12,-0.0894,-0.0167,7.42,1.27,None,0,None,2.1563,0.1922,None,1.69,0,2.2208
2009-10-03,78586977,78586977,1,3123897000,2476046000,2580757000,1195910000,543140000,0,0,0,1262014000,1353960000,-32285000,-32285000,-0.4,-0.4,0,45750000,-10081000,-11076000,21538000,899151000,10081000,5.61,9.06,2.16,-0.2321,-0.043,6.91,0.78,None,0,None,2.3236,0.1739,None,1.64,0.45,2.0704
2009-06-27,471656611,78609435,0.166667,3106216000,2402618000,2539961000,1139638000,566255000,0,0,0,1275586000,1209150000,-41126000,-41126000,-0.09,-0.09,0,65283000,-37532000,-4546000,26116000,877613000,7820000,3.06,4.32,1.8,-0.9424,-0.1806,7.2,0.41,None,0,None,2.2527,0.1823,None,1.46,0.73,2.1082
2009-03-28,488403939,81400656,0.166667,3090485000,2383472000,2478446000,927484000,612039000,0,0,0,1451623000,1195107000,-37538000,-37538000,-0.07,-0.07,0,97088000,-16333000,-28309000,54723000,851497000,16333000,2.13,3.17,1.08,-0.6819,-0.1472,7.52,0.29,None,0,None,2.3718,0.198,None,1.51,0.99,2.5698
2008-12-27,511165986,85194331,0.166667,3340318000,2607571000,2714060000,1093020000,626258000,0,0,0,1485614000,1419264000,-25273000,-25273000,-0.05,-0.05,0,-10891000,-27970000,-35864000,-73027000,796774000,27770000,5.34,9.06,1.62,-0.5668,-0.1305,7.35,0.68,None,0,None,2.3722,0.1875,None,1.53,-0.45,2.3857
2008-09-27,531206988,88534498,0.166667,3513973000,2796280000,2818015000,1221941000,695958000,0,0,510669000,1481985000,948793000,-485179000,-485179000,-0.91,-0.91,0,-158253000,54371000,0,-111763000,869801000,19480000,11.13,15.96,6.3,-0.4609,-0.1125,7.86,0.83,None,0,None,2.1294,0.1981,None,1.67,-2.01,2.2884
2008-06-28,530971114,88495185,0.166667,4530673000,3276171000,3340183000,1746709000,1190490000,0,0,510067000,1480304000,1903253000,15328000,15328000,0.03,0.03,0,121891000,-3150000,0,121014000,981564000,24954000,8.83,10.2,7.46,-0.9453,-0.2408,13.45,0.68,None,0,None,1.2434,0.2628,None,1.9,1.1,1.8756
2008-03-29,530860783,88476797,0.166667,4536259000,3288054000,3382312000,1773103000,1153947000,0,0,512635000,1490540000,1817431000,-24414000,-24414000,-0.05,-0.05,0,-57266000,-28799000,0,-80647000,860550000,35378000,9.03,11.16,6.9,-0.7989,-0.2346,13.04,0.68,None,0,None,1.2917,0.2544,None,1.9,-1.05,1.8544
2007-12-29,530865771,88477628,0.166667,4703878000,3464814000,3523068000,1916726000,1180810000,0,0,512635000,1477632000,2532926000,7916000,7916000,0.01,0.01,0,132893000,-11039000,-120000000,7773000,941197000,11102000,12.18,14.64,9.72,-0.6691,-0.2208,13.35,0.92,None,0,None,1.2514,0.251,None,1.94,1.38,1.8077
2007-09-29,530079821,88346637,0.166667,4669955000,3415457000,3496808000,1797082000,1173147000,0,0,532887000,1588072000,2505416000,-1109134000,-1109134000,-2.1,-2.1,0,123084000,4744000,-408000,152964000,933424000,68417000,15.57,19.86,11.28,-0.5651,-0.1998,13.28,0.61,None,0,None,1.3537,0.2512,None,1.83,0.62,1.9006
2007-06-30,529845823,88307637,0.166667,5754720000,3406725000,3488576000,1792681000,2266144000,0,0,1641808000,1577113000,2488359000,-27640000,-27640000,-0.05,-0.05,0,238826000,-7607000,-112051000,116368000,780460000,10362000,21.03,23.28,18.78,-0.0147,-0.0056,25.66,0.81,None,0,None,0.6959,0.3938,None,1.77,2.59,1.9004
2007-03-31,529884856,88314142,0.166667,5791890000,3442351000,3506997000,2413132000,2284893000,0,0,1640568000,985964000,2611689000,-26132000,-26132000,-0.05,-0.05,0,134250000,-15447000,8192000,125264000,664092000,15328000,21.54,23.64,19.44,-0.0265,-0.0101,25.87,0.82,None,0,None,0.4315,0.3945,None,1.79,1.35,1.4265
2006-12-30,530057856,88342976,0.166667,6496667000,4127159000,4188783000,2494114000,2307884000,0,0,1646011000,1582526000,2778790000,28249000,28249000,0.05,0.05,0,-10226000,1446000,60495000,46999000,538828000,-5749000,23.58,26.64,20.52,-0.0601,-0.0229,26.12,0.92,None,0,None,0.6857,0.3552,None,1.81,-0.05,1.6548
2006-09-30,531606934,88601155,0.166667,5862430000,3491003000,3591867000,1974249000,2270563000,0,0,1643032000,1507218000,2717306000,-7967000,-7967000,-0.02,-0.02,0,-120619000,-29892000,86130000,-71263000,491829000,72353000,23.82,29.4,18.24,-0.0611,-0.0237,25.63,0.92,None,0,None,0.6638,0.3873,None,1.83,-2.18,1.7683
2006-07-01,531606934,88601155,0.166667,5963667000,3533916000,3669779000,2038327000,2293888000,0,0,1688866000,1496555000,2707900000,-54802000,-54802000,-0.1,-0.1,0,-58252000,-5249000,582000,-62114000,563092000,4167000,29.25,35.1,23.4,-0.0547,-0.0211,25.89,1.12,None,0,None,0.6524,0.3846,None,1.81,-0.7,1.7337
2006-04-01,532831901,88805317,0.166667,5770835000,3353224000,3461402000,2351312000,2309433000,0,0,1701532000,978768000,2668418000,-103420000,-103420000,-0.2,-0.2,0,-89186000,-61375000,-236116000,-385892000,625206000,44439000,25.83,29.7,21.96,-0.0312,-0.0119,26.01,0.96,None,0,None,0.4238,0.4002,None,1.79,-1.5,1.4261
2005-12-31,532168271,88694712,0.166667,6318203000,3917623000,3920740000,2132119000,2397463000,0,0,1687784000,1635847000,2861797000,24632000,24632000,0.05,0.05,0,-66247000,10349000,5345000,-56955000,1011098000,18236000,24.54,28.38,20.7,-0.4235,-0.1577,27.03,0.91,None,0,None,0.6823,0.3795,None,1.78,-0.95,1.8374
2005-10-01,529556913,88259485,0.166667,6241775000,3747157000,3862757000,2074218000,2379018000,0,0,1725105000,1644666000,2765302000,5342000,5342000,0.01,0.01,0,175055000,-45448000,-236646000,-112170000,1068053000,59804000,30.15,36.12,24.18,-0.3831,-0.1501,26.95,1.12,None,0,None,0.6913,0.3811,None,1.75,1.31,1.8065
2005-07-02,525620304,87603384,0.166667,6480755000,3957176000,4118497000,2320890000,2362258000,0,0,1721445000,1695145000,2831264000,-202000,-202000,0,0,0,66951000,-32551000,399000,35908000,1219725000,8483000,28.68,34.92,22.44,-0.3506,-0.1431,26.97,1.06,None,0,None,0.7176,0.3645,None,1.75,0.67,1.705
2005-04-02,525556936,87592822,0.166667,6463430000,3891181000,4103283000,2297180000,2360147000,0,0,1694739000,1680106000,2885402000,-1035508000,-1035508000,-1.99,-1.99,0,121840000,-1391000,9128000,127637000,1183817000,-765000,39.96,52.08,27.84,-0.3196,-0.1364,26.94,1.02,None,0,None,0.7119,0.3652,None,1.72,1.4,1.6939
2005-01-01,523418909,87236485,0.166667,7625848000,4303930000,4224034000,2813564000,3401814000,0,0,2292122000,1290060000,3252706000,24366000,24366000,0.05,0.05,0,52148000,-90660000,-12128000,-52769000,1063380000,7027000,48.9,56.1,41.7,-0.0008,-0.0004,39,1.27,None,0,None,0.3792,0.4461,None,1.65,0.52,1.5297
2004-10-02,523306783,87217797,0.166667,7546636000,4262646000,4191925000,2786059000,3354711000,0,0,2254979000,1311377000,3302157000,5338000,5338000,0.02,0.02,0,153517000,-44232000,10802000,112468000,1116149000,-1114000,46.5,55.2,37.8,-0.0034,-0.0015,38.46,1.21,None,0,None,0.3909,0.4445,None,1.6,1.77,1.53
2004-06-26,521147756,86857959,0.166667,7528822000,4332078000,4199407000,2135694000,3329415000,0,0,2248486000,1904481000,3069783000,11351000,11351000,0.02,0.02,0,-102783000,13759000,8484000,-72831000,1003681000,27295000,62.04,72.18,51.9,-0.0308,-0.0135,38.33,1.63,None,0,None,0.572,0.4422,None,1.53,-1.5,2.0284
2004-03-27,520918395,86819732,0.166667,7625055000,4358385000,4321053000,2228871000,3304002000,0,0,2236896000,1929972000,2862386000,-43856000,-43856000,-0.09,-0.09,0,33113000,-61468000,-9494000,-43226000,1076512000,32236000,77.1,93.06,61.14,-0.0377,-0.0164,38.06,2,None,0,None,0.5841,0.4333,None,1.46,0.01,1.9554
2003-12-27,518811103,86468517,0.166667,7764131000,4482476000,4425465000,2335430000,3338666000,0,0,2230022000,1924122000,2970281000,15769000,15769000,0.03,0.03,0,109997000,-33708000,713000,75888000,1119738000,1114000,65.28,75.9,54.66,-0.0338,-0.0147,38.61,1.69,None,0,None,0.5763,0.43,None,1.4,1.26,1.9193
2003-09-27,517323220,86220536,0.166667,7450256000,4168519000,4127002000,2036053000,3323254000,0,0,2223422000,1925630000,2732013000,-85653000,-85653000,-0.18,-0.18,0,89551000,22968000,-559806000,-443680000,1043850000,13624000,51.42,65.76,37.08,-0.0405,-0.0177,38.54,1.28,None,0,None,0.5794,0.4461,None,1.33,0.88,2.0474
2003-06-28,510135909,85022651,0.166667,7914382000,4578578000,4511495000,1986764000,3402887000,0,0,2160937000,2436817000,2648907000,-12174000,-12174000,-0.02,-0.02,0,202905000,-29833000,-15786000,153869000,1487530000,-5397000,32.04,40.74,23.34,-0.7798,-0.3417,40.02,0.8,None,0,None,0.7161,0.43,None,1.31,2.45,2.3045
2003-03-29,510029687,85004948,0.166667,7819513000,4443694000,4418810000,1895808000,3400703000,0,0,2150699000,2440164000,2443553000,-31821000,-31821000,-0.06,-0.06,0,135874000,-232329000,-99916000,-191740000,1333661000,15821000,26.91,33.24,20.58,-0.6514,-0.3139,40.01,0.67,None,0,None,0.7175,0.4349,None,1.21,1.41,2.344
2002-12-28,509351830,84891971,0.166667,7873522000,4549061000,4453518000,1908452000,3420004000,0,0,2149736000,2461692000,2536961000,-7509000,-7509000,-0.01,-0.01,0,123125000,32004000,304961000,460867000,1525401000,19599000,20.13,31.14,9.12,-0.5608,-0.2924,40.29,0.52,None,0,None,0.7198,0.4344,None,1.12,1.22,2.3836
2002-09-28,528225141,88037523,0.166667,7518057000,4159038000,4103342000,2053989000,3414715000,0,0,2101650000,1975331000,2602302000,-2607222000,-2607222000,-5.1,-5.1,0,302638000,19879000,-148941000,169811000,1064534000,12118000,28.62,42.54,14.7,-0.4983,-0.2794,38.79,0.41,None,0,None,0.5785,0.4542,None,0.91,3.3,2.0249
2002-06-29,524622075,87437012,0.166667,10581559000,4433765000,4534150000,2166266000,6047409000,0,0,4790886000,2159251000,2617626000,-4994000,-4994000,-0.01,-0.01,0,364658000,-18661000,-31837000,320224000,894723000,34857000,59.19,83.88,34.5,-0.0502,-0.029,69.16,0.85,None,0,None,0.3571,0.5715,None,0.79,3.77,2.0467
2002-03-30,524083487,87347248,0.166667,10404542000,4375786000,4322302000,1990822000,6082240000,0,0,4730953000,2132528000,2411241000,-39314000,-39314000,-0.08,-0.08,0,79065000,608000,-10769000,68360000,574499000,26603000,100.11,142.8,57.42,-0.0541,-0.0311,69.63,1.43,None,0,None,0.3506,0.5846,None,0.72,0.6,2.198
2001-12-29,522875626,87145937,0.166667,10105834000,4260664000,4002892000,1722246000,6102942000,0,0,4501029000,2129150000,1130461000,-45223000,-45223000,-0.12,-0.12,0,76958000,303466000,-442203000,-61510000,506139000,19413000,115.77,153.9,77.64,-0.0387,-0.0216,70.03,3.34,137.82,0,None,0.3489,0.6039,None,0.71,0.66,2.4739
2001-09-29,318819000,53136500,0.166667,3640331000,2583293000,1799351000,492337000,1840980000,0,0,294397000,1218608000,695965000,-162588000,-162588000,-0.48,-0.48,0,120173000,-151451000,-15267000,-50570000,567649000,25725000,106.92,144,69.84,0.0212,0.0107,34.65,2.85,20.02,0,0,0.6619,0.5057,0.01,1.08,1.78,5.247
2001-06-30,320618953,53436492,0.166667,3772142000,2619771000,1766284000,476395000,2005858000,0,0,349536000,1213632000,776602000,30097000,30097000,0.09,0.09,0,158552000,-94077000,-8815000,55534000,618219000,36792000,167.19,229.2,105.18,0.167,0.0831,37.54,4.51,34.61,0,0,0.605,0.5318,0.0597,1.39,2.28,5.4992
2001-03-31,319689599,53281599,0.166667,3901580000,2733571000,1927979000,637001000,1973601000,0,0,357687000,1210834000,1191138000,62245000,62245000,0.2,0.19,0,95705000,-540090000,40097000,-410963000,562685000,61995000,219.75,328.5,111,0.162,0.0809,37.04,6.15,46.96,0,0,0.6135,0.5058,0.0521,1.55,0.63,4.2913
2000-12-30,306406941,51067823,0.166667,3767570000,2684378000,1942451000,712313000,1825119000,0,0,333361000,1147632000,1390343000,110692000,110692000,0.36,0.34,0,27097000,-59808000,6306000,-24594000,968248000,63019000,270.27,363,177.54,0.1687,0.088,35.74,8.06,77,0,0,0.6288,0.4844,0.0551,1.6,-0.7,3.7685
2000-09-30,152259383,50753127,0.333333,3639470000,2585265000,1937988000,712495000,1701482000,0,0,318512000,1143942000,1895930000,110415000,110415000,0.57,0.54,0,80181000,-56236000,577400000,601345000,992842000,68675000,300.87,359.82,241.92,0.1488,0.0797,33.52,9.86,113.32,0,0,0.6723,0.4675,0.0492,1.62,0.23,3.6285
2000-07-01,151391529,50463842,0.333333,2786197000,1834945000,1246071000,585076000,1540126000,0,0,279499000,660995000,1000632000,1821000,1821000,0.01,0.01,0,14850000,-84969000,-49376000,-119495000,397273000,54489000,194.94,263.46,126.42,0.1134,0.0643,30.52,6.65,57.5,0,0,0.4292,0.5528,0.0491,1.31,-0.79,3.1363
2000-04-01,128912826,42970941,0.333333,1933935000,1533933000,673406000,316137000,1260529000,0,0,0,355020000,555312000,43910000,43910000,0.35,0.33,0,26599000,-125158000,550363000,451804000,504159000,49530000,169.5,204,135,0.1866,0.1052,29.33,10.01,54.59,0,0,0.2816,0.6518,0.087,1.21,-0.53,4.8521
2000-01-01,59062805,39375203,0.666667,1298939000,946135000,632248000,274358000,666691000,0,0,0,355214000,459685000,36188000,36188000,0.61,0.58,0,-34248000,-54210000,4668000,-83790000,52355000,25973000,138.03,163.92,112.14,0.2188,0.1209,16.93,8.65,62.18,0,0,0.5328,0.5133,0.0932,1.3,-1.53,3.4485
1999-10-02,58891980,39261320,0.666667,1201713000,885170000,575366000,217386000,626347000,0,0,45712000,355259000,348575000,34129000,34129000,0.58,0.51,0,44130000,-154347000,2170000,-108047000,136145000,18766000,110.53,124.86,96.19,0.17,0.1015,15.95,7.59,51.89,0,0,0.5672,0.5212,0.0771,1.32,0.65,4.0719
1999-07-03,58333144,38888762,0.666667,1101180000,826073000,534699000,166574000,566481000,0,0,0,355602000,309496000,31358000,31358000,0.54,0.51,0,27638000,-200819000,349275000,176094000,247684000,17992000,103.89,121.83,85.96,0.1872,0.1225,14.57,7.53,52.87,0,0,0.6277,0.5144,0.0725,1.69,0.25,4.9592
1999-04-03,57119366,38079577,0.666667,712295000,449688000,187109000,166380000,525186000,0,0,0,5647000,281140000,28772000,28772000,0.5,0.47,0,26460000,-13963000,-2211000,10286000,71590000,17186000,93.8,113.34,74.25,0.1962,0.1356,13.79,7.29,52.33,0,0,0.0108,0.7373,0.0694,1.95,0.24,2.7028
1999-01-02,56799606,37866404,0.666667,677840000,431475000,190627000,157323000,487213000,0,0,0,5657000,275533000,-562000,-562000,-0.01,-0.01,0,16914000,-48957000,1877000,-30166000,61304000,11331000,64.78,93.75,35.82,0.2075,0.1317,12.87,4.32,29.38,0,0,0.0116,0.7188,0.0655,2.01,0.15,2.7426
1998-09-30,48265295,32176863,0.666667,658367000,445063000,176382000,144726000,481985000,0,0,19030000,5767000,463429000,36867000,36867000,0.48,0.45,0,47779000,3885000,-976000,50688000,87978000,32762000,53.3,71.34,35.25,0.3129,0.1794,14.98,6.58,27.76,0,0,0.012,0.7321,0.0863,2.08,0.47,3.0752
1998-06-27,42110192,28073461,0.666667,443363000,313325000,215844000,117276000,227519000,0,0,0,95607000,197139000,19381000,19381000,0.46,0.4,0,23186000,-30380000,1951000,-5243000,25357000,9864000,60.57,70.32,50.82,0.311,0.1539,8.1,8.34,35.11,0,0,0.4202,0.5132,0.093,1.65,0.47,2.6717
1998-03-28,20875960,27834613,1.333333,423580000,295398000,221501000,122503000,202079000,0,0,0,95607000,172146000,16873000,16873000,0.81,0.71,0,8699000,-19397000,-6393000,-17091000,30600000,6930000,50.16,60.28,40.03,0.3018,0.1472,7.26,7.55,32,0,0,0.4731,0.4771,0.0929,1.58,0.06,2.4114
1997-12-27,20688943,27585257,1.333333,383512000,285410000,200468000,98627000,183044000,0,0,0,98250000,159107000,12508000,12508000,0.61,0.53,0,26513000,-7049000,-14118000,5346000,47691000,5732000,54.54,66,43.08,0.2947,0.144,6.64,8.08,35.82,0,0,0.5368,0.4773,0.093,1.55,0.75,2.8938
1997-09-30,17317842,23090455,1.333333,303017000,234309000,147134000,60332000,155883000,0,0,6009000,86250000,114238000,10995000,10995000,0.59,0.52,0,15855000,-12376000,3214000,6693000,41447000,9764000,56.71,67.6,45.82,0.3082,0.1485,6.75,9.45,None,0,0,0.5533,0.5144,0.1009,1.47,0.26,3.8837
1997-06-28,17177353,22903137,1.333333,281305000,212513000,143833000,57333000,137472000,0,0,0,86250000,105406000,10820000,10820000,0.59,0.54,0,11230000,-9614000,2170000,3786000,34754000,8566000,41.16,49.5,32.81,None,None,6,7.55,None,0,None,0.6274,0.4887,None,None,0.12,3.7066
1997-03-29,17077365,22769819,1.333333,261282000,197486000,137170000,50406000,124112000,0,0,0,86250000,96700000,9913000,9913000,0.54,0.5,0,11639000,-16756000,880000,-4237000,30968000,7356000,39.05,48,30.1,None,None,5.45,7.78,None,0,None,0.6949,0.475,None,None,0.19,3.9179
1996-12-28,16943308,22591077,1.333333,255920000,195604000,142573000,55731000,113347000,0,0,0,86250000,88868000,9174000,9174000,0.51,0.47,0,9630000,-4468000,475000,5637000,35205000,4495000,34.92,41.25,28.6,None,None,5.02,7.59,None,0,None,0.7609,0.4429,None,None,0.23,3.5098
1996-09-30,16889923,22519897,1.333333,230541000,185323000,126856000,40014000,103685000,0,0,8014000,86250000,None,None,None,None,None,0,8451000,-17784000,1284000,-8049000,29568000,3616000,23.06,30.37,15.75,None,None,4.6,5.57,None,0,None,0.8318,0.4497,None,None,0.21,4.6315
1996-07-29,16787683,22383577,1.333333,225032000,180882000,132354000,45506000,92678000,0,0,0,86250000,71182000,7452000,7452000,0.42,0.4,0,10246000,-27149000,-1275000,-18178000,37617000,5639000,24.28,28.31,20.25,None,None,4.14,6.41,None,0,None,0.9306,0.4118,None,None,0.21,3.9749
1996-03-30,16745542,22327389,1.333333,214237000,173539000,129526000,42342000,84711000,0,0,0,86250000,63222000,6605000,6605000,0.38,0.36,0,None,None,None,None,55795000,0,20.06,23.62,16.5,None,None,3.79,None,None,0,None,1.0182,0.3954,None,None,None,4.0985
