"Quarter end","Shares","Shares split adjusted","Split factor","Assets","Current Assets","Liabilities","Current Liabilities","Shareholders equity","Non-controlling interest","Preferred equity","Goodwill & intangibles","Long-term debt","Revenue","Earnings","Earnings available for common stockholders","EPS basic","EPS diluted","Dividend per share","Cash from operating activities","Cash from investing activities","Cash from financing activities","Cash change during period","Cash at end of period","Capital expenditures","Price","Price high","Price low","ROE","ROA","Book value of equity per share","P/B ratio","P/E ratio","Cumulative dividends per share","Dividend payout ratio","Long-term debt to equity ratio","Equity to assets ratio","Net margin","Asset turnover","Free cash flow per share","Current ratio"
2019-03-31,113251125,113251125,1,9312759000,300569000,12615540000,1404654000,-3302781000,0,0,3258952000,8780606000,493293000,25989000,25989000,0.23,0.23,0,222665000,-84976000,-158047000,-34429000,143871000,128900000,179.06,200.04,158.07,None,0.0054,-29.16,None,447.65,0,0,None,None,0.022,0.25,0.83,0.214
2018-12-31,112589177,112589177,1,7213707000,373854000,10590530000,1206279000,-3376823000,0,0,3331465000,8997636000,483849000,57153000,57153000,0.5,0.49,0,226475000,-98030000,-117348000,14976000,178300000,137583000,160.16,174.19,146.13,None,0.0065,-29.99,None,None,0,0,None,None,0.0254,0.26,0.79,0.3099
2018-09-30,113321450,113321450,1,7213823000,327663000,10358906000,265512000,-3145083000,0,0,3387955000,9710145000,467221000,16144000,16144000,0.14,0.14,0,199087000,-150162000,-57906000,-13039000,163324000,191413000,160.33,167.41,153.26,None,-0.0003,-27.75,None,668.04,0,None,None,None,None,0.25,0.07,1.2341
2018-06-30,114844339,114844339,1,7289378000,326876000,10331513000,277810000,-3042135000,0,0,3459866000,9675738000,456323000,-57391000,-57391000,-0.5,-0.5,0,246479000,-218558000,-7332000,11543000,176363000,243422000,162.55,173.85,151.24,None,0.0042,-26.49,None,198.23,0,0,None,None,0.0173,0.24,0.03,1.1766
2018-03-31,115185962,115185962,1,7405082000,302780000,9993323000,250928000,-2588241000,0,0,3600640000,9363686000,458302000,31545000,31545000,0.27,0.27,0,178577000,-151597000,34049000,60525000,164820000,180074000,164.55,177.67,151.43,None,0.0133,-22.47,None,191.34,0,0,None,None,0.0554,0.24,-0.01,1.2066
2017-12-31,116507867,116507867,1,7320205000,259533000,9919319000,278905000,-2599114000,0,0,3598131000,9291536000,443072000,7662000,7662000,0.06,0.06,0,226998000,-314192000,23028000,-68167000,104295000,362008000,158.14,173.97,142.31,None,0.0142,-22.31,None,188.26,0,0,None,None,0.06,0.24,-1.16,0.9305
2017-09-30,117542678,117542678,1,7300470000,324066000,9558268000,1022715000,-2257798000,0,0,3550710000,8185512000,433945000,49161000,49161000,0.41,0.41,0,187273000,-122274000,-93492000,-24731000,172462000,152830000,143.99,154.71,133.27,None,0.0138,-19.21,None,464.48,0,0,None,None,0.0595,0.23,0.29,0.3169
2017-06-30,120357721,120357721,1,7308853000,336464000,9294534000,1046419000,-1985681000,0,0,3569045000,7906188000,427294000,9233000,9233000,0.08,0.08,0,231893000,-84364000,-111838000,31722000,197193000,106906000,129.49,140.38,118.59,None,0.0049,-16.5,None,264.27,0,0,None,None,0.0219,0.22,1.04,0.3215
2017-03-31,121301176,121301176,1,7297450000,301267000,9213944000,228593000,-1916494000,0,0,3605548000,8646174000,423363000,37598000,37598000,0.31,0.31,0,172306000,-84277000,-112272000,-20499000,165471000,114145000,111.28,120.51,102.06,None,0.008,-15.8,None,182.43,0,0,None,None,0.0363,0.22,0.48,1.3179
2016-12-31,120977227,120977227,1,7360945000,324571000,9356866000,873447000,-1995921000,0,0,3656924000,8149929000,416505000,5258000,5258000,0.04,0.04,0,228344000,-128022000,-108026000,-7835000,185970000,156757000,105.97,116.27,95.66,None,0.0101,-16.5,None,129.23,0,0,None,None,0.0467,0.22,0.59,0.3716
2016-09-30,124072843,124072843,1,7915722000,858199000,9584784000,738766000,-1669062000,0,0,3710817000,8515392000,411319000,-15370000,-15370000,-0.12,-0.12,0,159535000,-70786000,-56231000,31269000,165225000,110329000,112.97,118.57,107.36,None,0.0135,-13.45,None,None,0,0,None,None,0.0628,0.22,0.4,1.1617
2016-06-30,124615402,124615402,1,7436322000,291257000,9043899000,804906000,-1607577000,0,0,3788754000,7913879000,405532000,32711000,32711000,0.26,0.26,0,209782000,-97088000,-90977000,30690000,133956000,126874000,102.49,108.3,96.68,None,-0.0052,-12.9,None,None,0,None,None,None,None,0.22,0.67,0.3619
2016-03-31,125524099,125524099,1,7371644000,282552000,9002204000,233069000,-1630560000,0,0,3764036000,8452270000,399769000,53639000,53639000,0.43,0.43,0,144864000,-132339000,-33323000,-14773000,103266000,164225000,95.12,107.44,82.8,None,-0.0057,-12.99,None,None,0,None,None,None,None,0.22,-0.15,1.2123
2015-12-31,125257417,125257417,1,7403215000,293960000,9109359000,273371000,-1706144000,0,0,3735413000,8524132000,406941000,31015000,31015000,0.25,0.25,0,202436000,-167790000,10424000,44768000,118039000,293611000,110.78,121.45,100.12,None,-0.0234,-13.62,None,None,0,None,None,None,None,0.22,-0.73,1.0753
2015-09-30,126151128,126151128,1,7396757000,334871000,9094413000,288267000,-1697656000,0,0,3737105000,8446850000,410735000,-155946000,-155946000,-1.23,-1.23,0,159205000,-130121000,-15271000,3425000,73271000,174118000,115.56,128.47,102.65,None,-0.027,-13.46,None,None,0,None,None,None,None,0.21,-0.12,1.1617
2015-06-30,127707070,127707070,1,7751863000,344482000,8885095000,314054000,-1133232000,0,0,4031524000,8216400000,410704000,28305000,28305000,0.22,0.22,0,197124000,-315056000,125313000,7475000,69846000,370899000,118.28,124.98,111.58,None,-0.0087,-8.87,None,None,0,None,None,None,None,0.21,-1.36,1.0969
2015-03-31,129454487,129454487,1,7527299000,325013000,8564086000,286476000,-1036787000,0,0,3925992000,7929829000,410094000,-79030000,-79030000,-0.61,-0.61,0,178408000,-121554000,-31529000,22928000,62371000,190943000,117.09,126.65,107.53,None,-0.0136,-8.01,None,None,0,None,None,None,None,0.21,-0.1,1.1345
2014-12-31,129175989,129175989,1,7841125000,326888000,8501925000,331050000,-660800000,0,0,4189540000,7829663000,404733000,389000,389000,0,-0,0,168464000,-578250000,1475000,-410814000,39443000,696282000,113.31,122.79,103.83,None,-0.0031,-5.12,None,None,0,None,None,None,None,0.2,-4.09,0.9874
2014-09-30,129096733,129096733,1,7808992000,674386000,8106609000,1346227000,-297617000,0,0,3910755000,6471770000,393293000,-16624000,-16624000,-0.13,-0.13,0,150343000,-137336000,331368000,342605000,450257000,200009000,107.03,114.37,99.7,None,-0.0059,-2.31,87.02,None,0,None,None,None,None,0.19,-0.38,0.5009
2014-06-30,129006538,129006538,1,7564583000,314018000,7405295000,1340010000,159288000,0,0,4041190000,5778891000,383420000,-9467000,-9467000,-0.07,-0.07,0,173871000,-79637000,-309765000,-215262000,107652000,115022000,94.8,102.57,87.03,-0.0167,-0.0008,1.23,30.78,None,0,None,36.2795,0.0211,None,0.19,0.46,0.2343
2014-03-31,128806508,128806508,1,7791342000,516128000,7395154000,756779000,396188000,0,0,4081286000,6365982000,345550000,1407000,1407000,0.01,0.01,0,178965000,-964904000,968760000,200802000,322914000,997701000,93.47,99.64,87.29,-0.0785,-0.0046,3.08,33.62,None,0,None,16.0681,0.0508,None,0.19,-6.36,0.682
2013-12-31,128506612,128506612,1,6783188000,343652000,6426222000,747673000,356966000,0,0,3387198000,5396685000,335396000,-19165000,-19165000,-0.15,-0.15,0,154539000,-375744000,157341000,-67297000,122112000,922355000,84.49,92.21,76.77,-0.1154,-0.0085,2.78,24.21,None,0,None,15.1182,0.0526,None,0.2,-5.97,0.4596
2013-09-30,128387897,128387897,1,6584428000,390434000,6135999000,252858000,448429000,0,0,3122339000,5637078000,332094000,21531000,21531000,0.17,0.16,0,114889000,-124070000,8512000,-33000,189409000,33171000,75.88,80.65,71.1,-0.1598,-0.0137,3.49,22.25,None,0,None,12.5707,0.0681,None,0.19,0.64,1.5441
2013-06-30,127786853,127786853,1,6484506000,352084000,6048769000,212898000,435737000,0,0,3088296000,5631209000,324305000,-35899000,-35899000,-0.28,-0.28,0,133931000,-82051000,16507000,67212000,189442000,33779000,76.43,82.31,70.55,-0.2933,-0.0255,3.41,14,None,0,None,12.9234,0.0672,None,0.18,0.78,1.6538
2013-03-31,127597366,127597366,1,6449885000,269944000,5753240000,675138000,696645000,0,0,3085459000,4885339000,313071000,-22376000,-22376000,-0.18,-0.18,0,94228000,-244657000,37801000,-110869000,122230000,36423000,70.36,74.04,66.68,-0.3185,-0.0302,5.46,13.69,None,0,None,7.0127,0.108,None,0.18,0.45,0.3998
2012-12-31,126954515,126954515,1,6595617000,368563000,5930915000,863688000,652991000,11711000,0,3134133000,4883424000,293841000,-52489000,-52489000,-0.42,-0.42,0,103338000,-1309858000,-2693000,-1207946000,233099000,38804000,66.71,71.17,62.25,-0.395,-0.0336,5.14,19.17,None,0,None,7.4785,0.099,None,0.18,0.51,0.4267
2012-09-30,126417771,126417771,1,6083291000,1556880000,5630949000,688750000,440534000,11808000,0,2100614000,4776439000,238606000,-52445000,-52445000,-0.43,-0.43,0,89723000,35661000,1228873000,1354306000,1441045000,26174000,59.39,63.22,55.56,None,-0.034,3.48,15.04,None,0,None,10.8424,0.0724,None,0.18,0.5,2.2604
2012-06-30,121612229,121612229,1,4793660000,303164000,4301403000,1050832000,480195000,12062000,0,2121389000,3091382000,229147000,-53472000,-53472000,-0.44,-0.44,0,84109000,-924964000,402141000,-438815000,86739000,23489000,53.63,57.88,49.37,None,-0.0344,3.95,25.06,None,0,None,6.4378,0.1002,None,0.19,0.5,0.2885
2012-03-31,121276174,121276174,1,4086629000,604620000,3815013000,113933000,259572000,12044000,0,1644434000,3565226000,192490000,-22631000,-22631000,-0.2,-0.2,0,66040000,-75890000,488091000,478238000,525554000,24798000,47.02,51.51,42.53,None,-0.0306,2.14,None,None,0,None,13.735,0.0635,None,0.19,0.34,5.3068
2011-12-31,109734800,109734800,1,3606399000,129356000,3605648000,126881000,-11313000,12064000,0,1639784000,3351600000,183819000,-29081000,-29081000,-0.26,-0.26,0,62631000,-200638000,5974000,-131989000,47316000,10588000,37.74,43.12,32.36,None,-0.0352,-0.1,629,None,0,None,None,None,None,0.19,0.47,1.0195
2011-09-30,109358811,109358811,1,3609138000,260553000,3590687000,132894000,6299000,12152000,0,1550003000,3334201000,175549000,-33305000,-33305000,-0.3,-0.3,0,63443000,-86669000,-75019000,-98245000,179305000,46203000,36.45,40.13,32.76,-0.841,-0.0385,0.06,36.09,None,0,None,529.3223,0.0017,None,0.19,0.16,1.9606
2011-06-30,111482031,111482031,1,3693009000,352807000,3567804000,129231000,112921000,12284000,0,1551428000,3319362000,171053000,-29819000,-29819000,-0.27,-0.27,0,69787000,-111833000,224691000,182645000,277749000,49891000,38.23,40.35,36.1,-0.543,-0.0394,1.01,20.34,None,0,None,29.3954,0.0306,None,0.19,0.18,2.73
2011-03-31,113342192,113342192,1,3466258000,173387000,3240805000,120247000,213078000,12375000,0,1530599000,3004999000,167749000,-34251000,-34251000,-0.3,-0.3,0,53197000,-108748000,86401000,30850000,95104000,20137000,40.4,44.44,36.36,-0.5901,-0.0558,1.88,14.64,None,0,None,14.1028,0.0615,None,0.19,0.29,1.4419
2010-12-31,114919445,114919445,1,3400175000,146727000,3070042000,130584000,317110000,13023000,0,1500012000,2827450000,165497000,-39161000,-39161000,-0.34,-0.34,0,58799000,-175548000,-16233000,-132982000,64254000,18638000,38.84,41.29,36.38,-0.4725,-0.0576,2.76,12.02,None,0,None,8.9163,0.0933,None,0.19,0.35,1.1236
2010-09-30,114964560,114964560,1,3423936000,278175000,3052009000,155153000,371313000,614000,0,1437615000,2792443000,158642000,-34488000,-34488000,-0.3,-0.3,0,44221000,-78448000,3524000,-30703000,197236000,20467000,36.83,40.6,33.06,-0.4123,-0.0592,3.23,10.64,None,0,None,7.5205,0.1084,None,0.18,0.21,1.7929
2010-06-30,114634391,114634391,1,3433689000,303099000,3035865000,156817000,397166000,658000,0,1433110000,2777839000,154515000,-83699000,-83699000,-0.72,-0.72,0,60717000,-98291000,147239000,109665000,227939000,15315000,33.75,37.03,30.47,-0.3907,-0.0642,3.46,7.02,None,0,None,6.9942,0.1157,None,0.18,0.4,1.9328
2010-03-31,117007456,117007456,1,3270641000,184514000,2707459000,139238000,562307000,875000,0,1420547000,2472235000,147965000,-37326000,-37326000,-0.32,-0.32,0,37418000,-72752000,-7709000,-43043000,118274000,12148000,33.88,37.12,30.64,-0.2578,-0.0486,4.81,6.64,None,0,None,4.3966,0.1719,None,0.17,0.22,1.3252
2009-12-31,117719254,117719254,1,3313646000,236838000,2712782000,158725000,599949000,915000,0,1435591000,2460402000,144979000,-43512000,-43512000,-0.37,-0.37,0,52757000,-140777000,-36506000,-124526000,161317000,12547000,30.86,35.88,25.83,-0.2188,-0.043,5.1,5.65,None,0,None,4.101,0.1811,None,0.17,0.34,1.4921
2009-09-30,116888578,116888578,1,3351603000,354746000,2712515000,114254000,637950000,1138000,0,1385200000,2508419000,139289000,-50109000,-50109000,-0.43,-0.43,0,62355000,-39580000,88839000,111614000,285843000,11979000,25.2,28.14,22.25,-0.1535,-0.0292,5.46,4.28,None,0,None,3.932,0.1903,None,0.17,0.43,3.1049
2009-06-30,116659619,116659619,1,3255511000,246923000,2567166000,96971000,687127000,1218000,0,1399967000,2383587000,136195000,-29360000,-29360000,-0.25,-0.25,0,58162000,-43247000,69530000,84445000,174229000,14057000,24.7,27.54,21.87,-0.1101,-0.0187,5.89,4.43,None,0,None,3.4689,0.2111,None,0.16,0.38,2.5464
2009-03-31,116413152,116413152,1,3172020000,160735000,2521871000,91803000,650149000,0,0,1405389000,2348069000,135050000,-17890000,-17890000,-0.15,-0.15,0,49284000,-5471000,-32885000,10928000,89784000,7552000,20.14,24.43,15.85,-0.1206,-0.016,5.58,4.84,None,0,None,3.6116,0.205,None,0.16,0.36,1.7509
2008-12-31,118280317,118280317,1,3211508000,154315000,2719749000,90594000,491759000,0,0,1425132000,2548660000,134429000,2684000,2684000,0.01,0.01,0,39587000,-251494000,-148392000,-360299000,78856000,9438000,17.59,25.68,9.49,-0.1401,-0.0159,4.16,5.3,None,0,None,5.1827,0.1531,None,0.16,0.25,1.7034
2008-09-30,116589586,116589586,1,3387848000,514446000,3000558000,100827000,387290000,0,0,1298343000,2821948000,118656000,-16423000,-16423000,-0.15,-0.15,0,53998000,-45952000,223839000,231885000,439155000,9935000,30.8,38.5,23.1,-0.2654,-0.0287,3.32,25.04,None,0,None,7.2864,0.1143,None,0.16,0.38,5.1023
2008-06-30,106030622,106030622,1,2733109000,292325000,2603144000,74339000,129965000,0,0,996591000,2455000000,111952000,-18390000,-18390000,-0.17,-0.17,0,45366000,-264662000,299583000,80287000,207270000,8400000,33.53,38.04,29.02,-0.2974,-0.0323,1.23,11.18,None,0,None,18.8897,0.0476,None,0.18,0.35,3.9323
2008-03-31,108661550,108661550,1,2406902000,219535000,2081015000,68835000,325887000,0,0,876096000,1945000000,109917000,-14634000,-14634000,-0.13,-0.13,0,34745000,-18441000,40407000,56711000,126983000,8342000,28.98,34.04,23.93,-0.2595,-0.0326,3,9.32,None,0,None,5.9683,0.1354,None,0.18,0.24,3.1893
2007-12-31,108473904,108473904,1,2384323000,213212000,2046932000,76170000,337391000,0,0,868999000,1905000000,108903000,-28879000,-28879000,-0.26,-0.26,0,40770000,-9959000,-3900000,26911000,70272000,7716000,34.66,38.5,30.81,-0.2885,-0.0339,3.11,13.28,None,0,None,5.6463,0.1415,None,0.18,0.3,2.7992
2007-09-30,105535347,105535347,1,2301297000,249352000,2026254000,62943000,275043000,0,0,788767000,1905000000,103201000,-17534000,-17534000,-0.17,-0.17,0,28884000,-81076000,-1981000,-54173000,43361000,6704000,32.41,36.68,28.14,-0.2597,-0.0331,2.61,14.34,None,0,None,6.9262,0.1195,None,0.18,0.21,3.9616
2007-06-30,103891224,103891224,1,2253504000,276985000,2018633000,58543000,234871000,0,0,754412000,1905000000,100289000,-15072000,-15072000,-0.15,-0.15,0,26732000,-153042000,4360000,-121950000,97534000,7474000,31.61,34.21,29,-0.2581,-0.0375,2.26,13.99,None,0,None,8.1108,0.1042,None,0.18,0.19,4.7313
2007-03-31,102796680,102796680,1,2246184000,294728000,2013794000,55616000,232390000,0,0,738566000,1905000000,95808000,-16394000,-16394000,-0.16,-0.16,0,26548000,-57807000,204595000,173336000,219484000,5746000,28.11,30.46,25.76,-0.3987,-0.0677,2.26,7.72,None,0,None,8.1974,0.1035,None,0.18,0.2,5.2993
2006-12-31,105894292,105894292,1,2046292000,127607000,1660371000,58354000,385921000,0,0,724872000,1555000000,96750000,-24264000,-24264000,-0.22,-0.22,0,35531000,-24805000,-4993000,5733000,46148000,9393000,26.43,28.89,23.97,-0.4254,-0.0762,3.64,7.12,None,0,None,4.0293,0.1886,None,0.2,0.25,2.1868
2006-09-30,104645927,104645927,1,2002129000,103399000,1614164000,65450000,387965000,0,0,724016000,1505000000,98172000,-24341000,-24341000,-0.24,-0.24,0,13119000,-37313000,3013000,-21181000,40415000,6765000,23.92,25.9,21.95,-0.5955,-0.0957,3.71,6.13,None,0,None,3.8792,0.1938,None,0.22,0.06,1.5798
2006-06-30,103755008,103755008,1,2008882000,137120000,1604096000,1157682000,404786000,0,0,713435000,405000000,87376000,-75638000,-75638000,-0.77,-0.77,0,12098000,-667233000,656857000,1722000,61596000,7000000,23.68,26.75,20.6,None,-0.1097,3.9,32,None,0,None,1.0005,0.2015,None,0.25,0.05,0.1184
2006-03-31,103017031,103017031,1,950122000,118665000,874031000,48468000,76091000,0,0,37585000,789657000,68804000,-9205000,-9205000,-0.11,-0.11,0,15212000,-10525000,9253000,13940000,59874000,5546000,21.24,24.19,18.29,None,-0.0902,0.74,22.36,None,0,None,10.3778,0.0801,None,0.3,0.09,2.4483
2005-12-31,85738634,85738634,1,952536000,132188000,871105000,52143000,81431000,0,0,31491000,784392000,72418000,-32297000,-32297000,-0.38,-0.38,0,13624000,-48316000,57149000,22457000,45934000,6045000,16.82,19.19,14.45,None,-0.1067,0.95,None,None,0,None,9.6326,0.0855,None,0.29,0.09,2.5351
2005-09-30,85316971,85316971,1,885929000,78969000,932598000,54384000,-46669000,0,0,25982000,844011000,66021000,-14444000,-14444000,-0.19,-0.19,0,18379000,-28372000,12348000,2355000,23477000,5988000,15.16,16.59,13.72,None,-0.1303,-0.55,None,None,0,None,None,None,None,0.28,0.15,1.4521
2005-06-30,74395198,74395198,1,857137000,66039000,907050000,47001000,-49913000,0,0,865000,826796000,63248000,-26255000,-26255000,-0.38,-0.38,0,1766000,-9595000,9934000,2105000,21122000,3720000,11.21,13.96,8.45,None,-0.14,-0.67,None,None,0,None,None,None,None,0.27,-0.03,1.4051
2005-03-31,65715954,65715954,1,854036000,56611000,958339000,47336000,-104303000,0,0,1108000,879091000,58304000,-21713000,-21713000,-0.33,-0.33,0,15998000,-13000000,-53608000,-50610000,19017000,2560000,9.1,10.06,8.14,None,-0.1337,-1.59,None,None,0,None,None,None,None,0.26,0.2,1.1959
2004-12-31,65377083,65377083,1,917244000,116172000,1005915000,51003000,-88671000,0,0,1365000,924456000,59091000,-52102000,-52102000,-0.82,-0.82,0,155000,1365000,47111000,48631000,69627000,2210000,8.71,10.62,6.81,None,-0.1583,-1.36,None,None,0,None,None,None,None,0.25,-0.03,2.2777
2004-09-30,64166824,64166824,1,915485000,64873000,942957000,53895000,-27472000,0,0,1626000,884775000,58743000,-24010000,-24010000,-0.42,-0.42,0,-970000,-1457000,1595000,-832000,20996000,928000,5.63,7.11,4.15,None,-0.1546,-0.43,None,None,0,None,None,None,None,0.24,-0.03,1.2037
2004-06-30,56966591,56966591,1,934460000,64991000,953425000,59660000,-18965000,0,0,1888000,889573000,56347000,-23246000,-23246000,-0.41,-0.41,0,12546000,3084000,-12966000,2664000,21828000,586000,3.92,4.74,3.1,None,-0.1453,-0.33,98,None,0,None,None,None,None,0.22,0.21,1.0894
2004-03-31,56530682,56530682,1,954222000,62689000,951756000,49279000,2466000,0,0,2155000,898590000,57301000,-47922000,-47922000,-0.86,-0.86,0,2485000,-1666000,10007000,10826000,19164000,1994000,4.35,5.43,3.28,None,-0.1837,0.04,5.58,None,0,None,364.3917,0.0026,None,0.21,0.01,1.2721
2003-12-31,56017207,56017207,1,982982000,68927000,939105000,76047000,43877000,0,0,2408000,859220000,51089000,-51168000,-51168000,-0.94,-0.94,0,-9512000,13727000,-31162000,-26947000,8338000,2925000,3.71,4.33,3.09,None,-0.1577,0.78,2.2,None,0,None,19.5825,0.0446,None,0.19,-0.22,0.9064
2003-09-30,54015439,54015439,1,1036687000,100965000,945247000,73745000,91440000,0,0,2709000,867598000,52375000,-19666000,-19666000,-0.38,-0.38,0,-25862000,44007000,-4900000,13245000,35285000,3121000,3.29,4.11,2.47,None,-0.1978,1.69,1.73,None,0,None,9.4882,0.0882,None,0.19,-0.54,1.3691
2003-06-30,54015439,54015439,1,1082967000,126218000,980306000,87994000,102661000,0,0,3019000,888130000,50375000,-67582000,-67582000,-1.32,-1.32,0,10387000,106158000,-142362000,-25817000,22040000,2957000,2.29,3.47,1.11,None,-0.1961,1.9,0.77,None,0,None,8.6511,0.0948,None,0.19,0.14,1.4344
2003-03-31,51131075,51131075,1,1264624000,92403000,1112637000,120051000,151987000,0,0,3874000,969102000,58221000,-33755000,-33755000,-0.66,-0.66,0,-4821000,-8436000,-27000,-13284000,47857000,6133000,0.92,1.44,0.4,None,-0.1715,2.97,0.25,None,0,None,6.3762,0.1202,None,0.2,-0.21,0.7697
2002-12-31,51125638,51125638,1,1304915000,113599000,1119442000,262591000,185473000,0,0,4321000,834885000,64074000,-110927000,-110927000,-2.17,-2.17,0,25283000,-13522000,7031000,18792000,61141000,18891000,0.61,1.03,0.19,None,-0.2033,3.63,0.14,None,0,None,4.5014,0.1421,None,0.2,0.13,0.4326
2002-09-30,51018379,51018379,1,1323978000,111734000,1108399000,79068000,215579000,0,0,4660000,1009024000,67048000,-31673000,-31673000,-0.62,-0.62,0,-14343000,-13507000,38885000,11035000,42349000,13507000,1.48,1.92,1.04,-0.5968,-0.1396,4.23,0.3,None,0,None,4.6805,0.1628,None,0.2,-0.55,1.4131
2002-06-30,50459460,50459460,1,1322686000,101558000,1076229000,96352000,246457000,0,0,4925000,959742000,69608000,-47336000,-47336000,-0.94,-0.94,0,24006000,-24886000,-82000,-962000,31314000,24886000,2.27,3.4,1.14,-0.5436,-0.1508,4.88,0.31,None,0,None,3.8942,0.1863,None,0.19,-0.02,1.054
2002-03-31,50375830,50375830,1,1422547000,106700000,1048756000,76747000,373791000,0,0,92374000,947223000,63944000,-83229000,-83229000,-1.7,-1.7,0,-33392000,-46095000,97859000,18372000,32276000,46095000,7.82,14.05,1.59,-0.4099,-0.1313,7.42,0.86,None,0,None,2.5341,0.2628,None,0.18,-1.58,1.3903
2001-12-31,49621990,49621990,1,1429011000,92287000,978367000,113701000,450644000,0,0,117087000,734885000,69150000,-29710000,-29710000,-0.62,-0.62,0,-1841000,-115103000,60401000,-56543000,13904000,115103000,11.26,16.6,5.91,-0.2549,-0.0898,9.08,1.15,None,0,None,1.6307,0.3154,None,0.17,-2.36,0.8117
2001-09-30,47913953,47913953,1,1381107000,150817000,911088000,112329000,470019000,0,0,115987000,728108000,63033000,-49118000,-49118000,-1.03,-1.03,0,7581000,-87852000,-157000,-80428000,70447000,87852000,17.48,24.48,10.48,-0.1966,-0.0792,9.81,1.61,None,0,None,1.5491,0.3403,None,0.18,-1.68,1.3426
2001-06-30,47470623,47470623,1,1414182000,230546000,899697000,107939000,514485000,0,0,116870000,721587000,57755000,-23321000,-23321000,-0.5,-0.5,0,23920000,-169012000,45602000,-99490000,150875000,169012000,23.5,34.31,12.69,-0.1092,-0.0502,10.84,2.09,None,0,None,1.4025,0.3638,None,0.18,-3.06,2.1359
2001-03-31,47000533,47000533,1,1349674000,323279000,821273000,84466000,528401000,0,0,102309000,715194000,52956000,-22996000,-22996000,-0.49,-0.49,0,-16660000,-158306000,410351000,235385000,250365000,158306000,31.29,47.13,15.44,-0.0898,-0.0442,11.24,2.73,None,0,None,1.3535,0.3915,None,0.2,-3.72,3.8273
2000-12-31,46939220,46939220,1,948818100,82236290,410657769,109710935,538160331,0,0,83386959,209041552,53578755,-5378933,-5378933,-0.11,-0.11,0,25792529,-162167383,26514751,-109860103,14980046,297306979,43.06,55.25,30.88,-0.0711,-0.0377,11.47,3.74,None,0,None,0.3884,0.5672,None,0.22,-5.78,0.7496
2000-09-30,46013193,46013193,1,875642456,183965242,345823868,83495453,529818588,0,0,51586510,203010214,45395003,-5905328,-5905328,-0.14,-0.14,0,7249258,-119959268,210351110,97641100,124840149,56421651,46.44,55.88,37,-0.1163,-0.0519,11.51,7.32,None,0,None,0.3832,0.6051,None,0.23,-1.07,2.2033
2000-06-30,44710408,44710408,1,640493584,75860538,356987165,77351238,283506419,0,0,34657298,197206522,38502886,-7907627,-7907627,-0.2,-0.2,0,17248440,-102562236,815690,-84498106,27199049,54681836,44.25,57,31.5,-0.215,-0.0696,6.34,6.31,None,0,None,0.6956,0.4426,None,0.24,-0.84,0.9807
2000-03-31,39188528,39188528,1,602504229,149027278,327788260,52607686,274715969,0,0,33956359,191516653,30429025,-9723417,-9723417,-0.27,-0.27,0,-2773892,-60591240,171931375,108566243,111697155,36869661,35.63,54.75,16.5,-0.3337,-0.086,7.01,28.5,None,0,None,0.6971,0.456,None,0.25,-1.01,2.8328
1999-12-31,38968891,38968891,1,429823226,33611213,381240979,54556360,48582247,0,0,34387262,186041542,29260169,-9514500,-9514500,None,None,0,11670985,-60896877,49652110,426218,3130912,-85884900,14.09,18.75,9.44,None,-0.1063,1.25,8.64,None,0,None,3.8294,0.113,None,0.27,2.5,0.6161
1999-09-30,28745911,28745911,1,347183540,32344807,300412017,40666208,46771523,0,0,16154409,180673810,24610993,-7985681,-7985681,-0.28,-0.28,0,3325223,-56421651,50763786,-2332642,2704694,42107899,12.22,15.38,9.06,None,None,1.63,8.04,None,0,None,3.8629,0.1347,None,None,-1.35,0.7954
1999-06-30,28698519,28698519,1,292498215,31144696,248927729,34361697,43570486,0,0,16396060,175508675,19405272,-8734089,-7288186,-0.64,-0.64,0,12596951,-54681836,44844691,2759806,5037336,50382598,9,10.25,7.75,None,None,1.52,None,None,0,None,4.0282,0.149,None,None,-1.32,0.9064
1999-03-31,8955922,8955922,1,231841383,24407228,232711132,18449973,-35140582,34270833,0,6797787,170444840,13716301,-8357222,-9069722,None,None,0,-4459470,-36869661,16863391,-24465740,2277530,11070221,None,None,None,None,None,-3.92,None,None,0,None,None,None,None,None,-1.73,1.3229
1998-12-31,8955922,8955922,1,214573326,45835949,207110415,37752642,-26095422,33558333,0,6932486,165572133,None,None,None,None,None,0,1441640,-34563066,7367196,-25754230,26743270,34563066,None,None,None,None,None,-2.91,None,None,0,None,None,None,None,None,-3.7,1.2141
1998-09-30,8877771,8877771,1,198567276,66312896,184474581,23194735,-18753138,32845833,0,2747764,160794990,13293331,-5119988,-5832488,None,None,0,6201881,-42107899,3786402,-32119616,52497500,42107899,None,None,None,None,None,-2.11,None,None,0,None,None,None,None,None,-4.04,2.859
1998-06-30,8877771,8877771,1,191130858,99877779,171918438,15177479,-12920913,32133333,0,2689746,156245960,13772877,-6088574,-6801074,None,None,0,None,None,None,None,84617116,0,None,None,None,None,None,-1.46,None,None,0,None,None,None,None,None,None,6.5807
