"Quarter end","Shares","Shares split adjusted","Split factor","Assets","Current Assets","Liabilities","Current Liabilities","Shareholders equity","Non-controlling interest","Preferred equity","Goodwill & intangibles","Long-term debt","Revenue","Earnings","Earnings available for common stockholders","EPS basic","EPS diluted","Dividend per share","Cash from operating activities","Cash from investing activities","Cash from financing activities","Cash change during period","Cash at end of period","Capital expenditures","Price","Price high","Price low","ROE","ROA","Book value of equity per share","P/B ratio","P/E ratio","Cumulative dividends per share","Dividend payout ratio","Long-term debt to equity ratio","Equity to assets ratio","Net margin","Asset turnover","Free cash flow per share","Current ratio"
2019-03-31,168423736,168423736,1,18355000000,2505000000,6146000000,2532000000,12209000000,0,0,264000000,1836000000,2413000000,350000000,350000000,2.06,2.06,0.32,604000000,-695000000,-223000000,-314000000,511000000,807000000,142.29,155.9,128.68,0.0963,0.0641,72.49,1.98,25.01,2.85,0.0707,0.1504,0.6652,0.1186,0.54,-1.21,0.9893
2018-12-31,168369523,168369523,1,17903000000,2580000000,5792000000,1818000000,12111000000,0,0,264000000,2284000000,2678000000,323000000,323000000,1.89,1.88,0,914000000,-833000000,-175000000,-94000000,825000000,1080000000,154.43,189.78,119.08,0.0832,0.0553,71.93,2.21,20.11,2.53,0.0559,0.1886,0.6765,0.1036,0.53,-0.99,1.4191
2018-09-30,170462089,170462089,1,18024000000,2660000000,6130000000,2225000000,11894000000,0,0,267000000,2286000000,2476000000,411000000,409000000,2.4,2.39,0.16,872000000,-751000000,6000000,127000000,919000000,706000000,176.92,193.03,160.8,0.1144,0.0756,69.78,2.63,34.29,2.53,0.0414,0.1922,0.6599,0.1725,0.44,0.97,1.1955
2018-06-30,170401224,170401224,1,17449000000,2459000000,5965000000,2262000000,11482000000,2000000,0,269000000,2285000000,2111000000,66000000,66000000,0.38,0.38,0,902000000,-622000000,-489000000,-209000000,792000000,728000000,188.32,213.4,163.25,0.0791,0.0519,67.38,2.82,30.67,2.37,0.0385,0.199,0.658,0.1337,0.39,1.02,1.0871
2018-03-31,170427473,170427473,1,17323000000,2824000000,5921000000,2250000000,11397000000,5000000,0,269000000,2284000000,2150000000,178000000,177000000,1.04,1.04,0.16,554000000,-404000000,-45000000,105000000,1001000000,865000000,174.69,189.95,159.43,0.0958,0.0628,66.87,2.64,36.02,2.37,0.0325,0.2004,0.6579,0.1711,0.37,-1.82,1.2551
2017-12-31,170300825,170300825,1,17003000000,3010000000,5724000000,2128000000,11274000000,5000000,0,270000000,2283000000,897000000,665000000,665000000,3.88,3.87,0,792000000,-524000000,-8000000,260000000,896000000,741000000,157.45,174.59,140.31,0.0777,0.0509,66.2,2.53,215.68,2.21,0.0164,0.2025,0.6631,0.1523,0.33,0.3,1.4145
2017-09-30,170165265,170165265,1,16465000000,2901000000,5868000000,1715000000,10591000000,6000000,0,270000000,2282000000,1460000000,-23000000,-23000000,-0.13,-0.13,0.04,455000000,-486000000,7000000,-24000000,636000000,703000000,145.88,166.29,125.46,0.0117,0.0077,62.24,2.34,147.35,2.21,0.1107,0.2155,0.6432,0.0215,0.35,-1.46,1.6915
2017-06-30,170097565,170097565,1,16271000000,3064000000,5669000000,1558000000,10597000000,5000000,0,270000000,2281000000,1630000000,233000000,231000000,1.36,1.36,0,479000000,-475000000,-7000000,-3000000,660000000,464000000,173.18,192.93,153.42,0.0161,0.0105,62.3,2.85,None,2.17,0.0809,0.2152,0.6513,0.0308,0.34,0.09,1.9666
2017-03-31,170094162,170094162,1,15749000000,2940000000,5401000000,952000000,10341000000,7000000,0,272000000,2729000000,1468000000,-42000000,-42000000,-0.25,-0.25,0.04,364000000,-298000000,-521000000,-455000000,663000000,441000000,183.98,199.83,168.13,-0.0319,-0.0203,60.8,3,None,2.17,None,0.2639,0.6566,None,0.28,-0.45,3.0882
2016-12-31,169796963,169796963,1,16459000000,3298000000,6048000000,1566000000,10404000000,7000000,0,272000000,2728000000,1167000000,-43000000,-43000000,-0.25,-0.25,0,538000000,-306000000,-5000000,227000000,1118000000,513000000,180.75,195,166.5,-0.0544,-0.0338,61.27,2.94,None,2.13,None,0.2622,0.6321,None,0.23,0.15,2.106
2016-09-30,169720677,169720677,1,16325000000,3454000000,5894000000,1377000000,10424000000,7000000,0,272000000,2726000000,1186000000,22000000,22000000,0.13,0.13,0.04,439000000,-925000000,-448000000,-934000000,891000000,-55000000,169.07,190.94,147.21,-0.1163,-0.0705,61.42,2.76,None,2.13,None,0.2615,0.6385,None,0.23,2.91,2.5084
2016-06-30,169607877,169607877,1,16808000000,4699000000,6422000000,1831000000,10379000000,7000000,0,272000000,2725000000,786000000,-268000000,-268000000,-1.63,-1.63,0,410000000,-1126000000,929000000,213000000,1825000000,546000000,154.43,171.88,136.97,-0.0547,-0.0325,61.19,2.61,None,2.09,None,0.2625,0.6175,None,0.3,-0.8,2.5664
2016-03-31,163556616,163556616,1,16171000000,4081000000,6476000000,1783000000,9688000000,7000000,0,272000000,2724000000,685000000,-267000000,-267000000,-1.65,-1.65,0.04,111000000,-1463000000,1573000000,221000000,1612000000,549000000,124.69,145.87,103.5,-0.0523,-0.0307,59.23,2.43,None,2.09,None,0.2812,0.5991,None,0.31,-2.68,2.2888
2015-12-31,163266510,163266510,1,15154000000,3194000000,6779000000,1462000000,8368000000,7000000,0,272000000,3207000000,1091000000,-623000000,-617000000,-4.13,-4.13,0,459000000,-632000000,983000000,810000000,1391000000,632000000,132.2,150,114.4,-0.032,-0.0187,51.25,2.2,25.47,2.05,None,0.3832,0.5522,None,0.33,-1.06,2.1847
2015-09-30,149377919,149377919,1,14965000000,2403000000,5984000000,1147000000,8974000000,7000000,0,272000000,2675000000,2218000000,646000000,640000000,4.28,4.27,0.04,357000000,-2000000,7000000,362000000,581000000,2000000,122.96,140.08,105.83,0.0825,0.0537,60.08,2.21,35.13,2.05,0.0169,0.2981,0.5997,0.1309,0.37,2.38,2.095
2015-06-30,149307983,149307983,1,14002000000,1305000000,5694000000,1033000000,8301000000,7000000,0,272000000,2672000000,648000000,-218000000,-218000000,-1.46,-1.46,0,328000000,-489000000,-3000000,-164000000,219000000,489000000,159.07,181.97,136.18,0.0584,0.0361,55.6,2.8,32.01,2.01,0.0246,0.3219,0.5928,0.101,0.33,-1.08,1.2633
2015-03-31,149298875,149298875,1,14347000000,1694000000,5848000000,1162000000,8491000000,8000000,0,272000000,2668000000,868000000,-78000000,-78000000,-0.52,-0.52,0.04,104000000,-717000000,-29000000,-642000000,383000000,717000000,150.63,167.3,133.95,0.0897,0.0528,56.87,2.62,23.76,2.01,0.0169,0.3142,0.5918,0.1384,0.36,-4.11,1.4578
2014-12-31,148963753,148963753,1,14926000000,2359000000,6337000000,1580000000,8581000000,8000000,0,272000000,2665000000,1673000000,432000000,364000000,2.92,2.9,0,568000000,-1071000000,978000000,475000000,1025000000,1071000000,163.44,199.56,127.31,0.1261,0.0697,57.6,3.27,None,1.97,0.0124,0.3106,0.5749,0.182,0.38,-3.38,1.493
2014-09-30,143147890,143147890,1,13272000000,1491000000,6119000000,1439000000,7145000000,8000000,0,272000000,2662000000,1513000000,374000000,407000000,2.58,2.58,0.04,615000000,-525000000,15000000,105000000,550000000,525000000,213.81,234.6,193.03,-0.1183,-0.0685,49.91,4.54,None,1.97,None,0.3726,0.5384,None,0.32,0.63,1.0361
2014-06-30,143098392,143098392,1,12710000000,1380000000,5960000000,1465000000,6741000000,9000000,0,274000000,2659000000,959000000,1000000,1000000,0.01,0.01,0,717000000,-477000000,-52000000,188000000,445000000,477000000,205.87,234.2,177.53,-0.1623,-0.0886,47.11,4.39,None,1.93,None,0.3945,0.5304,None,0.26,1.68,0.942
2014-03-31,143046951,143046951,1,12465000000,1542000000,5741000000,1238000000,6715000000,9000000,0,274000000,2706000000,910000000,123000000,148000000,0.85,0.85,0.04,466000000,-626000000,24000000,-136000000,257000000,626000000,184.89,205.89,163.9,-0.1114,-0.0611,46.94,4,None,1.93,None,0.403,0.5387,None,0.25,-1.12,1.2456
2013-12-31,142916619,142916619,1,12292788000,1728434000,5678030000,1250106000,6601584000,13174000,0,274329000,2653059000,613948000,-1367465000,-1360502000,-9.76,-9.76,0,541011000,-677896000,-214589000,-351474000,392646000,705746000,200.01,227.42,172.6,-0.1167,-0.0612,46.19,3.66,49.75,1.89,None,0.4019,0.537,None,0.23,-1.15,1.3826
2013-09-30,138667689,138667689,1,14544944000,1533261000,6782193000,1214811000,7581207000,181544000,0,279687000,2851212000,908757000,91125000,89886000,0.65,0.65,0.04,668408000,-648212000,28299000,48495000,744120000,648212000,168.17,190.15,146.19,0.0792,0.0402,54.67,3.12,47.78,1.89,0.02,0.3761,0.5212,0.1671,0.24,0.15,1.2621
2013-06-30,138546648,138546648,1,14162587000,1465192000,6514430000,1012128000,7465291000,182866000,0,279687000,2823428000,845136000,337263000,332679000,2.42,2.4,0,575786000,-106520000,-203939000,265327000,695625000,106520000,133.5,157.81,109.19,0.0742,0.0361,53.88,2.57,242.73,1.85,0.0217,0.3782,0.5271,0.1556,0.23,3.39,1.4476
2013-03-31,136578089,136578089,1,13761297000,1196414000,6495226000,971866000,7088630000,177441000,0,298142000,3017280000,787855000,100663000,99393000,0.77,0.75,0.04,360074000,-707176000,548004000,200902000,430298000,707176000,120.49,133.68,107.29,0.0128,0.006,51.9,2.61,81.41,1.85,0.1359,0.4257,0.5151,0.0265,0.22,-2.54,1.231
2012-12-31,123360341,123360341,1,13069030000,1050355000,7201722000,1034790000,5689354000,177954000,0,298142000,3721193000,755545000,28834000,28875000,0.24,0.22,0,480107000,-740321000,155724000,-104490000,229396000,794888000,105.21,110.67,99.75,0.0336,0.0152,46.12,2.31,300.6,1.81,0.052,0.6541,0.4353,0.0673,0.22,-2.55,1.015
2012-09-30,123232483,123232483,1,12814001000,1579884000,7013892000,991848000,5624391000,175718000,0,293449000,3562070000,695422000,19224000,18867000,0.15,0.15,0.04,432060000,-694023000,278080000,16117000,333886000,693038000,98.94,115.69,82.18,0.0093,0.0043,45.64,2.18,31.41,1.81,0.19,0.6333,0.4389,0.0195,0.22,-2.12,1.5929
2012-06-30,123035765,123035765,1,12569734000,1284033000,6812758000,1128991000,5575023000,181953000,0,298142000,3285497000,641737000,-70392000,-70657000,-0.57,-0.57,0,499324000,-1142400000,643927000,851000,317769000,846926000,97.23,117.05,77.41,0.0693,0.0327,45.31,2.11,16.91,1.77,0.0254,0.5893,0.4435,0.1467,0.22,-2.83,1.1373
2012-03-31,123024218,123024218,1,12025559000,1367109000,6192888000,1110122000,5672636000,160035000,0,298142000,2620615000,718956000,214619000,212171000,1.73,1.68,0.04,426086000,-679666000,33014000,-220566000,316918000,624466000,104.72,119.19,90.26,0.1316,0.0624,46.11,2.35,14.9,1.77,0.0139,0.462,0.4717,0.2739,0.22,-1.61,1.2315
2011-12-31,123260358,123260358,1,11524161000,1479297000,5873023000,1011798000,5488794000,162344000,0,298142000,2528905000,602493000,-111146000,-108540000,-0.91,-0.91,0,499676000,-705934000,533177000,326919000,537484000,705934000,77.86,97.1,58.63,0.166,0.0778,44.53,1.79,9.05,1.73,0.0114,0.4607,0.4763,0.3571,0.21,-1.67,1.462
2011-09-30,116881280,116881280,1,10985043000,1103643000,5788376000,776117000,5071235000,125432000,0,298154000,2587371000,610509000,351464000,344667000,2.96,2.95,0.04,465584000,-613001000,5561000,-141856000,210565000,606238000,82.69,99.64,65.73,0.2195,0.1,43.39,2.05,12.55,1.73,0.0093,0.5102,0.4616,0.5781,0.17,-1.2,1.422
2011-06-30,116782548,116782548,1,10353088000,1071107000,5537124000,755641000,4714932000,101032000,0,298177000,2570978000,583931000,245577000,240730000,2.07,2.03,0,421240000,-576020000,-13450000,-168230000,352421000,530211000,94.24,106.07,82.41,0.1789,0.0799,40.37,2.47,15.79,1.69,0.012,0.5453,0.4554,0.4833,0.16,-0.93,1.4175
2011-03-31,116755591,116755591,1,10025986000,1235593000,5472419000,695864000,4462645000,90922000,0,298145000,2562688000,497130000,348594000,342454000,2.96,2.96,0.04,143214000,334168000,-67891000,409491000,520651000,-371216000,95.09,104.29,85.9,0.1696,0.0744,38.22,2.69,18.68,1.69,0.0133,0.5743,0.4451,0.4737,0.16,4.41,1.7756
2010-12-31,116452149,116452149,1,9679102000,1197183000,5453077000,769220000,4120583000,105442000,0,298182000,2601670000,52315000,80342000,80342000,0.68,0.66,0,383301000,-390654000,40348000,32995000,111160000,317790000,76.48,88,64.97,0.1525,0.0653,35.38,2.2,15.42,1.65,0.0153,0.6314,0.4257,0.3356,0.19,0.56,1.5564
2010-09-30,116096190,116096190,1,9297120000,689476000,5139282000,596221000,4043382000,114456000,0,298413000,2539416000,471372000,112036000,112036000,0.95,0.94,0.04,208508000,-325829000,-2200000,-119521000,78165000,325829000,61.33,67.77,54.89,0.1534,0.0647,34.83,1.81,15.49,1.65,0.0158,0.628,0.4349,0.292,0.22,-1.01,1.1564
2010-06-30,115994034,115994034,1,9112322000,712578000,5054189000,587285000,3935391000,122742000,0,298563000,2531431000,462142000,167576000,167576000,1.42,1.41,0,393851000,-71830000,-158875000,163146000,197686000,81844000,64.36,74,54.72,0.1271,0.0524,33.93,1.98,36.78,1.61,0.0198,0.6432,0.4319,0.2399,0.22,2.69,1.2133
2010-03-31,115929792,115929792,1,8972655000,587026000,5089027000,521687000,3770966000,112662000,0,308831000,2647604000,817428000,245254000,245254000,2.09,2.08,0.04,299363000,-166543000,-125648000,7172000,34540000,156529000,49.38,56.88,41.88,0.0581,0.0235,32.53,1.61,None,1.61,0.0445,0.7021,0.4203,0.1069,0.22,1.23,1.1252
2009-12-31,115550322,115550322,1,8867265000,616118000,5224234000,571191000,3536188000,106843000,0,309259000,2761011000,256427000,61257000,61257000,0.53,0.53,0,132234000,-97994000,-62487000,-28247000,27368000,97994000,41.75,50,33.49,-0.0148,-0.0059,30.6,1.4,None,1.57,None,0.7808,0.3988,None,0.18,0.3,1.0787
2009-09-30,115320979,115320979,1,8681068000,422962000,5146836000,517820000,3447356000,86876000,0,309371000,2867298000,409969000,-7165000,-7165000,-0.06,-0.06,0.04,162497000,-53184000,-118021000,-8708000,55615000,70841000,29.26,36.74,21.78,-0.0507,-0.02,29.89,0.95,None,1.57,None,0.8317,0.3971,None,0.2,0.79,0.8168
2009-06-30,115064128,115064128,1,8872842000,481850000,5331756000,579759000,3541086000,0,0,310551000,2978819000,459343000,-91592000,-91592000,-0.8,-0.8,0,223907000,-88744000,-115316000,19847000,64323000,77623000,23.11,30.56,15.67,-0.0493,-0.0193,30.77,0.75,38.52,1.53,None,0.8412,0.3991,None,0.22,1.27,0.8311
2009-03-31,113983711,113983711,1,9051645000,448708000,5421544000,493391000,3529151000,100950000,0,310563000,3075486000,484245000,-14606000,-14606000,-0.13,-0.13,0.04,24421000,-171063000,142781000,-3861000,44476000,164527000,16.16,20.44,11.88,0.022,0.0083,30.96,0.52,8.88,1.53,0.3089,0.8715,0.3899,0.0338,0.25,-1.23,0.9094
2008-12-31,115616236,115616236,1,9163178000,486911000,5521803000,694997000,3582149000,59226000,0,310563000,2964047000,472641000,-65468000,-65468000,-0.56,-0.56,-0,211665000,-266691000,36546000,-18480000,48337000,406551000,33.15,52.27,14.03,0.0663,0.0244,30.98,1.11,8.11,1.49,0.1616,0.8274,0.3909,0.0941,0.26,-1.69,0.7006
2008-09-30,117689829,117689829,1,9066581000,685398000,5497874000,814050000,3510774000,57933000,0,310563000,2823371000,615779000,-3038000,-3038000,-0.03,-0.03,0.16,302831000,-393238000,113942000,23535000,66817000,380113000,64.22,82.21,46.24,0.154,0.0551,29.83,2.46,12.95,1.49,0.0725,0.8042,0.3872,0.2115,0.26,-0.66,0.842
2008-06-30,119658085,119658085,1,9164937000,858010000,5987780000,1339299000,3126288000,50869000,0,310596000,2642443000,665689000,158829000,158829000,1.34,1.32,0,333050000,-313941000,6853000,25962000,43282000,319341000,65.33,82.16,48.49,0.1938,0.0679,26.13,2.56,16.58,1.33,0.0562,0.8452,0.3411,0.2714,0.25,0.11,0.6406
2008-03-31,119541600,119541600,1,8745967000,688637000,5695063000,1023351000,3050904000,0,0,310861000,2803558000,584178000,129740000,129740000,1.1,1.09,0.14,177682000,-177540000,5007000,5149000,17320000,297267000,43.19,50,36.37,0.1544,0.0555,25.52,1.69,13.98,1.33,0.0708,0.9189,0.3488,0.2351,0.24,-1,0.6729
2007-12-31,119389995,119389995,1,8616981000,765055000,5574259000,994169000,3042722000,0,0,310870000,2755491000,452888000,204728000,204728000,1.74,1.71,0,237343000,-377930000,133401000,-7099000,12171000,737364000,48.89,54.87,42.92,0.1224,0.0452,25.49,1.91,30.56,1.19,0.0879,0.9056,0.3531,0.2033,0.22,-4.19,0.7695
2007-09-30,119485277,119485277,1,8553584000,1307125000,5488858000,1003472000,3064726000,0,0,310872000,2610683000,490447000,101927000,101927000,0.85,0.84,0.14,190613000,-418625000,221206000,-6048000,19271000,355485000,42.64,49.78,35.51,0.0646,0.0247,25.65,1.7,30.46,1.19,0.1675,0.8518,0.3583,0.1105,0.22,-1.38,1.3026
2007-06-30,123161645,123161645,1,8137863000,597222000,5047641000,880191000,3090222000,0,0,309830000,2229988000,483920000,36480000,36480000,0.3,0.3,0,217362000,-538982000,333069000,11968000,25318000,536152000,48.35,54.17,42.53,0.0581,0.0231,25.09,2,27.01,1.05,0.1833,0.7216,0.3797,0.1019,0.23,-2.59,0.6785
2007-03-31,123443862,123443862,1,7700317000,513814000,4717537000,932369000,2982780000,0,0,309869000,1859255000,406094000,29593000,29593000,0.24,0.24,0.13,129997000,-447455000,323643000,6317000,13350000,438647000,40.4,43.62,37.18,0.0763,0.0311,24.16,1.67,6.93,1.05,0.1415,0.6233,0.3874,0.1377,0.23,-2.5,0.5511
2006-12-31,123502029,123502029,1,7355399000,536558000,4370728000,886979000,2984671000,0,0,309908000,1497162000,389840000,27686000,27686000,0.23,0.22,0,110541000,-452597000,249300000,-93039000,7033000,410663000,40.47,44.46,36.48,0.2502,0.1037,24.17,1.67,6.05,0.92,0.0425,0.5016,0.4058,0.453,0.23,-2.43,0.6049
2006-09-30,122617054,122617054,1,6998285000,518155000,4028951000,878487000,2969334000,0,0,310626000,1194556000,432627000,80799000,80799000,0.65,0.64,0.13,182698000,-367179000,-172403000,-356970000,100072000,342236000,41.89,46.7,37.07,0.3085,0.1197,24.22,1.79,6.04,0.92,0.0369,0.4023,0.4243,0.4478,0.27,-1.3,0.5898
2006-06-30,124720168,124720168,1,7067428000,895071000,4152501000,881088000,2914927000,0,0,311346000,1263994000,413908000,88039000,88039000,0.7,0.69,0,158242000,343536000,-89857000,414060000,457042000,309544000,41.59,46.75,36.43,0.3508,0.1247,23.37,1.82,5.53,0.79,0.0345,0.4336,0.4124,0.439,0.28,-1.21,1.0159
2006-03-31,129300537,129300537,1,7109249000,1212638000,4153438000,995081000,2955811000,0,0,311603000,1159763000,396506000,543207000,543207000,4.28,4.28,0.12,303347000,621755000,-900583000,24180000,42982000,341436000,46.22,54.46,37.98,0.3995,0.139,22.86,2.68,12.1,0.79,0.0312,0.3924,0.4158,0.4476,0.31,-0.29,1.2186
2005-12-31,128642016,128642016,1,7329234000,623804000,5112132000,1033355000,2217102000,0,0,311651000,2058412000,661477000,140779000,140779000,1.11,1.08,0,310133000,-155711000,-200039000,-45706000,18802000,220096000,50.69,55.98,45.39,0.2252,0.0754,17.23,3.07,14.78,0.67,0.0558,0.9284,0.3025,0.2252,0.33,0.7,0.6037
2005-09-30,128531071,128531071,1,7227613000,649636000,5103363000,1132176000,2124250000,0,0,306666000,1939296000,568236000,123573000,123573000,0.9,0.88,0.12,317732000,-364909000,52616000,6057000,64508000,428507000,48,56.35,39.66,0.1962,0.0717,16.53,2.58,14.91,0.67,0.0601,0.9129,0.2939,0.2246,0.32,-0.86,0.5738
2005-06-30,141917573,141917573,1,6914577000,544876000,4268944000,885081000,2645633000,0,0,307068000,1394739000,592644000,185559000,185559000,1.32,1.28,0,332561000,243455000,-536165000,42412000,58451000,277047000,40.95,45.24,36.67,0.1706,0.067,18.64,2.35,16.25,0.55,0.0639,0.5272,0.3826,0.2165,0.31,0.39,0.6156
2005-03-31,143985774,143985774,1,6882337000,487861000,4375397000,922999000,2506940000,0,0,307951000,1831938000,550866000,84657000,84657000,0.59,0.58,0.1,334884000,361899000,-688202000,8782000,16039000,237232000,38.86,44.82,32.91,0.1382,0.0561,17.41,1.97,15.93,0.55,0.0859,0.7307,0.3643,0.173,0.32,0.68,0.5286
2004-12-31,143669263,143669263,1,6647241000,312199000,3815461000,544459000,2831780000,0,0,315880000,2385950000,495891000,102048000,102048000,0.7,0.69,0,347074000,-191231000,-151947000,4308000,7257000,160975000,33.83,36.85,30.8,0.1388,0.0593,19.71,1.87,15.17,0.45,0.085,0.8426,0.426,0.1694,0.35,1.3,0.5734
2004-09-30,145805173,145805173,1,6596223000,259219000,3955315000,636860000,2640908000,0,0,333203000,2464902000,454266000,80916000,80916000,0.68,0.67,0.1,239139000,-975756000,723739000,-12263000,2949000,126816000,34.27,37.5,31.03,0.135,0.0582,18.11,2.31,10.78,0.45,0.0992,0.9334,0.4004,0.1574,0.37,0.77,0.407
2004-06-30,120092405,120092405,1,3944461000,247660000,2159548000,459172000,1784913000,0,0,0,1391363000,448371000,69702000,69702000,0.59,0.58,0,264704000,-192233000,-66108000,6190000,15212000,192488000,32.23,35.18,29.27,0.216,0.0968,14.86,2.2,9.92,0.35,0.0317,0.7795,0.4525,0.2396,0.4,0.6,0.5394
2004-03-31,120104666,120104666,1,3928284000,222713000,2170457000,463578000,1757827000,0,0,0,1456695000,448248000,60188000,60188000,0.51,0.5,0.1,253630000,-172301000,-91426000,-10277000,9022000,172586000,32.14,34.68,29.6,0.2326,0.1003,14.64,2.18,9.29,0.35,0.0311,0.8287,0.4475,0.262,0.38,0.67,0.4804
2003-12-31,119345550,119345550,1,3951572000,205115000,2191800000,429752000,1759772000,0,0,0,1555461000,352673000,57374000,57374000,0.48,0.48,0,214561000,-167151000,-40637000,6648000,19299000,167843000,28.95,32.9,25,0.2606,0.1079,14.75,1.99,9.25,0.25,0,0.8839,0.4453,0.3129,0.34,0.39,0.4773
2003-09-30,118027311,118027311,1,3841610000,195738000,2125705000,322831000,1715905000,0,0,0,1621364000,332909000,191813000,191813000,1.64,1.62,0,222465000,-127409000,-94388000,495000,12651000,136703000,24.64,26.52,22.76,0.2512,0.101,14.54,2.05,16.43,0.25,0,0.9449,0.4467,0.3212,0.31,0.73,0.6063
2003-06-30,117838770,117838770,1,3700688000,185228000,2286702000,359179000,1413986000,0,0,0,1710737000,341318000,77185000,77185000,0.66,0.65,0,189864000,-128259000,-57289000,5298000,12156000,138418000,25.65,28.44,22.85,0.1279,0.0502,12,2.14,27,0.25,0,1.2099,0.3821,0.1784,0.28,0.44,0.5157
2003-03-31,117649893,117649893,1,3722407000,184545000,2310452000,356468000,1411955000,0,0,0,1767650000,285295000,84220000,84220000,0.72,0.71,0,136789000,-239481000,100594000,-1632000,6858000,255034000,25.36,27.44,23.27,0.0806,0.0326,12,2.16,115.27,0.25,0,1.2519,0.3793,0.135,0.24,-1.01,0.5177
2002-12-31,117299334,117299334,1,3455116000,147093000,2080219000,274592000,1374897000,0,0,0,1668536000,197685000,18420000,18420000,0.16,0.15,0,103991000,-128694000,7029000,-17012000,8490000,116430000,24.6,27.5,21.7,0.0198,0.008,11.72,2.06,None,0.25,0,1.2136,0.3979,0.0372,0.22,-0.11,0.5357
2002-09-30,117044020,117044020,1,3389478000,135902000,1994378000,204094000,1395100000,0,0,0,1650756000,178753000,-890000,-890000,-0.01,-0.01,0,87654000,-169220000,90403000,8774000,25502000,229115000,22.87,26.23,19.5,-0.0095,-0.0038,11.92,1.87,190.58,0.25,None,1.1833,0.4116,None,0.21,-1.21,0.6659
2002-06-30,116113912,116113912,1,3278808000,136008000,1856914000,224716000,1421894000,0,0,0,1461794000,174338000,11142000,11142000,0.1,0.1,0,90564000,-171445000,81506000,-29000,16728000,178737000,23.02,26.05,20,0.0102,0.004,12.25,2.24,76.73,0.25,0,1.0281,0.4337,0.018,0.22,-0.76,0.6052
2002-03-31,115908657,115908657,1,3163250000,167241000,1971439000,214109000,1191811000,0,0,0,1587853000,166658000,-1959000,-1959000,-0.02,-0.02,0,50036000,-38772000,-8065000,2423000,16757000,90416000,19.2,22.3,16.1,0.0256,0.0095,10.28,1.55,19.2,0.25,0,1.3323,0.3768,0.039,0.24,-0.35,0.7811
2001-12-31,104052756,104052756,1,3271053000,255643000,1985664000,228209000,1285389000,0,0,0,1577304000,170526000,-20863000,-20863000,-0.21,-0.21,0,85635000,-120829000,29148000,-6403000,14334000,165295000,16.46,19.7,13.22,0.092,0.0322,12.35,1.36,7.95,0.25,0,1.2271,0.393,0.1141,0.28,-0.77,1.1202
2001-09-30,98167735,98167735,1,3179787000,261081000,1995657000,246822000,1184130000,0,0,0,1554552000,204471000,24602000,24602000,0.25,0.25,0,122900000,-74422000,-45823000,2510000,20737000,125704000,16,19.38,12.62,0.2066,0.0677,12.06,1.52,6.37,0.25,0,1.3128,0.3724,0.2101,0.32,-0.03,1.0578
2001-06-30,98464954,98464954,1,3062054000,201219000,2023052000,246684000,1039002000,0,0,0,1572227000,231038000,28338000,28338000,0.29,0.28,0,135331000,-138689000,3183000,-78000,18227000,141004000,18.68,23.05,14.3,0.2763,0.0844,10.55,2.18,9.02,0.25,0,1.5132,0.3393,0.2426,0.35,-0.06,0.8157
2001-03-31,98235873,98235873,1,2922208000,158228000,2081236000,311291000,840972000,0,0,0,1550230000,270446000,67919000,67919000,0.69,0.68,0,131734000,-88801000,-50548000,-7854000,18305000,97720000,17.84,20.24,15.45,0.2429,0.0701,8.56,1.94,11.58,0.25,0,1.8434,0.2878,0.206,0.34,0.35,0.5083
2000-12-31,98414096,98414096,1,2954435000,191391000,2049530000,216514000,904905000,0,0,0,1578776000,269896000,84184000,84184000,0.85,0.86,0,145002000,-108575000,-48155000,-11739000,26159000,116131000,16.54,20.63,12.44,0.1813,0.0518,9.19,2.02,21.76,0.25,0,1.7447,0.3063,0.1667,0.31,0.29,0.884
2000-09-30,101532729,101532729,1,2901586000,194669000,2071324000,210807000,830262000,0,0,0,1603213000,257945000,69288000,69288000,0.7,0.69,0,115728000,-3071000,-112977000,-371000,37898000,71296000,13.34,16.06,10.63,0.0945,0.026,8.18,1.64,25.17,0.25,0.0656,1.931,0.2861,0.0939,0.28,0.44,0.9234
2000-06-30,99256386,99256386,1,2933205000,186428000,2127380000,216115000,805825000,0,0,0,1702662000,198354000,-16061000,-16061000,-0.16,-0.16,0,122165000,-42921000,-74024000,5133000,38269000,52221000,12.32,15.63,9,0.0675,0.0182,8.12,1.5,None,0.25,0.1877,2.1129,0.2747,0.0696,0.26,0.7,0.8626
2000-03-31,99617796,99617796,1,2969891000,200965000,2153291000,197876000,816600000,0,0,0,1745818000,186502000,14770000,14770000,0.15,0.15,0,47201000,-39934000,-8912000,-1652000,33136000,60034000,8.75,10.75,6.75,-0.0068,-0.0017,8.2,1.13,None,0.25,None,2.1379,0.275,None,0.24,-0.13,1.0156
1999-12-31,100016779,100016779,1,2929473000,183136000,2154859000,196813000,774614000,0,0,0,1745108000,169035000,8229000,8229000,0.08,0.08,0.05,68527000,-91131000,23975000,1542000,34788000,94992000,9.56,11.5,7.63,-0.0295,-0.0073,7.74,1.26,None,0.25,None,2.2529,0.2644,None,0.23,-0.26,0.9305
1999-09-30,100306273,100306273,1,2897106000,165671000,2133584000,187037000,763522000,0,0,0,1714314000,213165000,46428000,46428000,0.46,0.46,0.05,89328000,85069000,-220485000,-46023000,33246000,32169000,11.1,12.81,9.38,-0.8813,-0.2092,7.61,1.55,None,0.2,None,2.2453,0.2635,None,0.22,0.57,0.8858
1999-06-30,100300023,100300023,1,3083108000,219179000,2365220000,261269000,717888000,0,0,0,1859001000,134744000,-74616000,-74616000,-0.74,-0.74,0,89088000,246979000,-290217000,45706000,79269000,17303000,10.13,13.19,7.06,-0.8218,-0.2187,7.16,1.29,None,0.15,None,2.5895,0.2328,None,0.19,0.72,0.8389
1999-03-31,100300023,100300023,1,3417129000,171280000,2630383000,506611000,786746000,0,0,0,1869134000,193191000,-2501000,-2501000,-0.02,-0.02,0,8291000,-41922000,7658000,-25658000,33563000,47072000,7.38,9.75,5,-0.646,-0.194,7.84,0.94,None,0.15,None,2.3758,0.2302,None,0.19,-0.39,0.3381
1998-12-31,100300023,100300023,1,3481314000,201988000,2692237000,526832000,789077000,0,0,0,1868744000,158966000,-642871000,-642871000,-6.44,-6.44,0,47568000,-84937000,26694000,-10675000,59221000,87555000,11.88,16,7.75,-0.5754,None,7.87,0.84,None,0.15,None,2.3683,0.2267,None,0.19,-0.4,0.3834
1998-09-30,100217893,100217893,1,3992626000,238494000,2568187000,227333000,1424439000,0,0,0,2164259000,178869000,-43902000,-43902000,-0.44,-0.44,0.05,106088000,-100291000,18846000,24592000,70285000,103851000,18.97,24.69,13.25,None,None,14.21,1.3,None,0.15,None,1.5194,0.3568,None,None,0.02,1.0491
1998-06-30,100423593,100423593,1,3998421000,252971000,2527924000,210442000,1470497000,0,0,0,2139084000,185107000,-32809000,-32809000,-0.33,-0.33,0,91369000,-145055000,25281000,-28459000,45693000,148298000,23.66,25.94,21.38,None,None,14.64,1.58,None,0.1,None,1.4547,0.3678,None,None,-0.57,1.2021
1998-03-31,100426887,100426887,1,4005409000,306244000,2500431000,236259000,1504978000,0,0,0,2099155000,198557000,-26844000,-26844000,-0.27,-0.27,0.05,69051000,-186724000,120112000,2439000,74152000,199179000,25.31,30,20.63,None,None,14.99,1.65,None,0.1,None,1.3948,0.3757,None,None,-1.3,1.2962
1997-12-31,100899720,100899720,1,3946590000,308188000,2397745000,261552000,1548845000,0,0,0,1943718000,None,None,None,None,None,0,None,None,None,None,71713000,0,34.72,43.81,25.63,None,None,15.35,1.5,None,0.05,None,1.2549,0.3925,None,None,None,1.1783
1997-09-30,74462613,74462613,1,3796743000,185952000,2078636000,136577000,1718107000,0,0,0,1601145000,151278000,-12566000,-12566000,-0.21,-0.21,0.05,54475000,-86161000,62474000,30788000,40631000,86202000,39.56,44.38,34.75,None,None,23.07,None,None,0.05,None,0.9319,0.4525,None,None,-0.43,1.3615
