"Quarter end","Shares","Shares split adjusted","Split factor","Assets","Current Assets","Liabilities","Current Liabilities","Shareholders equity","Non-controlling interest","Preferred equity","Goodwill & intangibles","Long-term debt","Revenue","Earnings","Earnings available for common stockholders","EPS basic","EPS diluted","Dividend per share","Cash from operating activities","Cash from investing activities","Cash from financing activities","Cash change during period","Cash at end of period","Capital expenditures","Price","Price high","Price low","ROE","ROA","Book value of equity per share","P/B ratio","P/E ratio","Cumulative dividends per share","Dividend payout ratio","Long-term debt to equity ratio","Equity to assets ratio","Net margin","Asset turnover","Free cash flow per share","Current ratio"
2019-06-30,1983914836,1983914836,1,70249000000,18305000000,35254000000,10829000000,34995000000,0,5462000000,42585000000,16694000000,5840000000,3101000000,3101000000,1.37,1.37,0.25,3384000000,809000000,-3915000000,387000000,10669000000,194000000,165.63,174.94,156.32,0.4121,0.1694,14.89,11.41,31.91,4.19,0.1607,0.5653,0.4204,0.5343,0.32,1.61,1.6904
2019-03-31,1984501374,1984501374,1,69865000000,18490000000,35590000000,11380000000,34275000000,0,5464000000,42054000000,16630000000,5494000000,2977000000,2977000000,1.31,1.31,0.25,2064000000,-326000000,-2468000000,-833000000,10282000000,156000000,142.35,156.82,127.88,0.3911,0.1596,14.52,9.92,28.53,3.94,0.1654,0.5772,0.4124,0.5134,0.31,0.96,1.6248
2018-12-31,1995690027,1995690027,1,71655000000,20107000000,37560000000,13389000000,34095000000,0,5464000000,42450000000,16633000000,5506000000,2977000000,2977000000,1.3,1.3,0.25,3294000000,-70000000,-3018000000,138000000,11115000000,157000000,136.58,151.56,121.6,0.3786,0.1547,14.35,9.6,28.69,3.69,0.1647,0.5809,0.3996,0.5061,0.31,1.57,1.5018
2018-09-30,2005311384,2005311384,1,69225000000,18216000000,35219000000,11305000000,34006000000,0,5470000000,42752000000,16630000000,5434000000,2845000000,2845000000,1.24,1.58,0.21,3494000000,-1779000000,-2046000000,-343000000,8162000000,195000000,140.89,150.64,131.15,0.3648,0.1506,14.23,10.23,38.81,3.44,0.1623,0.5828,0.4122,0.4998,0.3,1.65,1.6113
2018-06-30,2022171746,2022171746,1,68175000000,18491000000,34857000000,10934000000,33318000000,0,5470000000,42832000000,16627000000,5240000000,2329000000,2329000000,1,1,0.21,3637000000,-168000000,-2811000000,363000000,8505000000,155000000,126.7,136.69,116.71,0.3438,0.1409,13.77,8.99,36.3,3.23,0.1668,0.5971,0.4085,0.4791,0.29,1.72,1.6911
2018-03-31,2031677174,2031677174,1,69042000000,18536000000,34939000000,9551000000,34103000000,0,5476000000,43909000000,16624000000,5073000000,2605000000,2605000000,1.12,1.11,0.21,2820000000,-430000000,-2512000000,4000000,8142000000,213000000,118.95,126.88,111.02,0.3385,0.1391,14.09,8.73,46.46,3.02,0.1628,0.5807,0.4146,0.4818,0.29,1.28,1.9407
2017-12-31,2048137963,2048137963,1,67154000000,17287000000,33753000000,8363000000,33401000000,0,5476000000,43271000000,16621000000,4862000000,2522000000,2522000000,1.07,1.07,0.195,2762000000,-707000000,-3871000000,-1736000000,8138000000,141000000,109.91,114.92,104.9,0.2679,0.109,13.63,8.31,46.77,2.81,0.2009,0.5952,0.4158,0.3812,0.29,1.28,2.0671
2017-09-30,2058976636,2058976636,1,67977000000,19023000000,35217000000,9994000000,32760000000,0,5526000000,42958000000,16618000000,4855000000,2140000000,2140000000,0.89,0.45,0.17,2767000000,-852000000,380000000,2437000000,9874000000,183000000,100.02,106.84,93.19,0.2556,0.1036,13.23,7.86,33.91,2.62,0.2067,0.6102,0.4006,0.3649,0.28,1.25,1.9034
2017-06-30,2074883420,2074883420,1,64000000000,15718000000,32056000000,9511000000,31944000000,0,5526000000,42331000000,14142000000,4565000000,2059000000,2059000000,0.87,0.86,0.165,3537000000,-681000000,-2061000000,1010000000,7437000000,195000000,92.36,96.6,88.13,0.2477,0.102,12.73,7.67,40.87,2.45,0.1594,0.5353,0.4128,0.3653,0.28,1.61,1.6526
2017-03-31,2091763713,2091763713,1,63227000000,15505000000,32444000000,10206000000,30783000000,0,5597000000,41241000000,14140000000,4477000000,430000000,430000000,0.18,0.18,0.165,396000000,2685000000,-2513000000,603000000,6427000000,146000000,85.27,92.05,78.49,0.1742,0.0761,12.04,6.9,30.56,2.28,0.1429,0.5614,0.3983,0.2878,0.26,0.12,1.5192
2016-12-31,2103534231,2103534231,1,63370000000,14689000000,31644000000,10341000000,31726000000,0,5717000000,41273000000,14138000000,4461000000,2070000000,2070000000,0.86,0.86,0.165,2508000000,-417000000,-1730000000,205000000,5824000000,171000000,79.56,83.96,75.17,0.2126,0.0997,12.36,6.18,29.14,2.12,0.0567,0.5436,0.4104,0.383,0.26,1.11,1.4205
2016-09-30,2113093982,2113093982,1,64035000000,14313000000,31123000000,8046000000,32912000000,0,5717000000,42300000000,15882000000,4261000000,1931000000,1931000000,0.46,1.05,0,2452000000,-757000000,-1991000000,-268000000,5619000000,141000000,78.81,83.79,73.83,0.202,0.101,12.87,5.12,34.41,1.95,0.051,0.584,0.4247,0.3972,0.25,1.09,1.7789
2016-06-30,2131947209,2131947209,1,63867000000,14374000000,31040000000,7783000000,32827000000,0,0,42122000000,15879000000,3630000000,412000000,412000000,0.17,0.17,0,303000000,-8313000000,-1984000000,-10056000000,5887000000,132000000,77.49,81.73,73.25,0.1838,0.1044,15.4,6.35,27.58,1.95,0.1025,0.4837,0.514,0.3872,0.27,0.08,1.8468
2016-03-31,2385000000,2385000000,1,54326000000,24303000000,25195000000,5125000000,29131000000,0,0,23171000000,15876000000,3626000000,1707000000,1707000000,0.71,0.71,0,840000000,4348000000,-2082000000,3106000000,15943000000,124000000,71.56,77,66.12,0.2343,0.1451,12.21,5.3,26.21,1.95,0.1259,0.545,0.5362,0.4802,0.3,0.3,4.742
2015-12-31,2184055680,2184055680,1,54977000000,25473000000,25501000000,5357000000,29476000000,0,0,23173000000,15877000000,3565000000,1941000000,1941000000,0.8,0.8,0.14,1979000000,-6194000000,13534000000,9319000000,12837000000,126000000,74.69,81.01,68.36,0.2307,0.1545,13.5,5.54,29.15,1.95,0.1726,0.5386,0.5362,0.4764,0.32,0.85,4.7551
2015-09-30,2211543324,2211543324,1,40236000000,10892000000,10394000000,5374000000,29842000000,0,0,23186000000,0,3571000000,1512000000,1512000000,0.61,0.61,0.12,1734000000,-159000000,-204000000,1371000000,3518000000,138000000,68.46,76.92,60,0.2208,0.1608,13.49,5.82,28.73,1.81,0.1813,0,0.7417,0.4559,0.35,0.72,2.0268
2015-06-30,2432857650,2432857650,1,39429000000,10068000000,10802000000,5789000000,28627000000,0,0,23200000000,0,3518000000,1697000000,1697000000,0.69,0.69,0.12,2111000000,-719000000,-1284000000,108000000,2147000000,74000000,67.52,70.69,64.35,0.2099,0.1513,11.77,5.85,30.21,1.69,0.1919,0,0.726,0.435,0.35,0.84,1.7392
2015-03-31,2444833500,2444833500,1,38835000000,10105000000,10598000000,5443000000,28237000000,0,0,23132000000,0,3409000000,1550000000,1550000000,0.63,0.63,0.12,978000000,79000000,-1103000000,-46000000,2039000000,88000000,65.47,69.66,61.29,0.2003,0.1442,11.55,5.79,29.29,1.57,0.1959,0,0.7271,0.4214,0.34,0.36,1.8565
2014-12-31,618047000,2472188000,4,38884000000,9864000000,10942000000,5798000000,27942000000,0,0,23148000000,0,3382000000,1569000000,1569000000,2.54,2.53,0.48,1761000000,-636000000,-1012000000,114000000,2085000000,104000000,58.06,67.33,48.8,0.2038,0.147,11.3,5.25,26.97,1.45,0.1867,0,0.7186,0.4331,0.34,0.67,1.7013
2014-09-30,620467600,2481870400,4,38569000000,9562000000,11156000000,6006000000,27413000000,0,0,23164000000,0,3229000000,1073000000,1073000000,1.73,1.72,0.4,1793000000,-499000000,-1380000000,-86000000,1971000000,227000000,54.12,56.19,52.05,0.1995,0.1453,11.05,4.95,24.77,1.33,0.1843,0,0.7108,0.4281,0.34,0.63,1.5921
2014-06-30,623467600,2493870400,4,37675000000,9025000000,10389000000,5314000000,27286000000,0,0,23168000000,0,3155000000,1360000000,1360000000,2.17,2.17,0.4,1942000000,-336000000,-1368000000,238000000,2058000000,109000000,51.63,54.54,48.71,0.2049,0.1511,10.94,4.75,24.44,1.23,0.1735,0,0.7242,0.4465,0.34,0.74,1.6983
2014-03-31,628467600,2513870400,4,37263000000,8507000000,9968000000,4961000000,27295000000,0,0,22998000000,0,3163000000,1598000000,1598000000,2.53,2.52,0.4,1929000000,170000000,-2400000000,-301000000,1820000000,97000000,55.76,58.88,52.63,0.2005,0.1498,10.86,5.23,28.38,1.13,0.1711,0,0.7325,0.4411,0.34,0.73,1.7148
2013-12-31,633467600,2533870400,4,36248000000,7765000000,9234000000,4385000000,27014000000,0,0,23015000000,0,3155000000,1407000000,1407000000,2.21,2.2,0.4,1541000000,-276000000,-1330000000,-65000000,2121000000,120000000,50.36,55.68,45.03,0.189,0.1429,10.66,4.78,26.54,1.03,0.1749,0,0.7453,0.4214,0.34,0.56,1.7708
2013-09-30,637047000,2548188000,4,35956000000,7822000000,9086000000,4335000000,26870000000,0,0,23032000000,0,2973000000,1192000000,1192000000,1.85,1.85,0.33,2045000000,190000000,-1502000000,733000000,2186000000,138000000,46.48,50.22,42.75,0.1838,0.1401,10.54,4.44,22.65,0.93,0.1719,0,0.7473,0.4228,0.33,0.75,1.8044
2013-06-30,644047000,2576188000,4,35285000000,6941000000,8282000000,3671000000,27003000000,0,0,23049000000,0,3001000000,1225000000,1225000000,1.89,1.88,0.33,2157000000,-905000000,-1176000000,76000000,1453000000,122000000,43.31,46.31,40.32,0.1998,0.1491,10.48,4.19,48.12,0.85,0.1455,0,0.7653,0.4724,0.32,0.79,1.8908
2013-03-31,651047000,2604188000,4,35059000000,6914000000,8164000000,3539000000,26895000000,0,0,23066000000,0,2958000000,1270000000,1270000000,1.93,1.93,0.33,1644000000,416000000,-2017000000,43000000,1377000000,111000000,40.61,42.74,38.48,0.0881,0.0638,10.33,3.9,45.25,0.77,0.305,0,0.7671,0.215,0.3,0.59,1.9537
2012-12-31,662047000,2648188000,4,35859000000,7387000000,8271000000,3747000000,27588000000,0,0,23084000000,0,2846000000,1293000000,1293000000,1.94,1.93,0.33,-2824000000,-865000000,2949000000,-740000000,1334000000,100000000,35.92,38.13,33.72,0.0876,0.0636,10.42,3.48,45.61,0.69,0.2745,0,0.7693,0.2246,0.28,-1.1,1.9714
2012-09-30,669047000,2676188000,4,40013000000,11786000000,12383000000,7954000000,27630000000,0,0,23101000000,0,2731000000,1662000000,1662000000,2.48,2.47,0.22,1369000000,-471000000,-393000000,516000000,2074000000,106000000,31.96,34.16,29.77,0.0782,0.0567,10.32,3.27,65.56,0.6,0.2754,0,0.6905,0.2057,0.28,0.47,1.4818
2012-06-30,669223000,2676892000,4,38741000000,10899000000,12583000000,7854000000,26158000000,0,0,23118000000,0,2565000000,-1839000000,-1839000000,-2.73,-2.73,0.22,1257000000,-1173000000,-560000000,-484000000,1558000000,108000000,29.66,31.34,27.98,0.0503,0.0373,9.77,2.8,19.42,0.55,0.401,0,0.6752,0.1352,0.28,0.43,1.3877
2012-03-31,673223000,2692892000,4,36846000000,10295000000,8325000000,3587000000,28521000000,0,0,23105000000,0,2578000000,1292000000,1292000000,1.92,1.92,0.22,1097000000,-964000000,-37000000,96000000,2042000000,61000000,27.38,30.18,24.58,0.1553,0.1186,10.59,2.7,20.21,0.49,0.1195,0,0.7741,0.4279,0.28,0.38,2.8701
2011-12-31,672223000,2688892000,4,35768000000,9978000000,8467000000,3537000000,27301000000,0,0,23122000000,0,2547000000,1029000000,1029000000,1.5,1.49,0.22,1286000000,194000000,-1665000000,-185000000,1942000000,99000000,23.14,25.86,20.43,0.1433,0.1089,10.15,2.4,17.94,0.44,0.1213,0,0.7633,0.3996,0.27,0.44,2.821
2011-09-30,686584500,2746338000,4,34760000000,9190000000,8323000000,3451000000,26437000000,0,0,23104000000,0,2383000000,880000000,880000000,1.28,1.27,0.15,868000000,-1874000000,-450000000,-1473000000,2127000000,117000000,21.36,23.69,19.03,0.1401,0.1061,9.63,2.27,17.3,0.38,0.1149,0,0.7606,0.3973,0.27,0.27,2.663
2011-06-30,690584500,2762338000,4,34447000000,9516000000,8395000000,3531000000,26050000000,2000000,0,23121000000,0,2322000000,1005000000,1005000000,1.43,1.43,0.15,1395000000,-229000000,-1075000000,88000000,3600000000,89000000,20.06,21.84,18.28,0.138,0.104,9.43,2.16,17.91,0.35,0.1159,0,0.7562,0.3972,0.26,0.47,2.695
2011-03-31,704584500,2818338000,4,34422000000,9606000000,8268000000,3465000000,26151000000,3000000,0,23052000000,0,2245000000,881000000,881000000,1.24,1.23,0.15,603000000,-123000000,-658000000,-172000000,3512000000,72000000,18.07,19.27,16.88,0.1284,0.0968,9.28,2.02,17.13,0.31,0.1235,0,0.7597,0.3772,0.26,0.19,2.7723
2010-12-31,712999000,2851996000,4,33989000000,9355000000,8445000000,3679000000,25541000000,3000000,0,22910000000,0,2238000000,884000000,884000000,1.23,1.23,0.15,1006000000,-73000000,-1121000000,-183000000,3684000000,75000000,18.54,20.44,16.63,0.1245,0.0934,8.96,2.15,18.49,0.27,0.127,0,0.7514,0.37,0.25,0.33,2.5428
2010-09-30,725975000,2903900000,4,33408000000,8734000000,8394000000,3498000000,25011000000,3000000,0,22925000000,0,2117000000,774000000,774000000,1.06,1.05,0.13,893000000,-1894000000,-340000000,-1338000000,3867000000,95000000,17.84,19.45,16.23,0.1221,0.0913,8.61,2.11,19.55,0.23,0.1273,0,0.7487,0.3678,0.25,0.27,2.4969
2010-06-30,729975000,2919900000,4,32696000000,9850000000,8016000000,3482000000,24676000000,4000000,0,21091000000,0,2029000000,716000000,716000000,0.98,0.97,0.13,1218000000,-62000000,-507000000,645000000,5205000000,65000000,20.69,24.3,17.07,0.1136,0.0841,8.45,2.54,22.74,0.2,0.1321,0,0.7547,0.3457,0.24,0.39,2.8288
2010-03-31,736688000,2946752000,4,32068000000,9115000000,8081000000,3537000000,23983000000,4000000,0,21091000000,0,1959000000,713000000,713000000,0.96,0.97,0.13,609000000,30000000,-243000000,400000000,4560000000,41000000,21.77,23.41,20.14,0.1164,0.0845,8.14,2.75,25.76,0.17,0.1267,0,0.7479,0.3653,0.23,0.19,2.577
2009-12-31,739688000,2958752000,4,31715000000,8753000000,8238000000,3637000000,23472000000,5000000,0,21091000000,0,1960000000,763000000,763000000,1.03,1.02,0.125,-29000000,22000000,-452000000,-457000000,4160000000,37000000,19.53,22.42,16.64,0.111,0.0791,7.93,2.5,25.2,0.14,0.129,0,0.7401,0.3564,0.22,-0.02,2.4067
2009-09-30,743688000,2974752000,4,32281000000,9241000000,9088000000,4442000000,23189000000,4000000,0,21091000000,0,1879000000,514000000,514000000,0.69,0.69,0.1,-209000000,875000000,-260000000,417000000,4617000000,101000000,16.63,18.75,14.5,0.1049,0.0731,7.8,2.17,None,0.11,0.1338,0,0.7183,0.3405,0.21,-0.1,2.0804
2009-06-30,743968295,2975873180,4,32624000000,9562000000,9825000000,4435000000,22794000000,5000000,0,21096000000,0,1646000000,729000000,729000000,0.97,0.96,0.11,349000000,-1000000,477000000,837000000,4200000000,69000000,15.61,17.81,13.41,None,None,7.66,2.13,None,0.08,None,0,0.6987,None,None,0.09,2.156
2009-03-31,755167813,3020671252,4,31964000000,8225000000,9840000000,4243000000,22120000000,4000000,0,21096000000,0,1647000000,536000000,536000000,0.71,0.71,0.105,233000000,55000000,464000000,750000000,3363000000,68000000,12.47,14.49,10.45,None,None,7.32,1.74,None,0.05,None,0,0.692,None,None,0.05,1.9385
2008-12-31,755030908,3020123632,4,31822000000,8089000000,10177000000,4612000000,21640000000,5000000,0,21096000000,0,1739000000,574000000,574000000,0.74,0.74,0.105,185000000,901000000,-3432000000,-2366000000,2613000000,68000000,13.21,15.53,10.88,None,None,7.17,1.84,None,0.03,None,0,0.68,None,None,0.04,1.7539
2008-09-30,774710051,3098840204,4,34981000000,11174000000,12704000000,7165000000,22277000000,0,0,21096000000,0,None,None,None,None,None,0,274000000,-1025000000,-27000000,-778000000,4979000000,96000000,17.29,20.6,13.97,None,None,7.19,2.36,None,0,None,0,0.6368,None,None,0.06,1.5595
2008-06-30,774194133,3096776532,4,34442000000,10761000000,11766000000,6065000000,22676000000,0,0,21022000000,0,1613000000,422000000,422000000,0.51,0.51,0,509000000,30000000,182000000,721000000,5762000000,86000000,18.77,22.46,15.08,None,None,7.32,2.61,None,0,None,0,0.6584,None,None,0.14,1.7743
2008-03-31,775259231,3101036924,4,33869000000,10086000000,11554000000,5841000000,22315000000,0,0,21099000000,0,1453000000,314000000,314000000,0.39,0.39,0,None,None,None,None,5041000000,0,15.5,17.25,13.75,None,None,7.2,None,None,0,None,0,0.6589,None,None,None,1.7268
