"Quarter end","Shares","Shares split adjusted","Split factor","Assets","Current Assets","Liabilities","Current Liabilities","Shareholders equity","Non-controlling interest","Preferred equity","Goodwill & intangibles","Long-term debt","Revenue","Earnings","Earnings available for common stockholders","EPS basic","EPS diluted","Dividend per share","Cash from operating activities","Cash from investing activities","Cash from financing activities","Cash change during period","Cash at end of period","Capital expenditures","Price","Price high","Price low","ROE","ROA","Book value of equity per share","P/B ratio","P/E ratio","Cumulative dividends per share","Dividend payout ratio","Long-term debt to equity ratio","Equity to assets ratio","Net margin","Asset turnover","Free cash flow per share","Current ratio"
2019-03-31,4231093914,4231093914,1,356189000000,51576000000,158168000000,66632000000,191222000000,6799000000,0,0,19031000000,61646000000,2350000000,2350000000,0.55,0.55,0.82,8338000000,-5793000000,-1044000000,1544000000,4586000000,5199000000,74.63,82,67.25,0.0975,0.0528,45.19,1.65,15.29,40.38,0.7489,0.0995,0.5369,0.0673,0.78,0.74,0.774
2018-12-31,4234802431,4234802431,1,346196000000,47973000000,147668000000,57138000000,191794000000,6734000000,0,0,20538000000,68253000000,6000000000,6000000000,1.41,1.41,0.82,8607000000,-5584000000,-5501000000,-2627000000,3042000000,6094000000,75.77,86.89,64.65,0.11,0.0596,45.29,1.69,13.93,39.56,0.6562,0.1071,0.554,0.0746,0.8,0.59,0.8396
2018-09-30,4233807170,4233807170,1,354628000000,53975000000,157797000000,65288000000,190365000000,6466000000,0,0,20624000000,74187000000,6240000000,6240000000,1.46,1.46,0.82,11108000000,-3907000000,-4959000000,2239000000,5669000000,5204000000,81.94,87.36,76.51,0.1233,0.0663,44.96,1.85,16.69,38.74,0.5799,0.1083,0.5368,0.0907,0.73,1.39,0.8267
2018-06-30,4233810348,4233810348,1,348790000000,50555000000,155257000000,62447000000,187222000000,6311000000,0,0,20720000000,71456000000,3950000000,3950000000,0.92,0.92,0.82,7780000000,-5096000000,-3244000000,-695000000,3430000000,4927000000,77.97,83.79,72.16,0.1124,0.06,44.22,1.75,16.35,37.92,0.6328,0.1107,0.5368,0.0845,0.71,0.67,0.8096
2018-03-31,4233834437,4233834437,1,348826000000,48315000000,153915000000,60306000000,188195000000,6716000000,0,0,20781000000,65436000000,4650000000,4650000000,1.09,1.09,0.77,8519000000,-1859000000,-5742000000,948000000,4125000000,3349000000,80.98,89.3,72.67,0.1104,0.0586,44.45,1.83,17.49,37.1,0.6412,0.1104,0.5395,0.085,0.69,1.22,0.8012
2017-12-31,4237462159,4237462159,1,348691000000,47134000000,154191000000,57771000000,187688000000,6812000000,0,0,24406000000,44834000000,8380000000,8380000000,1.97,1.97,0.77,7411000000,-6536000000,-1837000000,-1089000000,3177000000,4501000000,82.19,84.36,80.01,0.1086,0.0569,44.29,1.91,26.77,36.33,0.6578,0.13,0.5383,0.0831,0.68,0.69,0.8159
2017-09-30,4237106077,4237106077,1,349427000000,45752000000,160229000000,53777000000,182276000000,6922000000,0,0,24869000000,66165000000,3970000000,3970000000,0.93,0.93,0.77,7535000000,-2555000000,-4988000000,224000000,4266000000,4913000000,79.27,82.49,76.05,0.0737,0.0381,43.02,1.87,28.62,35.56,0.9849,0.1364,0.5216,0.0529,0.72,0.62,0.8508
2017-06-30,4237105828,4237105828,1,343012000000,42180000000,157174000000,50949000000,179178000000,6660000000,0,0,24750000000,62876000000,3350000000,3350000000,0.78,0.78,0.77,6947000000,-2878000000,-5059000000,-855000000,4042000000,3098000000,81.47,83.69,79.26,0.0674,0.0345,42.29,1.95,33.95,34.79,1.083,0.1381,0.5224,0.049,0.7,0.91,0.8279
2017-03-31,4237265503,4237265503,1,344209000000,43131000000,160438000000,53374000000,177151000000,6620000000,0,0,25124000000,63287000000,4010000000,4010000000,0.95,0.95,0.75,8173000000,-3761000000,-3246000000,1240000000,4897000000,2890000000,85.83,91.34,80.31,0.0586,0.0296,41.81,2.13,45.65,34.02,1.2458,0.1418,0.5147,0.0431,0.69,1.25,0.8081
2016-12-31,4146513819,4146513819,1,330314000000,41416000000,156484000000,47638000000,167325000000,6505000000,0,0,28932000000,53530000000,1680000000,1680000000,0.41,0.41,0.75,7396000000,-1672000000,-6746000000,-1436000000,3657000000,3887000000,87.99,93.22,82.76,0.0461,0.0231,40.35,2.14,41.12,33.27,1.5761,0.1729,0.5066,0.0359,0.65,0.85,0.8694
2016-09-30,4146693326,4146693326,1,339386000000,42945000000,162376000000,50021000000,170597000000,6413000000,0,0,28916000000,58677000000,2650000000,2650000000,0.63,0.63,0.75,5355000000,-3235000000,-1296000000,735000000,5093000000,3404000000,88.92,95.55,82.29,0.0523,0.0263,41.14,2.16,35.29,32.52,1.3734,0.1695,0.5027,0.041,0.64,0.47,0.8585
2016-06-30,4146650051,4146650051,1,342473000000,45828000000,165598000000,51504000000,170591000000,6284000000,0,0,29499000000,57694000000,1700000000,1700000000,0.41,0.41,0.75,4519000000,-3147000000,-1775000000,-488000000,4358000000,4271000000,87.91,93.83,81.99,0.0616,0.0309,41.14,2.12,28.27,31.77,1.1593,0.1729,0.4981,0.0464,0.67,0.06,0.8898
2016-03-31,4146611352,4146611352,1,342789000000,44251000000,164291000000,48726000000,172187000000,6311000000,0,0,29568000000,48707000000,1810000000,1810000000,0.43,0.43,0.73,4812000000,-4349000000,524000000,1141000000,4846000000,4601000000,78.32,85.1,71.55,0.0759,0.0381,41.52,1.9,20.34,31.02,0.9325,0.1717,0.5023,0.0541,0.7,0.05,0.9082
2015-12-31,4152756609,4152756609,1,336758000000,42623000000,159948000000,53976000000,170811000000,5999000000,0,0,19925000000,53166000000,2780000000,2780000000,0.67,0.67,0.73,4380000000,-5324000000,413000000,-591000000,3705000000,6136000000,80.23,87.44,73.03,0.0942,0.0472,41.13,1.96,16.96,30.29,0.743,0.1166,0.5072,0.0622,0.76,-0.42,0.7897
2015-09-30,4162938512,4162938512,1,340662000000,47234000000,163823000000,54828000000,170723000000,6116000000,0,0,19839000000,67344000000,4240000000,4240000000,1.01,1.01,0.73,9174000000,-5657000000,-3402000000,-47000000,4296000000,6401000000,75.04,83.53,66.55,0.1158,0.0577,41.01,1.81,13.38,29.56,0.5949,0.1162,0.5012,0.0712,0.81,0.67,0.8615
2015-06-30,4169448719,4169448719,1,348260000000,51647000000,169262000000,58372000000,172668000000,6330000000,0,0,19431000000,71360000000,4190000000,4190000000,1,1,0.73,8792000000,-6491000000,-3194000000,-841000000,4343000000,7109000000,86.44,90.09,82.8,0.136,0.0682,41.41,2.11,12.98,28.83,0.4941,0.1125,0.4958,0.0742,0.92,0.4,0.8848
2015-03-31,4181108290,4181108290,1,342961000000,50658000000,165515000000,55933000000,171227000000,6219000000,0,0,19494000000,67618000000,4940000000,4940000000,1.17,1.17,0.69,7998000000,-6352000000,-854000000,568000000,5184000000,6844000000,88.06,93.45,82.68,0.1604,0.0808,40.95,2.12,11.6,28.1,0.4106,0.1138,0.4993,0.0799,1.01,0.28,0.9057
2014-12-31,4194690266,4194690266,1,349493000000,52910000000,168429000000,64633000000,174399000000,6665000000,0,0,11653000000,73684000000,6570000000,6570000000,1.55,1.55,0.69,7415000000,-8847000000,1197000000,-346000000,4616000000,8884000000,91.69,97.2,86.19,0.1826,0.092,41.58,2.15,11.53,27.41,0.3525,0.0668,0.499,0.0825,1.11,-0.35,0.8186
2014-09-30,4234528643,4234528643,1,352764000000,58595000000,165269000000,65984000000,180587000000,6908000000,0,0,11591000000,107490000000,8070000000,8070000000,1.89,1.89,0.69,12396000000,-7645000000,-5673000000,-1121000000,4962000000,8198000000,99.19,104.76,93.62,0.1927,0.0972,42.65,2.33,12.64,26.72,0.3292,0.0642,0.5119,0.0814,1.19,0.99,0.888
2014-06-30,4264692028,4264692028,1,358586000000,64013000000,170455000000,69529000000,181155000000,6976000000,0,0,11817000000,106158000000,8780000000,8780000000,2.05,2.05,0.69,10202000000,-4177000000,-5596000000,482000000,6083000000,8542000000,100.42,104.61,96.24,0.1946,0.097,42.48,2.44,13.66,26.03,0.3262,0.0652,0.5052,0.0808,1.2,0.39,0.9207
2014-03-31,4294374730,4294374730,1,353033000000,61864000000,170142000000,70108000000,176398000000,6493000000,0,0,12144000000,106773000000,9100000000,9100000000,2.1,2.1,0.63,15103000000,-6306000000,-7816000000,957000000,5601000000,7328000000,95.23,101.22,89.25,0.1878,0.0927,41.08,2.36,12.92,25.34,0.3404,0.0688,0.4997,0.0768,1.21,1.81,0.8824
2013-12-31,4321238544,4321238544,1,346808000000,59308000000,166313000000,71724000000,174003000000,6492000000,0,0,6891000000,100786000000,8350000000,8350000000,1.91,1.91,0.63,10208000000,-6712000000,-4178000000,-666000000,4644000000,8426000000,93.27,101.74,84.79,0.1928,0.0947,40.27,2.41,12.18,24.71,0.3309,0.0396,0.5017,0.0774,1.22,0.41,0.8269
2013-09-30,4368513787,4368513787,1,347564000000,61303000000,172086000000,72749000000,169245000000,6233000000,0,0,7404000000,108390000000,7870000000,7870000000,1.79,1.79,0.63,13431000000,-8942000000,-3889000000,701000000,5310000000,9098000000,90.55,95.49,85.61,0.2047,0.1003,38.74,2.41,11.38,24.08,0.3105,0.0437,0.4869,0.0842,1.19,0.99,0.8427
2013-06-30,4401631689,4401631689,1,341615000000,62844000000,170027000000,72688000000,165647000000,5941000000,0,0,7496000000,102853000000,6860000000,6860000000,1.55,1.55,0.63,7683000000,-8493000000,-715000000,-1605000000,4609000000,8651000000,89.26,93.5,85.02,0.2157,0.1063,37.63,2.38,9.09,23.45,0.2915,0.0453,0.4849,0.0868,1.22,-0.22,0.8646
2013-03-31,4446375887,4446375887,1,339639000000,62594000000,166562000000,70084000000,167001000000,6076000000,0,0,7475000000,108807000000,9500000000,9500000000,2.12,2.12,0.57,13592000000,-10054000000,-6694000000,-3368000000,6214000000,7494000000,89.59,91.93,87.24,0.2713,0.1343,37.56,2.42,9.24,22.82,0.2297,0.0448,0.4917,0.1026,1.31,1.37,0.8931
2012-12-31,4480449635,4480449635,1,333795000000,64460000000,162135000000,64139000000,165863000000,5797000000,0,0,7928000000,86001000000,9950000000,9950000000,2.17,2.2,0.57,13224000000,-9002000000,-7725000000,-3473000000,9582000000,10057000000,85.4,93.67,77.13,0.2752,0.1336,37.02,2.34,9.02,22.25,0.2224,0.0478,0.4969,0.099,1.35,0.71,1.005
2012-09-30,4559342639,4559342639,1,335191000000,72138000000,162836000000,70061000000,166713000000,5642000000,0,0,8928000000,115706000000,9570000000,9570000000,2.09,2.09,0.57,13442000000,-7492000000,-10860000000,-4747000000,13055000000,8026000000,87.7,92.57,82.83,0.2767,0.1322,36.57,2.49,9.22,21.68,0.2175,0.0536,0.4974,0.0945,1.4,1.19,1.0296
2012-06-30,4615939496,4615939496,1,329645000000,72797000000,161660000000,70136000000,162811000000,5174000000,0,0,8877000000,127363000000,15910000000,15910000000,3.41,3.41,0.57,10217000000,-3756000000,-7153000000,-868000000,17802000000,8345000000,82.4,87.67,77.13,0.2862,0.1357,35.27,2.45,9.95,21.11,0.2062,0.0545,0.4939,0.0941,1.44,0.41,1.0379
2012-03-31,4676165291,4676165291,1,345152000000,76160000000,181035000000,79994000000,157012000000,7105000000,0,0,9231000000,124053000000,9450000000,9450000000,2,2,0.47,19287000000,-5351000000,-8130000000,6006000000,18670000000,7843000000,85.56,87.94,83.19,0.256,0.1203,33.58,2.61,10.16,20.54,0.2246,0.0588,0.4549,0.0836,1.44,2.45,0.9521
2011-12-31,4713220567,4713220567,1,331052000000,72963000000,170308000000,77505000000,154396000000,6348000000,0,0,9322000000,102209000000,9400000000,9400000000,1.96,1.97,0.47,10751000000,-2012000000,-7045000000,1642000000,12664000000,8634000000,77.42,85.63,69.21,0.266,0.1263,32.76,2.38,9.32,20.07,0.2173,0.0604,0.4664,0.0879,1.44,0.45,0.9414
2011-09-30,4793207715,4793207715,1,323227000000,69376000000,161015000000,74971000000,155939000000,6273000000,0,0,9331000000,125330000000,10330000000,10330000000,2.13,2.13,0.47,14849000000,-4296000000,-7397000000,2735000000,11022000000,7478000000,76.22,85.41,67.03,0.2683,0.1287,32.53,2.38,10,19.6,0.2172,0.0598,0.4824,0.087,1.48,1.54,0.9254
2011-06-30,4862114833,4862114833,1,326204000000,72305000000,164369000000,74533000000,155551000000,6284000000,0,0,12123000000,125486000000,10680000000,10680000000,2.19,2.18,0.47,12889000000,-10504000000,-7065000000,-4546000000,8287000000,7812000000,82.42,88.13,76.72,0.2533,0.1215,31.99,2.68,11.71,19.13,0.2334,0.0779,0.4769,0.0862,1.41,1.04,0.9701
2011-03-31,4926085717,4926085717,1,319533000000,72022000000,162002000000,73576000000,151480000000,6051000000,0,0,12316000000,114004000000,10650000000,10650000000,2.14,2.14,0.44,16856000000,-5353000000,-6749000000,5008000000,12833000000,7051000000,80.94,88.23,73.64,0.2386,0.1148,30.75,2.73,12.99,18.66,0.253,0.0813,0.4741,0.0855,1.34,1.99,0.9789
2010-12-31,4958598361,4958598361,1,302510000000,58984000000,149831000000,62633000000,146839000000,5840000000,0,0,12227000000,105186000000,9250000000,9250000000,1.88,1.86,0.44,13055000000,-7080000000,-10430000000,-4419000000,7825000000,7670000000,67.75,73.69,61.8,0.2237,0.1072,29.61,2.36,11.99,18.22,0.2828,0.0833,0.4854,0.0795,1.35,1.09,0.9417
2010-09-30,5042556546,5042556546,1,299994000000,62633000000,149394000000,61740000000,145031000000,5569000000,0,0,15248000000,95298000000,7350000000,7350000000,1.44,1.44,0.44,13077000000,-6879000000,-7697000000,-1008000000,12244000000,7801000000,59.47,62.99,55.94,0.2145,0.1022,28.76,2.16,11.46,17.78,0.3087,0.1051,0.4834,0.0741,1.38,1.05,1.0145
2010-06-30,5091804265,5091804265,1,291068000000,62216000000,145701000000,57821000000,140172000000,5195000000,0,0,17486000000,92486000000,7560000000,7560000000,1.61,1.6,0.44,9235000000,-5078000000,-4177000000,-490000000,13252000000,5644000000,63.46,70,56.92,0.2095,0.0989,27.53,2.65,14.42,17.34,0.3324,0.1247,0.4816,0.0694,1.42,0.71,1.076
2010-03-31,4698053742,4698053742,1,242748000000,61696000000,125082000000,57744000000,112541000000,5125000000,0,0,7054000000,90251000000,6300000000,6300000000,1.33,1.33,0.42,13046000000,-5167000000,-4620000000,3049000000,13742000000,5756000000,67.08,70.6,63.56,0.1925,0.0904,23.95,2.86,16.81,16.9,0.3789,0.0627,0.4636,0.0624,1.45,1.55,1.0684
2009-12-31,4721273113,4721273113,1,233323000000,55235000000,117931000000,52061000000,110569000000,4823000000,0,0,7129000000,89841000000,6050000000,6050000000,1.28,1.28,0.42,8504000000,-6422000000,-3895000000,-1779000000,10693000000,6763000000,71.33,76.54,66.11,0.1788,0.0848,23.42,3.16,16.7,16.48,0.4122,0.0645,0.4739,0.0621,1.37,0.37,1.061
2009-09-30,4747283776,4747283776,1,229307000000,57324000000,117202000000,52933000000,107265000000,4840000000,0,0,7185000000,82260000000,4730000000,4730000000,0.98,0.98,0.42,8827000000,-6284000000,-6028000000,-3104000000,12472000000,5490000000,68.63,72.79,64.46,0.1941,0.0931,22.6,3.09,11.16,16.05,0.3772,0.067,0.4678,0.0689,1.35,0.7,1.083
2009-06-30,4805790141,4805790141,1,224661000000,59496000000,113508000000,51614000000,106592000000,4561000000,0,0,7117000000,74457000000,3950000000,3950000000,0.82,0.81,0.42,2197000000,-4973000000,-7255000000,-9396000000,15576000000,5565000000,69.66,74.83,64.5,0.2758,0.1338,22.18,3.18,9.21,15.63,0.2562,0.0668,0.4745,0.0863,1.55,-0.7,1.1527
2009-03-31,4879710154,4879710154,1,222491000000,64818000000,111113000000,49505000000,107003000000,4375000000,0,0,7041000000,64028000000,4550000000,4550000000,0.92,0.92,0.4,8910000000,-4740000000,-10105000000,-6465000000,24972000000,4673000000,72.3,82.73,61.86,0.3308,0.1598,21.93,3.16,8.34,15.21,0.2068,0.0658,0.4809,0.0916,1.74,0.87,1.3093
2008-12-31,4941630490,4941630490,1,228052000000,72266000000,115087000000,49100000000,112965000000,0,0,0,7025000000,84696000000,7820000000,7820000000,1.57,1.56,0.4,10484000000,-2627000000,-11403000000,-5237000000,31437000000,5325000000,70.08,83.64,56.51,0.372,0.1792,22.86,2.85,7.58,14.81,0.1755,0.0622,0.4953,0.0947,1.89,1.04,1.4718
2008-09-30,5086649128,5086649128,1,256218000000,96021000000,130932000000,67631000000,125286000000,0,0,0,7383000000,137737000000,14830000000,14830000000,2.89,2.86,0.4,14403000000,-4104000000,-10420000000,-2294000000,36674000000,5142000000,80.57,89.63,71.51,0.3964,0.1918,24.63,3.35,9.96,14.41,0.1597,0.0589,0.489,0.0963,1.99,1.82,1.4198
2008-06-30,5194003020,5194003020,1,266758000000,103982000000,141932000000,77233000000,124826000000,0,0,0,7327000000,138072000000,11680000000,11680000000,2.25,2.22,0.4,13418000000,-4468000000,-10851000000,-1945000000,38968000000,4872000000,90.19,96.12,84.26,0.3575,0.1739,24.03,3.87,11.71,14.01,0.1767,0.0587,0.4679,0.0921,1.89,1.65,1.3463
2008-03-31,5283694459,5283694459,1,258202000000,97758000000,135063000000,70983000000,123139000000,0,0,0,7235000000,116854000000,10890000000,10890000000,2.05,2.03,0.35,21420000000,-4300000000,-11353000000,6932000000,40913000000,3979000000,86.14,94.74,77.55,0.3519,0.175,23.31,3.78,11.82,13.61,0.1794,0.0588,0.4769,0.0972,1.8,3.3,1.3772
2007-12-31,5350027205,5350027205,1,242082000000,85963000000,120320000000,58312000000,121762000000,0,0,0,7183000000,116642000000,11660000000,11660000000,2.16,2.14,0.35,11335000000,337000000,-9407000000,2558000000,33981000000,4560000000,89.32,95.27,83.37,0.345,0.1746,22.76,4.11,12.93,13.26,0.1854,0.059,0.503,0.1004,1.74,1.27,1.4742
2007-09-30,5463625615,5463625615,1,236661000000,85247000000,118058000000,55920000000,118603000000,0,0,0,6896000000,102337000000,9410000000,9410000000,1.72,1.7,0.35,15063000000,-3742000000,-9777000000,2464000000,31423000000,3935000000,86.21,93.66,78.76,0.3387,0.1728,21.71,4.11,12.35,12.91,0.1908,0.0581,0.5012,0.1037,1.67,2.04,1.5244
2007-06-30,5546261560,5546261560,1,228315000000,80720000000,111965000000,51916000000,116350000000,0,0,0,6757000000,98350000000,10260000000,10260000000,1.85,1.83,0.35,11318000000,-3085000000,-9656000000,-1035000000,28959000000,3786000000,80.93,86.58,75.28,0.3496,0.1801,20.98,3.99,11.78,12.56,0.1845,0.0581,0.5096,0.1074,1.68,1.36,1.5548
2007-03-31,5633270055,5633270055,1,223299000000,78065000000,109189000000,50590000000,114110000000,0,0,0,6758000000,87223000000,9280000000,9280000000,1.64,1.62,0.32,14286000000,-3238000000,-9505000000,1750000000,29994000000,3106000000,72.69,76.35,69.02,0.3509,0.182,20.26,3.63,10.98,12.21,0.1831,0.0592,0.511,0.1074,1.69,1.98,1.5431
2006-12-31,5693398774,5693398774,1,219015000000,75777000000,105171000000,48817000000,113844000000,0,0,0,6645000000,90028000000,10250000000,10250000000,1.77,1.76,0.32,8862000000,-3466000000,-10076000000,-4490000000,28244000000,4161000000,67.71,79,56.42,0.3445,0.1796,20,3.39,10.31,11.89,0.1906,0.0584,0.5198,0.1046,1.72,0.83,1.5523
2006-09-30,5832488445,5832488445,1,223947000000,81753000000,107354000000,54804000000,116593000000,0,0,0,6464000000,99593000000,10490000000,10490000000,1.79,1.77,0.32,14497000000,-3988000000,-9759000000,621000000,32734000000,3715000000,66.42,71.22,61.63,0.3505,0.1839,19.99,3.41,10.41,11.57,0.1871,0.0554,0.5206,0.1033,1.78,1.85,1.4917
2006-06-30,5944957050,5944957050,1,221010000000,80658000000,105246000000,51554000000,115764000000,0,0,0,6393000000,99034000000,10360000000,10360000000,1.74,1.72,0.32,11296000000,-3273000000,-8373000000,168000000,32113000000,3856000000,60.82,65,56.64,0.3522,0.1843,19.47,3.27,10.38,11.25,0.1882,0.0552,0.5238,0.1015,1.82,1.25,1.5645
2006-03-31,6050323935,6050323935,1,216002000000,78474000000,103539000000,51434000000,112463000000,0,0,0,6255000000,88980000000,8400000000,8400000000,1.38,1.37,0.32,14631000000,-3503000000,-8002000000,3274000000,31945000000,3730000000,60.19,63.96,56.42,0.3363,0.1755,18.59,3.31,10.54,10.93,0.2002,0.0556,0.5207,0.0971,1.81,1.8,1.5257
2005-12-31,6106332510,6106332510,1,208335000000,73342000000,97149000000,46307000000,111186000000,0,0,0,6220000000,99344000000,10710000000,10710000000,1.72,1.71,0.29,10390000000,-2891000000,-7971000000,-569000000,28671000000,3899000000,59.2,63.89,54.5,0.3382,0.176,18.21,3.41,11.17,10.61,0.1971,0.0559,0.5337,0.0975,1.81,1.06,1.5838
2005-09-30,6222395687,6222395687,1,209721000000,74730000000,101831000000,50875000000,107890000000,0,0,0,6126000000,100717000000,9920000000,9920000000,1.6,1.58,0.29,15767000000,-4165000000,-8098000000,3592000000,29240000000,3492000000,61.78,65.96,57.6,0.3239,0.1675,17.34,3.72,13.43,10.32,0.2091,0.0568,0.5144,0.0954,1.76,1.97,1.4689
2005-06-30,6305131575,6305131575,1,201816000000,69630000000,97220000000,46629000000,104596000000,0,0,0,6071000000,88568000000,7640000000,7640000000,1.21,1.2,0.29,9013000000,-2128000000,-5869000000,483000000,25648000000,3735000000,57.26,61.74,52.78,0.292,0.1507,16.59,3.52,13.38,10.04,0.2369,0.058,0.5183,0.0896,1.68,0.84,1.4933
2005-03-31,6365734547,6365734547,1,201252000000,68590000000,97554000000,47757000000,103698000000,0,0,0,5015000000,82051000000,7860000000,7860000000,1.23,1.22,0.27,12968000000,-1086000000,-5003000000,6634000000,25165000000,2713000000,56.81,64.37,49.25,0.2814,0.1451,16.29,3.56,14.6,9.75,0.2501,0.0484,0.5153,0.0888,1.63,1.61,1.4362
2004-12-31,6385358170,6385358170,1,195256000000,60377000000,93500000000,42981000000,101756000000,0,0,0,5013000000,83365000000,8420000000,8420000000,1.31,1.3,0.27,12308000000,-3890000000,-6561000000,2423000000,18531000000,3407000000,50.11,52.05,48.18,0.2649,0.1362,15.94,3.39,13.92,9.48,0.2707,0.0493,0.5211,0.085,1.6,1.39,1.4047
2004-09-30,6451295611,6451295611,1,187433000000,57935000000,91991000000,44195000000,95442000000,0,0,0,5196000000,76375000000,5680000000,5680000000,0.88,0.88,0.27,9453000000,-2870000000,-4810000000,1931000000,16108000000,2837000000,47,49.79,44.2,0.2543,0.1304,14.79,3.27,14.37,9.21,0.2875,0.0544,0.5092,0.084,1.55,1.03,1.3109
2004-06-30,6505507118,6505507118,1,180989000000,54250000000,87454000000,41248000000,93535000000,0,0,0,5084000000,70693000000,5790000000,5790000000,0.89,0.88,0.27,8652000000,-6569000000,-3727000000,-1717000000,14177000000,2932000000,43.48,45.53,41.43,0.24,0.1226,14.38,3.1,14.45,8.94,0.3104,0.0544,0.5168,0.0815,1.5,0.88,1.3152
2004-03-31,6540045610,6540045610,1,180202000000,52475000000,88521000000,41955000000,91681000000,0,0,0,5135000000,67602000000,5440000000,5440000000,0.83,0.83,0.25,10138000000,-1581000000,-3170000000,5268000000,15894000000,2810000000,41.66,43.4,39.91,0.2289,0.116,14.02,3.04,12.9,8.67,0.3308,0.056,0.5088,0.0795,1.46,1.12,1.2507
2003-12-31,6557523399,6557523399,1,174278000000,45960000000,84363000000,38386000000,89915000000,0,0,0,4756000000,65952000000,6650000000,6650000000,1.01,1.01,0.25,6799000000,-3136000000,-4127000000,-389000000,10626000000,3554000000,38.09,41.13,35.05,0.2562,0.1286,13.71,3.01,13.51,8.42,0.3016,0.0529,0.5159,0.0872,1.48,0.49,1.1973
2003-09-30,6609799513,6609799513,1,166987000000,42958000000,83223000000,38641000000,83764000000,0,0,0,5615000000,59841000000,3650000000,3650000000,0.55,0.55,0.25,5704000000,-3335000000,-3948000000,-1506000000,11015000000,3073000000,36.7,38.5,34.9,0.2365,0.1171,12.67,2.95,13.8,8.17,0.337,0.067,0.5016,0.0801,1.46,0.4,1.1117
2003-06-30,6636854594,6636854594,1,165103000000,44066000000,82522000000,36648000000,82581000000,0,0,0,5811000000,57165000000,4170000000,4170000000,0.63,0.62,0.25,7349000000,-3636000000,-3744000000,193000000,12521000000,3294000000,36.33,38.45,34.2,0.2304,0.114,12.44,3.05,14.95,7.92,0.3502,0.0704,0.5002,0.0777,1.47,0.61,1.2024
2003-03-31,6679390610,6679390610,1,162495000000,45474000000,82910000000,37652000000,79585000000,0,0,0,6489000000,63780000000,7040000000,7040000000,1.05,1.05,0.23,8646000000,-735000000,-2944000000,5099000000,12328000000,2938000000,34.09,36.6,31.58,0.2159,0.1071,11.92,3.06,20.29,7.67,0.3764,0.0815,0.4898,0.073,1.47,0.85,1.2077
2002-12-31,6689882215,6689882215,1,152644000000,38291000000,78047000000,33175000000,74597000000,0,0,0,9166000000,55884000000,4090000000,4090000000,0.6,0.6,0.23,5079000000,-2233000000,-2671000000,292000000,7229000000,3290000000,34.27,36.5,32.03,0.1545,0.0774,11.15,3.09,23.47,7.44,0.541,0.1229,0.4887,0.056,1.38,0.27,1.1542
2002-09-30,6728898090,6728898090,1,149473000000,36543000000,74783000000,33059000000,74690000000,0,0,0,7110000000,54182000000,2640000000,2640000000,0.39,0.39,0.23,7449000000,-3155000000,-3115000000,1237000000,6937000000,2884000000,35.42,41.1,29.75,0.1361,0.069,11.1,3.19,23.15,7.21,0.6193,0.0952,0.4997,0.0511,1.35,0.68,1.1054
2002-06-30,6757441303,6757441303,1,148232000000,36137000000,73114000000,31242000000,75118000000,0,0,0,7607000000,50909000000,2640000000,2640000000,0.4,0.39,0.23,4116000000,-3133000000,-2283000000,-922000000,5700000000,2837000000,41.54,44.58,38.5,0.1439,0.0729,11.12,3.89,23.21,6.98,0.5902,0.1013,0.5068,0.0545,1.34,0.19,1.1567
2002-03-31,6782021295,6782021295,1,142037000000,35455000000,69670000000,30178000000,72367000000,0,0,0,7118000000,43531000000,2090000000,2090000000,0.3,0.3,0.23,4624000000,-1237000000,-3284000000,75000000,6622000000,2426000000,40.95,44.29,37.6,0.1698,0.0855,10.67,3.8,18.57,6.75,0.5057,0.0984,0.5095,0.0621,1.38,0.32,1.1749
2001-12-31,6792598170,6792598170,1,143174000000,35681000000,70013000000,30114000000,73161000000,0,0,0,7099000000,47891000000,2680000000,2680000000,0.38,0.38,0.23,3390000000,-2266000000,-3425000000,-2479000000,6547000000,3126000000,39.55,42.7,36.41,0.21,0.1043,10.77,3.67,15.39,6.52,0.4069,0.097,0.511,0.0718,1.45,0.04,1.1849
2001-09-30,6840529514,6840529514,1,147904000000,40327000000,74079000000,34565000000,73825000000,0,0,0,7240000000,52113000000,3180000000,3180000000,0.46,0.46,0.23,5255000000,-2631000000,-3050000000,-272000000,9026000000,2493000000,39.7,44.4,35.01,0.2468,0.1204,10.79,3.74,14.44,6.29,0.3467,0.0981,0.4991,0.0777,1.55,0.4,1.1667
2001-06-30,6871078958,6871078958,1,147660000000,41322000000,74686000000,35614000000,72974000000,0,0,0,7289000000,56184000000,4460000000,4460000000,0.66,0.65,0.23,5515000000,-2222000000,-4904000000,-1608000000,9298000000,2342000000,42.17,45.84,38.5,0.2703,0.1292,10.62,4.05,15.39,6.05,0.3207,0.0999,0.4942,0.0812,1.59,0.46,1.1603
2001-03-31,3449876474,6899752948,2,148786000000,42527000000,76897000000,37361000000,71889000000,0,0,0,7270000000,57300000000,5000000000,5000000000,1.45,1.43,0.44,8729000000,-1092000000,-3662000000,3826000000,10906000000,2028000000,41.24,44.88,37.6,0.2771,0.1299,10.42,4.03,16.37,5.82,0.3171,0.1011,0.4832,0.0815,1.59,0.97,1.1383
2000-12-31,3455409183,6910818366,2,149000000000,40399000000,78243000000,38191000000,70757000000,0,0,0,7280000000,64143000000,5220000000,5220000000,1.51,1.49,0.44,6075000000,-1595000000,-4294000000,436000000,7080000000,2610000000,41.33,47.72,34.94,0.2621,0.1207,10.24,4.22,19.18,5.6,0.3451,0.1029,0.4749,0.0761,1.59,0.5,1.0578
2000-09-30,3476189415,6952378830,2,148252000000,39449000000,80141000000,39775000000,68111000000,0,0,0,7528000000,58568000000,4490000000,4490000000,1.29,1.28,0.44,5408000000,-1810000000,-2485000000,831000000,6644000000,2035000000,41.47,45.38,37.56,0.2537,0.1145,9.8,4.32,22.79,5.38,0.3671,0.1105,0.4594,0.063,1.82,0.49,0.9918
2000-06-30,3483841401,6967682802,2,146618000000,37051000000,79682000000,38592000000,66936000000,0,0,0,8009000000,55956000000,4530000000,4530000000,1.3,1.28,0.44,5964000000,-751000000,-2328000000,2885000000,5813000000,2032000000,39.94,42.38,37.5,0.2294,0.1036,9.61,4.3,28.03,5.17,0.4083,0.1197,0.4565,0.0572,1.81,0.56,0.9601
2000-03-31,3481126588,6962253176,2,143238000000,32380000000,78633000000,37221000000,64605000000,0,0,0,8009000000,54081000000,3480000000,3480000000,1,0.99,0.44,5490000000,858000000,-5058000000,1240000000,2928000000,1769000000,39.05,43.16,34.94,0.1932,0.0876,9.28,4.28,34.25,4.95,0.4873,0.124,0.451,0.0487,1.8,0.53,0.8699
1999-12-31,3479892054,6959784108,2,144521000000,31141000000,81055000000,38733000000,63466000000,0,0,0,8402000000,96149000000,4185000000,4185000000,0.77,0.76,0.44,7156000000,-5778000000,-1813000000,-408000000,1688000000,5074000000,39.16,43.28,35.03,0.1638,0.0752,9.12,4.34,37.65,4.73,0.5711,0.1324,0.4391,0.0426,1.76,0.3,0.804
1999-09-30,2427785330,4855570660,2,94394000000,18048000000,50560000000,21579000000,43834000000,0,0,0,4425000000,33072000000,1500000000,1500000000,0.62,0.61,0.41,2817000000,-1836000000,-1173000000,-177000000,1151000000,1693000000,38.78,41.5,36.06,0.1196,0.0562,9.03,4.4,37.83,4.51,0.7679,0.1009,0.4644,0.0437,1.28,0.23,0.8364
1999-06-30,2427785330,4855570660,2,91235000000,16429000000,48406000000,19710000000,42829000000,0,0,0,4497000000,29422000000,1205000000,1205000000,0.5,0.49,0.41,2288000000,-2124000000,-234000000,-57000000,1328000000,2246000000,39.17,43.63,34.72,0.1173,0.055,8.82,4.42,35.45,4.3,0.7833,0.105,0.4694,0.0445,1.24,0.01,0.8335
1999-03-31,2427785417,4855570834,2,90731000000,16709000000,47729000000,18872000000,43002000000,0,0,0,4563000000,26884000000,1020000000,1020000000,0.42,0.42,0.41,2752000000,-1247000000,-1559000000,-56000000,1385000000,1836000000,35.17,38.19,32.16,0.1265,0.0592,8.86,3.9,27.58,4.1,0.725,0.1061,0.474,0.0481,1.23,0.19,0.8854
1998-12-31,2427925038,4855850076,2,92630000000,17593000000,48880000000,19412000000,43750000000,0,0,0,4530000000,29139000000,1460000000,1460000000,0.6,0.56,0.41,1412000000,-2331000000,241000000,-660000000,1441000000,2411000000,33.48,38.66,28.31,0.1459,0.0678,9.01,3.72,22.32,3.89,0.6272,0.1035,0.4723,0.0541,1.25,-0.21,0.9063
1998-09-30,2431229690,4862459380,2,95227000000,18077000000,51468000000,18765000000,43759000000,0,0,0,6912000000,28779000000,1400000000,1400000000,0.58,0.58,0.41,3607000000,-2541000000,-1696000000,-588000000,2101000000,2204000000,33.95,36.91,31,0.1698,0.0781,9,3.82,21.49,3.69,0.5404,0.158,0.4595,0.0585,1.34,0.29,0.9633
1998-06-30,2438406686,4876813372,2,93216000000,18280000000,49859000000,17532000000,43357000000,0,0,0,6927000000,29626000000,1620000000,1620000000,0.66,0.65,0.41,2963000000,-1943000000,-2150000000,-1152000000,2689000000,2035000000,35.34,38,32.69,0.1799,0.0821,8.89,3.95,21.42,3.48,0.5132,0.1598,0.4651,0.0599,1.37,0.19,1.0427
1998-03-31,2446791735,4893583470,2,94953000000,20041000000,51208000000,18576000000,43745000000,0,0,0,7077000000,30228000000,1890000000,1890000000,0.77,0.76,0.41,3074000000,-1177000000,-2093000000,-206000000,3841000000,1709000000,31.66,35,28.31,0.1873,0.0854,8.94,3.55,18.57,3.28,0.4933,0.1618,0.4607,0.0611,1.4,0.28,1.0789
1997-12-31,2449656715,4899313430,2,96064000000,21192000000,52404000000,19654000000,43660000000,0,0,0,7050000000,38056000000,2500000000,2500000000,1.01,None,0.41,2661000000,-1590000000,-1757000000,-734000000,4047000000,2093000000,30.41,33.44,27.38,0.1939,0.0882,8.91,3.46,17.89,3.07,0.4741,0.1615,0.4545,0.0616,1.43,0.12,1.0783
1997-09-30,2465911285,4931822570,2,97123000000,21686000000,53767000000,20250000000,43356000000,0,0,0,7281000000,32749000000,1820000000,1820000000,0.74,None,0.41,4088000000,-2139000000,-1835000000,61000000,4781000000,1969000000,31.47,33.63,29.31,0.1939,0.0883,8.79,3.56,19.16,2.87,0.4716,0.1679,0.4464,0.0619,1.43,0.43,1.0709
1997-06-30,2474366358,4948732716,2,94920000000,20794000000,51105000000,18732000000,43815000000,0,0,0,7041000000,32847000000,1965000000,1965000000,0.79,None,0.41,3413000000,-1968000000,-1981000000,-543000000,4720000000,1850000000,28.75,32.56,24.94,0.1897,0.0864,8.85,3.27,18.4,2.66,0.4829,0.1607,0.4616,0.0597,1.45,0.32,1.1101
1997-03-31,2483023116,4966046232,2,95647000000,21768000000,51977000000,19129000000,43670000000,0,0,0,7223000000,33590000000,2175000000,2175000000,0.87,None,0.395,4514000000,-1094000000,-1139000000,2312000000,5263000000,1481000000,25.97,27.81,24.13,0.1831,0.0828,8.79,2.96,17.26,2.46,0.5031,0.1654,0.4566,0.0571,1.45,0.61,1.138
1996-12-31,1242175166,4968700664,4,95527000000,19910000000,51985000000,19505000000,43542000000,0,0,0,7236000000,37512000000,2495000000,2495000000,2,None,0.79,2962000000,-1830000000,-1142000000,41000000,2951000000,2108000000,22.36,25.31,19.41,0.1791,0.0803,8.76,2.66,16.66,2.26,0.516,0.1662,0.4558,0.0559,1.44,0.17,1.0208
1996-09-30,1241780932,4967123728,4,93468000000,18578000000,51677000000,19698000000,41791000000,0,0,0,7224000000,33321000000,1560000000,1560000000,1.25,None,0.79,3140000000,-1631000000,-1817000000,-312000000,2910000000,1842000000,21.27,22.53,20,0.1627,0.0724,8.41,2.55,15.99,2.06,0.5714,0.1729,0.4471,0.0522,1.39,0.26,0.9431
1996-06-30,1241849645,4967398580,4,92396000000,18401000000,51018000000,18667000000,41378000000,0,0,0,7566000000,32211000000,1570000000,1570000000,1.26,None,0.79,2983000000,-2021000000,-1266000000,-301000000,3222000000,1846000000,21.08,22.19,19.97,0.163,0.0723,8.33,2.55,15.73,1.86,0.569,0.1829,0.4478,0.0527,1.37,0.23,0.9858
1996-03-31,1242075783,4968303132,4,92579000000,18964000000,51557000000,19201000000,41022000000,0,0,0,7679000000,31205000000,1885000000,1885000000,1.51,None,0.75,4077000000,-1033000000,-1014000000,2015000000,3523000000,1413000000,20.45,21.5,19.41,0.1658,0.0732,8.26,2.51,15.79,1.67,0.5565,0.1872,0.4431,0.0534,1.37,0.54,0.9877
1995-12-31,1242130748,4968522992,4,91296000000,17318000000,50860000000,18736000000,40436000000,0,0,0,7778000000,31505000000,1680000000,1680000000,1.35,None,0.75,3573000000,-2169000000,-2096000000,-692000000,1508000000,2303000000,19.67,21.5,17.84,0.1621,0.071,8.14,2.44,14.68,1.48,0.5759,0.1924,0.4429,0.0522,1.36,0.26,0.9243
1995-09-30,1241678440,4966713760,4,90706000000,17498000000,50671000000,18583000000,40035000000,0,0,0,8362000000,30969000000,1500000000,1500000000,1.2,None,0.75,3944000000,-2065000000,-2081000000,-377000000,2200000000,1779000000,17.8,18.56,17.03,0.1708,0.0741,8.06,2.21,14.02,1.29,0.5569,0.2089,0.4414,0.0542,1.37,0.44,0.9416
1995-06-30,1241765493,4967061972,4,91158000000,17986000000,51159000000,19461000000,39999000000,0,0,0,8550000000,31667000000,1630000000,1630000000,1.3,None,0.75,3048000000,-1327000000,-1980000000,-193000000,2577000000,1647000000,17.3,18.09,16.5,0.1658,0.0709,8.05,2.19,15.45,1.1,0.5813,0.2138,0.4388,0.052,1.36,0.28,0.9242
1995-03-31,1242233354,4968933416,4,91271000000,18452000000,52089000000,19965000000,39182000000,0,0,0,9178000000,29779000000,1660000000,1660000000,1.33,None,0.75,3282000000,-794000000,-979000000,1613000000,2770000000,1399000000,15.89,16.75,15.03,0.1504,None,7.89,2.11,15.62,0.92,0.6519,0.2342,0.4293,0.0476,1.33,0.38,0.9242
1994-12-31,1241794994,4967179976,4,87862000000,16460000000,50447000000,19493000000,37415000000,0,0,0,8831000000,31058000000,1900000000,1900000000,1.53,None,0.75,2750000000,-1681000000,-1533000000,-543000000,1157000000,1997000000,14.94,15.81,14.06,0.1406,None,7.53,2.03,None,0.73,0.7084,0.236,0.4258,0.0448,1.32,0.15,0.8444
1994-09-30,1241455701,4965822804,4,87790000000,16450000000,51274000000,19253000000,36516000000,0,0,0,8936000000,29563000000,1155000000,1155000000,0.92,None,0.72,2683000000,-2063000000,-838000000,-179000000,1700000000,1648000000,14.64,15.16,14.13,None,None,7.35,2.03,None,0.54,None,0.2447,0.4159,None,None,0.21,0.8544
1994-06-30,1241414948,4965659792,4,86102000000,15986000000,50241000000,18889000000,35861000000,0,0,0,8754000000,27319000000,885000000,885000000,0.7,None,0.72,2055000000,-1113000000,-752000000,231000000,1879000000,1670000000,14.97,15.91,14.03,None,None,7.22,2.11,None,0.36,None,0.2441,0.4165,None,None,0.08,0.8463
1994-03-31,1241771207,4967084828,4,84654000000,15488000000,49401000000,18414000000,35253000000,0,0,0,8712000000,25964000000,1160000000,1160000000,0.92,None,0.72,2363000000,-565000000,-1111000000,665000000,1648000000,1328000000,16.11,16.84,15.38,None,None,7.1,2.3,None,0.18,None,0.2471,0.4164,None,None,0.21,0.8411
1993-12-31,1242135165,4968540660,4,84145000000,14859000000,49353000000,18590000000,34792000000,0,0,0,8506000000,None,None,None,None,None,0,None,None,None,None,983000000,0,15.92,16.59,15.25,None,None,7,None,None,0,None,0.2445,0.4135,None,None,None,0.7993
