"Quarter end","Shares","Shares split adjusted","Split factor","Assets","Current Assets","Liabilities","Current Liabilities","Shareholders equity","Non-controlling interest","Preferred equity","Goodwill & intangibles","Long-term debt","Revenue","Earnings","Earnings available for common stockholders","EPS basic","EPS diluted","Dividend per share","Cash from operating activities","Cash from investing activities","Cash from financing activities","Cash change during period","Cash at end of period","Capital expenditures","Price","Price high","Price low","ROE","ROA","Book value of equity per share","P/B ratio","P/E ratio","Cumulative dividends per share","Dividend payout ratio","Long-term debt to equity ratio","Equity to assets ratio","Net margin","Asset turnover","Free cash flow per share","Current ratio"
2019-06-30,332002911,332002911,1,17109000000,4533000000,13545000000,4134000000,3460000000,104000000,5000000,6537000000,6944000000,3017000000,197000000,197000000,0.59,0.58,0.15,382000000,-101000000,-118000000,164000000,836000000,121000000,63.38,70.38,56.39,0.2144,0.0429,10.41,5.99,50.3,3.49,0.1995,2.0098,0.2019,0.0654,0.69,0.79,1.0965
2019-03-31,334744071,334744071,1,16923000000,4399000000,13274000000,4035000000,3546000000,103000000,5000000,6547000000,6747000000,2785000000,117000000,117000000,0.35,0.34,0.1,-129000000,-163000000,225000000,-56000000,672000000,154000000,51.41,58.95,43.87,0.1866,0.0347,10.58,4.98,40.48,3.34,0.1997,1.9054,0.2092,0.0582,0.69,-0.85,1.0902
2018-12-31,334338125,334338125,1,16554000000,3940000000,12992000000,4095000000,3458000000,104000000,5000000,6663000000,6518000000,2803000000,382000000,382000000,0.45,0.41,0.1,539000000,-191000000,-239000000,117000000,728000000,200000000,46.61,50.98,42.24,0.1827,0.0266,10.33,4.35,35.58,3.24,0.1995,1.8876,0.2086,0.0589,0.68,1.01,0.9621
2018-09-30,339191207,339191207,1,16470000000,3860000000,12725000000,3813000000,3640000000,105000000,5000000,6744000000,6523000000,2946000000,24000000,59000000,0.17,0.17,0.1,593000000,435000000,-965000000,54000000,611000000,172000000,40.14,45.2,35.08,0.1194,0.0306,10.72,3.56,31.61,3.14,0.2993,1.7945,0.2207,0.0399,0.67,1.24,1.0123
2018-06-30,343911434,343911434,1,17535000000,4875000000,13540000000,3954000000,3889000000,106000000,5000000,6821000000,7171000000,3101000000,62000000,119000000,0.34,0.34,0.1,508000000,-166000000,-220000000,71000000,557000000,202000000,38.16,41.61,34.71,0.1174,0.0286,11.29,3.31,31.54,3.04,0.309,1.8463,0.2215,0.0391,0.66,0.89,1.2329
2018-03-31,349240025,349240025,1,17731000000,4160000000,13593000000,3905000000,4033000000,105000000,5000000,7402000000,7131000000,2785000000,-14000000,125000000,0.36,0.35,0.1,-74000000,-284000000,384000000,27000000,486000000,242000000,38.8,41.99,35.6,0.1143,0.0227,11.53,3.46,36.95,2.94,0.3252,1.7704,0.2272,0.0382,0.66,-0.9,1.0653
2017-12-31,350442053,350442053,1,17169000000,3758000000,13123000000,4107000000,3941000000,105000000,5000000,7395000000,6518000000,2747000000,455000000,159000000,0.46,0.45,0.1,731000000,-175000000,-644000000,-108000000,448000000,152000000,40.3,43.24,37.36,0.1019,0.0225,11.23,4.01,54.09,2.84,0.3424,1.656,0.2293,0.0341,0.65,1.65,0.915
2017-09-30,350055645,350055645,1,17003000000,3930000000,13365000000,3778000000,3529000000,109000000,10000000,7398000000,7104000000,2908000000,-7000000,48000000,0.14,0.13,0.1,484000000,-163000000,-201000000,123000000,556000000,164000000,40.92,43.06,38.79,0.0762,-0.0012,10.05,4,66.54,2.74,0.4288,2.0188,0.207,0.0252,0.64,0.91,1.0402
2017-06-30,351784934,351784934,1,16721000000,3765000000,13011000000,3350000000,3604000000,106000000,0,7370000000,7226000000,2855000000,-44000000,99000000,0.28,0.28,0.1,661000000,-116000000,-608000000,-25000000,433000000,115000000,39.19,42.73,35.64,0.0618,-0.0008,10.24,3.8,26.13,2.64,0.4662,2.005,0.2155,0.0209,0.64,1.55,1.1239
2017-03-31,175577956,351155912,2,16644000000,3907000000,12921000000,3018000000,3619000000,104000000,0,7069000000,7476000000,2473000000,-24000000,68000000,0.39,0.38,0.13,-398000000,-91000000,380000000,-139000000,458000000,125000000,37.34,38.67,36,0.1272,0.0197,10.31,3.81,43.42,2.54,0.1973,2.0658,0.2174,0.0471,0.52,-1.49,1.2946
2016-12-31,175057681,350115362,2,16173000000,3653000000,12632000000,2969000000,3435000000,106000000,0,7029000000,7310000000,2460000000,55000000,55000000,0.3,0.29,0.13,627000000,-208000000,-430000000,-48000000,597000000,208000000,38.64,41.06,36.22,0.0891,0.0156,9.81,3.64,42.46,2.47,0.3254,2.1281,0.2124,0.0294,0.53,1.2,1.2304
2016-09-30,174805841,349611682,2,17060000000,4104000000,13240000000,2943000000,3713000000,107000000,0,7257000000,7724000000,2815000000,0,0,0,0,0.13,-469000000,-1989000000,-3277000000,-5754000000,645000000,125000000,37.73,41.12,34.34,0.1091,0.0178,10.62,3.52,35.26,2.41,0.3088,2.0803,0.2176,0.0317,0.54,-1.7,1.3945
2016-06-30,174228508,348457016,2,25077000000,10086000000,21243000000,10353000000,3731000000,103000000,0,7235000000,8234000000,2030000000,338000000,338000000,2.38,2.33,0.13,422000000,3054000000,2748000000,6194000000,6399000000,135000000,36.05,38.34,33.76,0.1755,0.0247,10.71,9.56,76.7,2.34,0.2485,2.2069,0.1488,0.0404,0.58,0.82,0.9742
2016-03-31,141732649,283465298,2,10059000000,2323000000,8981000000,2232000000,1068000000,10000000,0,2368000000,5408000000,1756000000,-127000000,-127000000,-0.9,-0.9,0.13,-386000000,-185000000,572000000,-19000000,205000000,138000000,33.83,36.5,31.15,0.1186,0.0168,3.77,7.67,34,2.28,0.5445,5.0637,0.1062,0.017,0.88,-1.85,1.0408
2015-12-31,141713478,283426956,2,9777000000,2184000000,8515700000,2141600000,1251300000,10000000,0,2294900000,5054200000,1804600000,64500000,55300000,0.42,0.39,0.13,409700000,-2353100000,1922900000,-20400000,224000000,171100000,34.07,37.12,31.02,0.2575,0.0367,4.41,8.99,31.84,2.21,0.2564,4.0392,0.128,0.0351,0.97,0.84,1.0198
2015-09-30,136321229,272642458,2,7727000000,2382600000,6483600000,2279600000,1033700000,209700000,0,2328000000,2879400000,2097000000,50100000,44500000,0.32,0.32,0.13,385300000,-132400000,-236700000,17100000,244400000,129100000,32.83,36.68,28.98,0.291,0.0424,3.79,7.97,22.96,2.15,0.2369,2.7855,0.1338,0.0367,1.07,0.94,1.0452
2015-06-30,138167019,276334038,2,7852900000,2505100000,6510100000,2192300000,1138600000,204200000,0,2338700000,2982100000,2172300000,160800000,160400000,1.16,1.13,0.13,392200000,-114700000,-276500000,-1500000,227300000,122200000,36.25,37.62,34.88,0.3739,0.0554,4.12,10.63,25.89,2.08,0.1769,2.6191,0.145,0.0483,1.09,0.98,1.1427
2015-03-31,137856946,275713892,2,7660500000,2467900000,6507100000,2039300000,940700000,212700000,0,2311800000,3152100000,1923100000,27500000,20700000,0.15,0.15,0.13,-180500000,-120500000,327400000,37400000,228800000,105500000,34.98,38.6,31.36,0.3615,0.0549,3.41,9.3,21.2,2.02,0.1802,3.3508,0.1228,0.0468,1.11,-1.04,1.2102
2014-12-31,137343010,274686020,2,7571000000,2313500000,6331400000,2006800000,1033100000,206500000,0,2391600000,2993800000,2032400000,88400000,76000000,0.55,0.54,0.13,362500000,-152500000,-212000000,1900000,191400000,140800000,33.06,35.25,30.88,0.4146,0.0649,3.76,7.45,18.27,1.95,0.1527,2.8979,0.1365,0.0548,1.12,0.81,1.1528
2014-09-30,136921950,273843900,2,7614900000,2378800000,6200200000,2021900000,1214500000,200200000,0,2445300000,3009000000,2238900000,148400000,147400000,1.07,1.04,0.13,440000000,-114800000,-289300000,34200000,189500000,114700000,31.82,33.27,30.36,0.4412,0.0703,4.44,7.3,18.94,1.89,0.1392,2.4776,0.1595,0.0608,1.1,1.19,1.1765
2014-06-30,138438354,276876708,2,7771400000,2419800000,6364800000,1973600000,1206900000,199700000,0,2538500000,3129200000,2291900000,156300000,153100000,1.1,1.07,0.13,346200000,-69000000,-298900000,-20100000,155300000,73900000,29.19,31.57,26.8,0.4214,0.0667,4.36,7.54,19.99,1.82,0.1505,2.5928,0.1553,0.0567,1.1,0.98,1.2261
2014-03-31,139411707,278823414,2,7744500000,2404300000,6462400000,1821300000,1079600000,202500000,0,2558600000,3357700000,2006800000,104900000,93500000,0.67,0.65,0.13,-136200000,-55100000,-45100000,-240600000,175400000,61400000,26.02,28.16,23.88,0.3862,0.0592,3.87,6.09,18.99,1.76,0.1729,3.1101,0.1394,0.0505,1.09,-0.71,1.3201
2013-12-31,140540106,281080212,2,7819800000,2465700000,6428500000,1927400000,1199900000,191400000,0,2570400000,3182500000,1996800000,134600000,124500000,0.87,0.86,0.13,387100000,-57500000,-77400000,247800000,416000000,68700000,24.06,25.98,22.14,0.3672,0.0559,4.27,6.17,21.2,1.69,0.185,2.6523,0.1534,0.048,1.09,1.13,1.2793
2013-09-30,144633496,289266992,2,7709200000,2425400000,6392400000,1570200000,1129400000,187400000,0,2551300000,3417500000,2277900000,121900000,115200000,0.8,0.78,0.13,509400000,-103400000,-403100000,-1300000,168200000,108500000,22.1,23.4,20.8,0.3156,0.0482,3.9,6.24,19.91,1.63,0.2098,3.0259,0.1465,0.0399,1.11,1.39,1.5446
2013-06-30,145096925,290193850,2,7815600000,2619500000,6608200000,1767400000,1026600000,180800000,0,2511200000,3472600000,2202400000,99100000,95100000,0.65,0.63,0.13,267100000,-108900000,-192500000,-38500000,169500000,112400000,22.51,24.25,20.76,0.3037,0.0483,3.54,6.24,18.23,1.56,0.1999,3.3826,0.1314,0.0399,1.12,0.53,1.4821
2013-03-31,148762548,297525096,2,7776000000,2622700000,6518500000,1742900000,1074900000,182600000,0,2495800000,3405300000,1991000000,79400000,72000000,0.48,0.47,0.13,-324600000,-109300000,469000000,33900000,208000000,88700000,22.73,23.82,21.63,0.3322,0.0546,3.61,6.09,17.83,1.5,0.1682,3.168,0.1382,0.0446,1.15,-1.39,1.5048
2012-12-31,149437900,298875800,2,7507100000,2339400000,6217100000,1685800000,1114600000,175400000,0,2522300000,3085300000,2114200000,71200000,60600000,0.4,0.39,0.1,464900000,-151800000,-317100000,-7100000,174100000,98100000,21.64,22.73,20.55,0.3381,0.0568,3.73,5.13,16.33,1.43,0.1523,2.7681,0.1485,0.0462,1.16,1.23,1.3877
2012-09-30,153851925,307703850,2,7524000000,2570300000,6053900000,1830100000,1298200000,171900000,0,2416100000,2932100000,2282500000,119700000,115100000,0.75,0.73,0.1,313600000,-49500000,-204300000,57700000,181200000,68400000,20.77,21.89,19.66,0.3403,0.0574,4.22,5.47,15.33,1.38,0.1384,2.2586,0.1725,0.0478,1.16,0.8,1.4045
2012-07-01,154730679,309461358,2,7439500000,2511700000,6098100000,1888500000,1175200000,166200000,0,2391700000,2963500000,2296300000,142500000,139500000,0.9,0.88,0.1,293000000,-68000000,-217000000,16700000,123500000,62500000,20.52,21.85,19.2,0.3464,0.0597,3.8,5.43,15.37,1.33,0.1237,2.5217,0.158,0.0499,1.16,0.74,1.33
2012-04-01,156685041,313370082,2,7559400000,2516800000,6210700000,1812500000,1185800000,162900000,0,2458000000,3130500000,2042700000,93100000,88300000,0.56,0.55,0.1,-218300000,-86700000,251500000,-59000000,106800000,76000000,19.66,21.5,17.83,0.3231,0.059,3.78,5.04,14.84,1.28,0.1135,2.64,0.1569,0.0503,1.15,-0.94,1.3886
2011-12-31,156118400,312236800,2,7284600000,2321900000,5906600000,1856100000,1219100000,158900000,0,2427700000,2696700000,2051700000,72100000,72100000,0.48,0.49,0.07,507400000,-111700000,-433100000,-24300000,165800000,120000000,16.45,18.05,14.85,0.306,0.0583,3.9,3.8,12.14,1.23,0.1038,2.212,0.1674,0.0508,1.13,1.24,1.251
2011-10-02,162642987,325285974,2,7538400000,2573900000,5970400000,1785600000,1407700000,160300000,0,2472500000,2977500000,2258300000,137500000,132100000,0.81,0.79,0.07,279800000,-117000000,-123400000,45300000,190100000,110300000,17.81,20.28,15.34,0.3041,0.0617,4.33,3.69,11.24,1.2,0.0939,2.1152,0.1867,0.0542,1.12,0.52,1.4415
2011-07-03,163551761,327103522,2,7850400000,2724600000,6115600000,1751800000,1579400000,155400000,0,2569600000,3124900000,2309700000,143100000,143100000,0.86,0.84,0.07,235600000,-125100000,-158300000,-48300000,144800000,118500000,18.79,19.77,17.8,0.3557,0.075,4.83,4.13,13.92,1.16,0.0731,1.9785,0.2012,0.0673,1.12,0.36,1.5553
2011-04-03,167964470,335928940,2,7783000000,2714400000,6100700000,1683400000,1527900000,154400000,0,2320200000,3197300000,2011200000,91300000,91300000,0.54,0.53,0.07,-74400000,-384200000,498000000,41100000,193100000,95000000,17.7,18.71,16.7,0.3149,0.0678,4.55,3.94,13.67,1.13,0.0796,2.0926,0.1963,0.0605,1.12,-0.5,1.6125
2010-12-31,169198602,338397204,2,6927700000,2305700000,5269600000,1383300000,1518000000,140100000,0,2105300000,2701600000,1881300000,92200000,92200000,0.53,0.55,0.05,143800000,-116000000,-43000000,-16700000,152000000,119100000,16.05,17.43,14.68,0.3079,0.0679,4.49,3.53,13,1.09,0.0762,1.7797,0.2191,0.0613,1.11,0.07,1.6668
2010-09-26,88320593,353282372,4,6979100000,2358100000,5238700000,1935300000,1605800000,134600000,0,2111500000,2054800000,2035000000,227500000,227500000,2.54,2.5,0.1,340700000,181700000,-428600000,93700000,168700000,62000000,13.98,15.12,12.84,0.2977,0.0674,4.55,3.55,15.84,1.07,0.0801,1.2796,0.2301,0.0601,1.12,0.79,1.2185
2010-06-27,91573637,366294548,4,6618300000,2549900000,5171900000,1880800000,1444800000,1600000,0,1887600000,2157100000,2007500000,69000000,69000000,0.75,0.74,0.1,302700000,-127600000,-486200000,-316400000,75000000,31900000,12.86,14.03,11.68,0.2217,0.0495,3.94,3.14,12.28,1.04,0.1116,1.493,0.2183,0.0442,1.12,0.74,1.3558
2010-03-28,92330345,369321380,4,7035700000,2587500000,5523300000,2041400000,1510600000,1800000,0,2488500000,2317900000,1706200000,79300000,79300000,0.85,0.84,0.1,-272000000,-48300000,498200000,180800000,391400000,37200000,13.07,13.78,12.36,0.2707,0.0598,4.09,3.11,12.81,1.02,0.0942,1.5344,0.2147,0.0533,1.12,-0.84,1.2675
2009-12-31,94084299,376337196,4,6488300000,1923300000,4905300000,1428600000,1581300000,1700000,0,2535400000,2283900000,1864400000,81400000,81400000,0.88,0.86,0.1,553600000,-563500000,-199400000,-207500000,210600000,45800000,12.58,13.12,12.04,0.2833,0.0597,4.2,3.2,14.06,0.99,0.097,1.4443,0.2437,0.0528,1.13,1.35,1.3463
2009-09-27,94103151,376412604,4,6792100000,2677100000,5313000000,1552100000,1477500000,1600000,0,2231600000,2532700000,1969100000,103700000,103700000,1.1,1.09,0.1,-3100000,-800000,363000000,358600000,418100000,33200000,12.1,13.04,11.16,0.2733,0.0526,3.93,3.49,13.67,0.97,0.1105,1.7142,0.2175,0.0472,1.11,-0.1,1.7248
2009-06-28,94117753,376471012,4,6306600000,2211900000,4996800000,1746700000,1307800000,2000000,0,2174500000,2014000000,1926200000,133300000,133300000,1.42,1.4,0.1,317000000,30100000,-346700000,6400000,59500000,40300000,10.34,11.37,9.32,0.2757,0.0535,3.47,3.51,13.09,0.94,0.1112,1.54,0.2074,0.0467,1.15,0.73,1.2663
2009-03-29,93984733,375938932,4,6424600000,2326400000,5312600000,1697600000,1110300000,1700000,0,2147200000,2357100000,1585600000,69500000,69500000,0.74,0.73,0.1,-307800000,-47200000,283900000,-74300000,53100000,67800000,10.12,11.11,9.13,0.2382,0.0477,2.95,3.5,12.34,0.92,0.1242,2.1229,0.1728,0.0412,1.16,-1,1.3704
2008-12-31,93777593,375110372,4,6368700000,2165300000,5281400000,1862400000,1085800000,1500000,0,2336500000,2107100000,1732800000,33800000,33800000,0.36,0.36,0.1,489200000,-205700000,-239300000,13500000,127400000,76100000,8.73,10.62,6.84,0.2335,0.0499,2.89,2.35,10.74,0.89,0.1198,1.9406,0.1705,0.0423,1.18,1.1,1.1626
2008-09-28,94589820,378359280,4,6211700000,2016800000,4803600000,1364700000,1406600000,1500000,0,2260400000,2438000000,2008200000,101900000,101900000,1.07,1.05,0.1,208000000,-50300000,-103700000,50500000,113900000,70300000,11.47,13.36,9.59,0.2227,0.0505,3.72,2.91,16.44,0.87,0.1212,1.7333,0.2264,0.0421,1.2,0.36,1.4778
2008-06-29,96686443,386745772,4,6580600000,2165400000,5056000000,1588500000,1523200000,1400000,0,2399200000,2415300000,2080300000,100000000,100000000,1.03,1.02,0.1,145000000,-93900000,-80300000,-26500000,63400000,86000000,12.75,14.05,11.45,0.1958,0.0444,3.94,3.42,18.21,0.84,0.1412,1.5857,0.2315,0.0367,1.21,0.15,1.3632
2008-03-30,97778085,391112340,4,6446200000,2055200000,4987700000,1495800000,1457300000,1200000,0,2391100000,2450500000,1740200000,83800000,83800000,0.86,0.85,0.1,-214600000,-68100000,217800000,-61700000,89900000,74500000,10.91,11.76,10.06,0.2064,0.0465,3.73,3.17,15.99,0.82,0.1403,1.6815,0.2261,0.0377,1.23,-0.74,1.374
2007-12-31,97547020,390188080,4,6020600000,1842900000,4677000000,1513100000,1342500000,1100000,0,2236500000,2181800000,1756200000,33300000,33300000,0.34,0.33,0.1,267800000,-86100000,-113600000,72200000,151600000,85600000,12.5,14.01,11,0.2139,0.0471,3.44,3.7,17.36,0.79,0.1431,1.6252,0.223,0.0376,1.25,0.47,1.218
2007-09-30,100498666,401994664,4,6015400000,1879900000,4656800000,1424800000,1357300000,1300000,0,2194500000,2228900000,1992100000,60900000,60900000,0.6,0.59,0.1,154100000,-62700000,-104200000,-12500000,79400000,56600000,12.83,13.97,11.69,0.2351,0.0504,3.38,3.91,15.74,0.77,0.1366,1.6422,0.2256,0.0409,1.23,0.24,1.3194
2007-07-01,102412828,409651312,4,5925100000,1856500000,4578300000,1335500000,1345600000,1200000,0,2154800000,2233000000,2032800000,105900000,105900000,1.04,1.03,0.1,358800000,-79900000,-239100000,39800000,91900000,78200000,12.7,13.94,11.46,0.2801,0.058,3.28,4.26,14.56,0.74,0.1213,1.6595,0.2271,0.0475,1.22,0.68,1.3901
2007-04-01,102095333,408381332,4,5918000000,1859200000,4701500000,1334000000,1215400000,1100000,0,2169600000,2360700000,1694200000,81200000,81200000,0.79,0.78,0.1,-107700000,-37100000,44500000,-100300000,51200000,88100000,11.43,11.98,10.88,0.3219,0.0628,2.98,4.04,14.56,0.72,0.1129,1.9423,0.2054,0.0527,1.19,-0.48,1.3937
2006-12-31,103087717,412350868,4,5840900000,1761300000,4674500000,1454300000,1165400000,1000000,0,2203600000,2270400000,1591800000,50800000,50800000,0.5,0.48,0.1,285300000,-61500000,-132500000,92400000,151500000,92000000,10.47,11.02,9.92,0.3119,0.0573,2.83,3.89,13.64,0.69,0.1263,1.9482,0.1995,0.0498,1.15,0.47,1.2111
2006-10-01,104184881,416739524,4,5728700000,1694400000,4603900000,1269000000,1119900000,4900000,0,2212700000,2411700000,1822300000,101500000,101500000,0.98,0.97,0.1,182300000,-60000000,-116100000,6600000,59100000,60100000,9.6,10.44,8.76,0.3319,0.0602,2.69,3.81,13.57,0.67,0.1291,2.1535,0.1955,0.0512,1.18,0.29,1.3352
2006-07-02,104204578,416818312,4,5852800000,1792500000,4797700000,1340500000,1050300000,4800000,0,2228900000,2513000000,1842500000,132700000,132700000,1.28,1.26,0.1,105600000,-41100000,-59400000,5600000,52500000,63100000,9.81,11.09,8.54,0.3299,0.0598,2.52,4.61,17.21,0.64,0.1385,2.3926,0.1795,0.0495,1.21,0.1,1.3372
2006-04-02,104695158,418780632,4,5574600000,1597900000,4677800000,1183800000,891500000,5300000,0,2155600000,2533700000,1364900000,44600000,44600000,0.43,0.43,0.1,-171800000,-830800000,988200000,-14100000,46900000,64400000,10.44,11.25,9.63,0.2785,0.0529,2.13,5.22,17.69,0.62,0.1706,2.8421,0.1599,0.0427,1.24,-0.56,1.3498
2005-12-31,104286147,417144588,4,4343400000,1225800000,3503000000,1176000000,835300000,5100000,0,1561000000,1473300000,1291200000,44600000,44600000,0.45,0.41,0.1,274000000,-86600000,-222900000,-29400000,61000000,97500000,9.63,10.49,8.77,0.2764,0.0589,2,4.59,15.98,0.59,0.1635,1.7638,0.1923,0.0455,1.29,0.42,1.0423
2005-10-02,104041810,416167240,4,4376400000,1326100000,3496200000,1163700000,875200000,5000000,0,1543000000,1555600000,1583900000,79300000,79300000,0.74,0.73,0.1,214600000,-45600000,-155800000,14700000,90400000,45900000,9.38,9.95,8.81,0.2709,0.0611,2.1,4.3,14.54,0.57,0.1183,1.7774,0.2,0.0478,1.28,0.41,1.1396
2005-07-03,109138796,436555184,4,4430000000,1364800000,3471700000,1082600000,952700000,5600000,0,1560700000,1588000000,1552000000,79000000,79000000,0.72,0.71,0.1,231200000,-69300000,-171900000,-11100000,75700000,67700000,9.81,10.68,8.95,0.2847,0.0662,2.18,3.86,14.7,0.54,0.1503,1.6668,0.2151,0.0526,1.26,0.37,1.2607
2005-04-03,110162086,440648344,4,4618300000,1435900000,3490900000,1019300000,1120800000,6600000,0,1647600000,1631000000,1324100000,58600000,58600000,0.52,0.51,0.1,-161000000,-88500000,139900000,-111900000,86800000,80600000,10.76,11.61,9.91,0.3004,0.0691,2.54,4.36,16.75,0.52,0.1365,1.4552,0.2427,0.0556,1.24,-0.55,1.4087
2004-12-31,109869994,439479976,4,4477700000,1245600000,3384700000,996300000,1086600000,6400000,0,1699700000,1537700000,1262800000,56400000,56400000,0.51,0.46,0,244100000,-78700000,-38000000,130900000,198700000,96100000,10.13,11.3,8.95,0.3115,0.0679,2.47,4.58,15.86,0.49,0.1333,1.4151,0.2427,0.0543,1.25,0.34,1.2502
2004-10-03,112604589,450418356,4,4351900000,1228500000,3351600000,1017000000,994100000,6200000,0,1685800000,1499400000,1478700000,101700000,101700000,0.92,0.9,0.2,191300000,-27100000,-132700000,31900000,67800000,32500000,9.05,9.57,8.53,0.335,0.0693,2.21,4.57,16.02,0.49,0.1625,1.5083,0.2284,0.0548,1.26,0.35,1.208
2004-07-04,56184282,449474256,8,4335100000,1223300000,3436700000,1020800000,891900000,6500000,0,1655900000,1584100000,1467200000,90700000,90700000,1.64,1.6,0.15,169900000,-33100000,-142300000,-5300000,35900000,32500000,8.3,9.06,7.55,0.3261,0.062,1.98,4.54,15.73,0.44,0.1292,1.7761,0.2057,0.0498,1.24,0.31,1.1984
2004-04-04,56359161,450873288,8,4253100000,1148900000,3423900000,972100000,822900000,6300000,0,1300900000,1632400000,1231500000,46800000,46800000,0.84,0.82,0.15,-69400000,-70700000,144900000,4700000,41200000,34900000,7.83,8.61,7.06,0.3331,0.0585,1.83,4.37,15.86,0.42,0.1242,1.9837,0.1935,0.0477,1.23,-0.23,1.1819
2003-12-31,56414003,451312024,8,4069600000,923500000,3255600000,861100000,807800000,6200000,0,1336900000,1579300000,1193500000,55300000,55300000,0.99,0.89,0.15,325800000,-21300000,-327000000,-21900000,36500000,38700000,7.08,7.45,6.7,0.3448,0.0551,1.79,4.66,15.95,0.41,0.118,1.9551,0.1985,0.0462,1.19,0.64,1.0725
2003-09-28,56357113,450856904,8,4221000000,1185000000,3529000000,945000000,686000000,6000000,0,1598000000,1800000000,1359300000,68800000,68800000,1.24,1.21,0.15,167400000,-21300000,-122600000,18600000,58400000,26600000,6.06,6.81,5.32,0.3458,0.0486,1.52,4.36,15.1,0.39,0.117,2.6239,0.1625,0.0433,1.12,0.31,1.254
2003-06-29,56514529,452116232,8,4229500000,1161600000,3595300000,941100000,628100000,6100000,0,1612100000,1900600000,1353300000,74300000,74300000,1.33,1.3,0.09,175300000,-17300000,-176500000,-14300000,39800000,41600000,6.5,7.29,5.72,0.3343,0.0495,1.39,5.46,18.71,0.37,0.1108,3.026,0.1485,0.0422,1.17,0.3,1.2343
2003-03-30,57015294,456122352,8,4160400000,1205600000,3609700000,867200000,544800000,5900000,0,1521800000,2005800000,1070900000,31500000,31500000,0.56,0.55,0.09,-304500000,-63900000,162200000,-205100000,54100000,30300000,6.6,7.07,6.12,0.3029,0.0491,1.19,6.11,19.48,0.36,0.1279,3.6817,0.1309,0.0395,1.24,-0.73,1.3902
2002-12-31,56875796,455006368,8,4132400000,1224500000,3633900000,1068900000,492900000,5600000,0,1148100000,1854000000,910200000,28700000,28700000,0.5,0.49,0.09,200900000,-871500000,868000000,197400000,259200000,70700000,6.13,6.64,5.61,0.3029,0.0554,1.08,5.15,20.35,0.35,0.131,3.7614,0.1193,0.0405,1.37,0.29,1.1456
2002-09-29,56827822,454622576,8,2382100000,819700000,1835000000,663900000,541600000,5500000,0,631100000,888900000,1038600000,50000000,50000000,0.89,0.87,0.09,123200000,-75200000,-26300000,21700000,58200000,23300000,5.45,6.8,4.1,0.2666,0.0573,1.19,4.62,20.28,0.33,0.1472,1.6412,0.2274,0.0357,1.6,0.22,1.2347
2002-06-30,56745824,453966592,8,2373800000,835700000,1829900000,631500000,535000000,8900000,0,630800000,910000000,1034200000,49900000,49900000,0.89,0.87,0.09,178200000,-35400000,-128200000,14600000,36500000,34400000,5.68,6.49,4.86,0.2468,0.0516,1.18,5.26,None,0.32,0.1563,1.7009,0.2254,0.0322,1.59,0.32,1.3234
2002-03-31,56796419,454371352,8,2391000000,861100000,1890500000,598900000,492100000,8400000,0,624000000,1010400000,875900000,27500000,27500000,0.49,0.48,0.09,-50000000,-39100000,27900000,-61200000,21900000,30000000,5.04,6.01,4.08,-0.1931,-0.0378,1.08,4.99,None,0.31,None,2.0532,0.2058,None,1.55,-0.18,1.4378
2001-12-31,57268648,458149184,8,2313600000,793500000,1799800000,574700000,504100000,9700000,42800000,615700000,949100000,843000000,8100000,7900000,0.13,0.19,0.08,216300000,-92400000,-77200000,46700000,83100000,19000000,2.39,3,1.78,-0.1992,-0.0401,1.01,2.21,None,0.3,None,2.0574,0.1994,None,1.49,0.43,1.3807
2001-09-30,27402751,438444016,16,2369900000,945200000,1843000000,617800000,516700000,10200000,44300000,556700000,965800000,1000500000,36300000,35700000,1.3,1.22,0.15,118000000,-10900000,-95600000,11500000,36400000,12300000,2.11,2.27,1.95,-0.1641,-0.0345,1.08,1.97,None,0.29,None,2.0445,0.1993,None,1.47,0.24,1.5299
2001-07-01,27663795,442620720,16,2478700000,1024400000,1950200000,661600000,517700000,10800000,45600000,561500000,1037600000,992600000,-162100000,-162700000,-5.92,-5.92,0.15,127100000,-14100000,-116100000,-3100000,24900000,18300000,2.09,2.35,1.83,-0.1383,-0.0303,1.07,1.47,14.48,0.28,None,2.1978,0.1905,None,1.41,0.25,1.5484
2001-04-01,27563820,441021120,16,2729300000,1079300000,2046600000,623800000,667800000,14900000,41700000,662500000,1144400000,850000000,18500000,17900000,0.65,0.61,0.15,-140600000,-5500000,148500000,2400000,28000000,18900000,2.17,2.7,1.63,0.101,0.0246,1.42,1.49,14.97,0.27,0.2631,1.8278,0.2294,0.0173,1.36,-0.36,1.7302
2000-12-31,27462515,439400240,16,2649800000,969300000,1952500000,659100000,682400000,14900000,42800000,676800000,1011600000,924600000,19100000,18400000,0.67,0.82,0.15,127600000,-24600000,-104800000,-1800000,25600000,28900000,3.98,4.51,3.45,0.1017,0.0249,1.46,2.78,30.62,0.26,0.262,1.5816,0.2414,0.0179,1.34,0.22,1.4706
2000-10-01,28273649,452378384,16,2712800000,1031600000,2013000000,683600000,685700000,14100000,37700000,657300000,1064500000,961300000,44500000,43900000,1.52,1.43,0.15,89100000,-20100000,-76400000,-7400000,27400000,23600000,3.35,3.83,2.88,0.1017,0.0249,1.43,2.5,30.11,0.25,0.2663,1.6427,0.2389,0.0187,1.28,0.14,1.5091
2000-07-02,29114736,465835776,16,2759600000,1058800000,2080900000,719900000,663400000,15300000,39200000,661000000,1107600000,961200000,-15400000,-16100000,-0.55,-0.55,0.15,87800000,-18700000,-76800000,-7700000,34800000,22700000,2.92,3.2,2.63,0.0898,0.0219,1.34,2.07,14.2,0.24,0.3056,1.7744,0.2262,0.0164,1.28,0.14,1.4708
2000-04-02,29718632,475498112,16,2826100000,1037800000,2103500000,661100000,703500000,19100000,34800000,695000000,1176300000,817600000,20000000,19400000,0.65,0.62,0.15,-128000000,10900000,123800000,6700000,42500000,23500000,2.71,3.05,2.38,0.162,0.0383,1.41,1.99,13.81,0.23,0.1706,1.7591,0.2366,0.0296,1.26,-0.32,1.5698
1999-12-31,30081175,481298800,16,2732100000,895800000,2021500000,670100000,690900000,19700000,35700000,715100000,1092700000,793300000,19500000,18800000,0.61,0.58,0.15,190300000,-27300000,-157800000,5200000,35800000,37900000,2.49,2.77,2.21,0.1592,0.0364,1.36,1.83,21.42,0.22,0.1794,1.6677,0.2398,0.0283,1.25,0.32,1.3368
1999-10-03,30269874,484317984,16,2846700000,1022000000,2139000000,639400000,687600000,20100000,31200000,706000000,1230100000,991600000,37000000,36400000,1.21,1.13,0.15,108500000,-26800000,-99800000,-18100000,30600000,24700000,2.97,3.28,2.66,0.0988,0.0222,1.36,2.28,42.81,0.22,0.2965,1.874,0.2306,0.0169,1.25,0.17,1.5984
1999-07-04,30407533,486520528,16,2928400000,1039100000,2241500000,679500000,666200000,20700000,32300000,741400000,1295900000,979000000,32000000,31300000,1.03,0.96,0.15,116500000,-20300000,-89600000,6600000,48700000,22900000,3.17,3.7,2.64,0.0602,0.0136,1.3,2.58,70.44,0.21,0.4923,2.0443,0.2165,0.0106,1.19,0.19,1.5292
1999-04-04,30643454,490295264,16,2951400000,1022700000,2296600000,703800000,634200000,20600000,28800000,770600000,1320300000,820300000,15700000,15000000,0.5,0.47,0.15,-109300000,-18300000,135700000,8100000,42100000,21500000,2.69,2.93,2.45,0.0392,0.0099,1.23,2.19,110.36,0.2,0.7573,2.1809,0.2051,0.0076,1.16,-0.27,1.4531
1998-12-31,30224047,483584752,16,2854800000,885600000,2208100000,687600000,622300000,24400000,27700000,794800000,1229800000,841900000,-20500000,-21200000,-0.7,-0.7,0.15,187100000,-65200000,-121900000,0,34000000,32500000,2.34,2.88,1.81,0.0223,0.0066,1.23,1.8,28.36,0.19,1.325,2.0683,0.2083,0.0048,1.14,0.32,1.288
1998-09-27,30818526,493096416,16,3043200000,1010800000,2342800000,812400000,664700000,35700000,25800000,519200000,1259900000,859200000,12800000,12100000,0.4,0.38,0.15,127700000,-811000000,648900000,-34400000,34000000,14000000,2.4,3,1.79,0.0675,0.0192,1.3,1.86,23.7,0.18,0.4347,1.972,0.2099,0.016,1.12,0.23,1.2442
1998-06-28,30495627,487930032,16,2113500000,854800000,1416800000,856600000,655400000,41300000,25800000,212800000,354600000,645600000,19000000,18300000,0.6,0.57,0.15,84600000,-21600000,-35900000,27100000,68400000,20800000,2.29,2.56,2.02,0.0844,0.0258,1.29,1.82,21.81,0.17,0.35,0.5632,0.2979,0.0211,1.16,0.13,0.9979
1998-03-29,30363528,485816448,16,2107000000,828900000,1426800000,861600000,636200000,44000000,22900000,212100000,359500000,549700000,5300000,4600000,0.15,0.14,0.15,-12300000,-17300000,45400000,15800000,41300000,16900000,2.04,2.23,1.86,0.0885,0.0266,1.26,1.62,18.76,0.16,0.3374,0.5862,0.2911,0.0219,1.15,-0.06,0.962
1997-12-31,30320402,485126432,16,2090100000,798100000,1404200000,837800000,634200000,51700000,22900000,194800000,366100000,574800000,7800000,7100000,0.23,0.23,0.15,69400000,-4800000,-67200000,-2600000,25500000,14200000,2.19,2.44,1.95,0.0924,0.0272,1.26,1.72,33.69,0.15,0.3268,0.5989,0.2925,0.0232,1.12,0.11,0.9526
1997-09-28,30169805,482716880,16,2171400000,865300000,1485700000,897500000,630900000,54800000,20100000,168700000,399200000,690200000,22700000,22000000,0.73,0.68,0.15,90800000,-59800000,-30800000,200000,28100000,24100000,2.04,2.26,1.82,0.058,0.0183,1.27,1.65,34,0.14,0.5266,0.6536,0.2813,0.0149,1.13,0.14,0.9641
1997-06-29,30165927,482654832,16,2150700000,869700000,1480400000,852900000,616900000,53400000,20300000,167600000,445000000,643700000,20800000,20100000,0.67,0.63,0.15,41300000,-7600000,-40700000,-7000000,27900000,32200000,1.75,1.92,1.58,0.0539,0.0176,1.24,1.45,41.18,0.13,0.5712,0.7459,0.2774,0.0142,1.14,0.02,1.0197
1997-03-30,30244536,483912576,16,2152100000,872400000,1475900000,845500000,600500000,75700000,16900000,243600000,454000000,479800000,7000000,6300000,0.21,0.2,0.15,-58000000,-178700000,102400000,-134300000,34900000,27200000,1.6,1.73,1.48,0.0387,0.0135,1.21,1.33,40.63,0.12,0.7971,0.7779,0.2712,0.0104,1.16,-0.18,1.0318
1996-12-31,30547685,488762960,16,1700800000,766600000,1089400000,511000000,604400000,7000000,17700000,154300000,407700000,500100000,-13200000,-13900000,-0.47,-0.47,0.15,81000000,194100000,-116700000,158400000,169200000,51600000,1.54,1.64,1.45,0.0362,0.0133,1.2,1.25,25.14,0.11,0.8566,0.6949,0.345,0.0098,1.2,0.06,1.5002
1996-09-29,30515573,488249168,16,1903900000,765500000,1279400000,669500000,617200000,7300000,15100000,153500000,427800000,622200000,20100000,19400000,0.64,0.6,0.15,69400000,-75400000,-3400000,-9400000,10800000,40500000,1.61,1.78,1.45,0.0542,0.0193,1.23,1.31,None,0.1,0.5756,0.7105,0.3162,0.0147,1.2,0.06,1.1434
1996-06-30,30377420,486038720,16,1865900000,770300000,1244600000,643700000,611800000,9500000,15100000,145000000,431700000,600100000,11800000,11100000,0.37,0.35,0.15,27600000,-68100000,41900000,1400000,20200000,46300000,1.83,1.99,1.68,-0.0792,-0.0249,1.23,1.56,None,0.09,None,0.7235,0.3198,None,1.34,-0.04,1.1967
1996-03-31,30197709,483163344,16,1798900000,721300000,1207300000,553000000,582400000,9200000,14700000,144500000,456800000,462000000,5500000,4700000,0.16,0.15,0.15,-93700000,-69000000,176400000,13700000,18800000,57700000,1.81,2.02,1.61,-0.0609,-0.0188,1.17,1.53,None,0.08,None,0.8047,0.3156,None,1.4,-0.31,1.3043
1995-12-31,30179074,482865184,16,1612500000,592700000,1023800000,497500000,582700000,6000000,15200000,66100000,320400000,470200000,-2800000,-3600000,-0.12,-0.12,0.15,-9200000,-70600000,43400000,-36400000,5100000,79700000,1.75,1.9,1.61,-0.0362,-0.0105,1.18,1.46,None,0.07,None,0.5646,0.3519,None,1.47,-0.18,1.1914
1995-10-01,30216393,483462288,16,1585000000,628400000,985800000,466100000,593500000,5700000,12400000,63300000,305500000,760700000,-57300000,-58000000,-1.93,-1.93,0.15,126700000,139600000,-235000000,31300000,41500000,45400000,2.13,2.42,1.84,0.0051,0.0034,1.2,1.61,13.01,0.07,5.834,0.5257,0.3666,0.0011,1.52,0.17,1.3482
1995-07-02,30070020,481120320,16,1978200000,872300000,1307800000,575600000,647200000,23200000,13300000,93900000,488900000,755200000,21900000,21100000,0.7,0.66,0.15,-22000000,-62600000,86700000,2100000,10200000,46500000,2.12,2.3,1.94,0.1368,0.0469,1.32,1.66,13.68,0.06,0.2156,0.7713,0.3204,0.0311,1.45,-0.14,1.5155
1995-04-02,30150874,482413984,16,1886400000,803200000,1230400000,610900000,628000000,28000000,11000000,93200000,371900000,605600000,19600000,18800000,0.63,0.59,0.15,-47600000,-18100000,63400000,-2300000,8100000,34600000,2.02,2.2,1.84,0.1327,None,1.28,1.62,14.69,0.05,0.2277,0.6028,0.3271,0.0302,1.44,-0.17,1.3148
1994-12-31,30131676,482106816,16,1759800000,698100000,1127000000,499700000,616700000,16100000,11900000,93800000,377000000,613300000,22000000,21200000,0.71,0.66,0.15,93100000,-35800000,-56500000,800000,10400000,35100000,1.85,2.01,1.7,0.1205,None,1.25,1.49,None,0.04,0.2562,0.6233,0.3437,0.0269,1.44,0.12,1.397
1994-10-02,29812232,476995712,16,1776400000,710300000,1161200000,504200000,600000000,15200000,10700000,98500000,402700000,717500000,23300000,22500000,0.76,0.71,0.15,114400000,-19500000,-94200000,700000,9600000,14300000,1.65,1.77,1.52,None,None,1.24,1.38,None,0.03,None,0.6834,0.3317,None,None,0.21,1.4088
1994-07-03,29697757,475164112,16,1819800000,749000000,1222800000,452000000,579000000,18000000,11000000,99000000,517000000,676600000,17200000,16400000,0.55,0.52,0.15,66900000,-10500000,-57100000,-700000,8900000,21200000,1.73,1.91,1.55,None,None,1.2,1.48,None,0.02,None,0.9102,0.3121,None,None,0.1,1.6571
1994-04-03,29591512,473464192,16,1875600000,784100000,1295000000,526700000,563400000,17200000,9200000,99900000,514300000,587300000,10500000,9700000,0.33,0.31,0.15,-33700000,-23500000,58600000,1400000,9600000,23900000,1.71,1.9,1.52,None,None,1.17,1.47,None,0.01,None,0.928,0.2955,None,None,-0.12,1.4887
1993-12-31,29557117,472913872,16,1795600000,692100000,1221000000,451200000,558700000,15900000,10100000,101500000,513300000,None,None,None,None,None,0,None,None,None,None,8200000,0,1.76,1.95,1.57,None,None,1.16,None,None,0,None,0.9357,0.3055,None,None,None,1.5339
