"Quarter end","Shares","Shares split adjusted","Split factor","Assets","Current Assets","Liabilities","Current Liabilities","Shareholders equity","Non-controlling interest","Preferred equity","Goodwill & intangibles","Long-term debt","Revenue","Earnings","Earnings available for common stockholders","EPS basic","EPS diluted","Dividend per share","Cash from operating activities","Cash from investing activities","Cash from financing activities","Cash change during period","Cash at end of period","Capital expenditures","Price","Price high","Price low","ROE","ROA","Book value of equity per share","P/B ratio","P/E ratio","Cumulative dividends per share","Dividend payout ratio","Long-term debt to equity ratio","Equity to assets ratio","Net margin","Asset turnover","Free cash flow per share","Current ratio"
2019-06-30,147000000,147000000,1,6973000000,4156000000,2641000000,612000000,4332000000,0,0,162000000,0,838000000,296000000,296000000,2.01,1.99,0,143000000,79000000,-549000000,-327000000,1943000000,47000000,334.68,369,300.35,0.2409,0.1336,29.47,12.35,58.51,0,0,0,0.6213,0.2755,0.49,0.65,6.7908
2019-03-31,147000000,147000000,1,7390000000,4545000000,3283000000,1241000000,3985000000,122000000,0,1006000000,1112000000,846000000,233000000,233000000,1.58,1.57,0,198000000,988000000,-60000000,1126000000,2270000000,56000000,295.47,322.32,268.62,0.2347,0.1263,27.11,11.56,53.14,0,0,0.279,0.5392,0.2505,0.5,0.97,3.6624
2018-12-30,147000000,147000000,1,6959000000,4490000000,3053000000,1804000000,3758000000,148000000,0,1016000000,890000000,868000000,210000000,210000000,1.44,1.41,0,300000000,-348000000,-154000000,-202000000,1144000000,65000000,321.46,371.91,271,0.2443,0.1316,25.56,13.49,69.43,0,0,0.2368,0.54,0.2478,0.53,1.6,2.4889
2018-09-30,147000000,147000000,1,6759000000,4262000000,2947000000,1735000000,3503000000,309000000,0,1026000000,1114000000,853000000,199000000,199000000,1.35,1.33,0,292000000,-940000000,651000000,2000000,1346000000,64000000,323.63,372.61,274.66,0.2186,0.1169,23.83,14.6,73.39,0,0,0.318,0.5183,0.2109,0.55,1.55,2.4565
2018-07-01,147000000,147000000,1,5851000000,3337000000,2283000000,1217000000,3257000000,311000000,0,1036000000,723000000,830000000,209000000,209000000,1.42,1.41,0,295000000,-537000000,30000000,-216000000,1344000000,77000000,259.48,293.15,225.81,0.2184,0.1195,22.16,12.68,67.05,0,0,0.222,0.5567,0.2088,0.57,1.48,2.742
2018-04-01,147000000,147000000,1,5542000000,3194000000,2254000000,1180000000,3008000000,280000000,0,943000000,710000000,782000000,208000000,208000000,1.42,1.41,0,255000000,12000000,67000000,335000000,1560000000,90000000,232.07,256.64,207.51,0.2002,0.1095,20.46,12.41,46.98,0,0,0.236,0.5428,0.1931,0.57,1.12,2.7068
2017-12-31,147000000,147000000,1,5257000000,2980000000,2288000000,746000000,2749000000,220000000,0,946000000,1182000000,778000000,68000000,68000000,0.47,0.48,0,294000000,-315000000,-109000000,-129000000,1225000000,76000000,214.47,230.72,198.21,0.2672,0.147,18.7,10.97,40.93,0,0,0.43,0.5229,0.2638,0.56,1.48,3.9946
2017-10-01,146000000,146000000,1,5046000000,2805000000,2067000000,665000000,2855000000,124000000,0,956000000,1180000000,714000000,163000000,163000000,1.12,1.11,0,235000000,-97000000,-5000000,135000000,1354000000,84000000,191.16,214.34,167.98,0.3031,0.1665,19.55,10.28,38.23,0,0,0.4133,0.5658,0.3014,0.55,1.03,4.218
2017-07-02,146000000,146000000,1,4858000000,2643000000,2063000000,682000000,2715000000,80000000,0,967000000,1278000000,662000000,128000000,128000000,0.87,0.87,0,178000000,35000000,24000000,238000000,1219000000,69000000,178.32,189.48,167.16,0.3082,0.1665,18.6,10.21,36.02,0,0,0.4707,0.5589,0.3007,0.55,0.75,3.8754
2017-04-02,146000000,146000000,1,4598000000,2517000000,1988000000,721000000,2551000000,59000000,0,978000000,1055000000,598000000,367000000,367000000,2.5,2.48,0,168000000,163000000,-86000000,246000000,981000000,83000000,151.24,174.32,128.16,0.3273,0.1732,17.47,10.07,49.26,0,0,0.4136,0.5548,0.3052,0.57,0.58,3.491
2017-01-01,146300000,146300000,1,4280600000,2318091000,1966425000,704665000,2197229000,116946000,0,1018647000,1047805000,619347000,123762000,123762000,0.77,0.78,0,280153000,-173292000,-163492000,-60181000,734516000,81538000,153.13,186.88,119.37,0.2181,0.1136,15.02,10.04,51.21,0,0,0.4769,0.5133,0.1929,0.59,1.36,3.2896
2016-10-02,146900000,146900000,1,4227827000,2277836000,1873893000,628855000,2240147000,113787000,0,1031555000,1040765000,607139000,128888000,128888000,0.88,0.87,0,150300000,-341231000,34473000,-156965000,794697000,68612000,157.66,182.67,132.65,0.218,0.113,15.25,11.25,54.18,0,0,0.4646,0.5299,0.187,0.6,0.56,3.6222
2016-07-03,146600000,146600000,1,3985090000,2143021000,1811445000,581507000,2055771000,117874000,0,1044464000,1031370000,600124000,120412000,120412000,0.83,0.82,0,217047000,43537000,-63345000,196752000,951662000,67813000,152.94,178.77,127.1,0.221,0.1139,14.02,11.3,55.01,0,0,0.5017,0.5159,0.187,0.61,1.02,3.6853
2016-04-03,147200000,147200000,1,3793706000,2073798000,1689400000,481228000,1991109000,113197000,0,1045605000,1022646000,571763000,89587000,89587000,0.61,0.6,0,39738000,-43553000,-12349000,-13860000,754910000,53418000,159.31,188.25,130.37,0.219,0.1111,13.53,12.66,51.39,0,0,0.5136,0.5248,0.184,0.6,-0.09,4.3094
2016-01-03,147000000,147000000,1,3687747000,2096823000,1806648000,610494000,1848553000,32546000,0,1026250000,1015649000,591548000,104477000,104477000,0.72,0.7,0,240378000,229398000,-253141000,217241000,768770000,35611000,163.24,196.47,130,0.2563,0.1263,12.58,12.34,47.59,0,0,0.5494,0.5013,0.2079,0.61,1.39,3.4346
2015-09-27,146400000,146400000,1,3733548000,2210428000,1764853000,583857000,1936567000,32128000,0,1043033000,1007935000,550271000,118177000,118177000,0.81,0.79,0,180994000,-38927000,-180897000,-39528000,551529000,29459000,206.33,242.37,170.29,0.2995,0.143,13.23,16.64,63.1,0,0,0.5205,0.5187,0.2384,0.6,1.04,3.7859
2015-06-28,144700000,144700000,1,3703125000,2237691000,1909213000,725053000,1793912000,0,0,1013081000,1000829000,539378000,102247000,102247000,0.71,0.69,0,171445000,-142470000,27810000,57520000,591057000,41626000,200.88,223.08,178.68,0.3157,0.1406,12.4,17.82,69.51,0,0,0.5579,0.4844,0.2345,0.6,0.9,3.0862
2015-03-29,144100000,144100000,1,3499093000,2060281000,1875767000,710251000,1623326000,0,0,1026206000,993777000,538565000,136658000,136658000,0.95,0.92,0,66779000,-154147000,-12534000,-102617000,533537000,36551000,195.93,213.33,178.52,0.3161,0.1308,11.27,19.27,82.67,0,0,0.6122,0.4639,0.2173,0.6,0.21,2.9008
2014-12-28,143800000,143800000,1,3339640000,1889603000,1876842000,722158000,1462798000,0,0,1039404000,986780000,512379000,153280000,153280000,1.08,1.03,0,140549000,-332783000,202000,-193741000,636154000,64332000,171.25,197.37,145.12,0.2622,0.1112,10.17,19.09,92.07,0,0,0.6746,0.438,0.1898,0.59,0.53,2.6166
2014-09-28,142000000,142000000,1,3278206000,1906954000,2003893000,856401000,1274313000,0,0,1024232000,979836000,480630000,93489000,93489000,0.66,0.63,0,145605000,-44231000,55495000,154674000,829895000,34923000,170.93,185,156.85,0.2056,0.0907,8.97,22.06,117.88,0,0,0.7689,0.3887,0.1617,0.56,0.78,2.2267
2014-06-29,139400000,139400000,1,3035055000,1620721000,1954619000,649207000,1080436000,0,0,1026498000,972945000,447568000,46605000,46605000,0.36,0.31,0,178030000,114777000,-136521000,156708000,675221000,23324000,152.94,178.19,127.69,0.1572,0.0733,7.75,12.47,109.24,0,0,0.9005,0.356,0.1356,0.54,1.11,2.4965
2014-03-30,128400000,128400000,1,3053570000,1631943000,1479957000,1149779000,1573613000,0,0,1040243000,0,420781000,59977000,59977000,0.47,0.4,0,37087000,-144387000,-85924000,-193124000,518513000,19637000,145.05,183.3,106.79,0.1417,0.071,12.26,12.13,176.89,0,0,0,0.5153,0.1376,0.52,0.14,1.4194
2013-12-29,128199999,128199999,1,3019006000,1617535000,1485522000,322063000,1533202000,282000,0,1054234000,839305000,387326000,80661000,80661000,0.63,0.52,0,126839000,-150810000,43556000,19801000,711637000,35809000,91.66,110.54,72.77,0.0894,0.044,11.96,8.43,110.43,0,0,0.5474,0.5078,0.0882,0.5,0.71,5.0224
2013-09-29,126396050,126396050,1,2817696000,1537646000,1442422000,418925000,1374464000,810000,0,965103000,830690000,356800000,31357000,31357000,0.25,0.22,0,83136000,-101295000,-75053000,-91775000,691836000,18932000,78.97,85.81,72.13,0.0864,0.0426,10.87,7.11,95.14,0,0,0.6044,0.4878,0.0868,0.49,0.51,3.6705
2013-06-30,125120781,125120781,1,2823202000,1646391000,1433216000,418880000,1388592000,1394000,0,901057000,822169000,346094000,35877000,35877000,0.29,0.26,0,88606000,247477000,5784000,340529000,783611000,13876000,65.44,77.11,53.77,0.0877,0.0435,11.1,6.2,87.25,0,0,0.5921,0.4919,0.0903,0.48,0.6,3.9305
2013-03-31,124378537,124378537,1,2744188000,1550773000,1429877000,409941000,1311827000,2484000,0,911707000,813741000,330958000,-22587000,-22587000,-0.18,-0.18,0,87840000,-65021000,-13006000,9101000,443082000,21942000,52.29,56.58,48,0.0814,0.0406,10.55,4.92,46.27,0,0,0.6203,0.478,0.0849,0.48,0.53,3.7829
2012-12-30,124040754,124040754,1,2566085000,1787048000,1244346000,304571000,1318581000,3158000,0,499523000,805406000,309265000,71903000,71903000,0.59,0.53,0,78876000,18611000,-6042000,90892000,433981000,18000000,50.89,57,44.78,0.1239,0.0627,10.63,5.14,74.84,0,0,0.6108,0.5138,0.1317,0.48,0.49,5.8674
2012-09-30,123383865,123383865,1,2437983000,1646236000,1211951000,303099000,1222214000,3818000,0,505018000,797162000,285874000,29748000,29748000,0.24,0.22,0,51228000,-17105000,-8065000,26677000,343089000,28979000,44.09,49.27,38.92,0.0785,0.0392,9.91,4.59,72.28,0,0,0.6522,0.5013,0.0836,0.47,0.18,5.4313
2012-07-01,122989910,122989910,1,2348738000,1664372000,1163490000,299141000,1180783000,4465000,0,410860000,789008000,280607000,23401000,23401000,0.19,0.18,0,96329000,-9648000,-30264000,56218000,316412000,20946000,45.39,53,37.77,0.0732,0.0362,9.6,4.83,69.83,0,0,0.6682,0.5027,0.0784,0.46,0.61,5.5638
2012-04-01,123448010,123448010,1,2301474000,1637291000,1136202000,292926000,1160172000,5100000,0,424860000,780943000,272770000,26202000,26202000,0.21,0.2,0,65440000,-141870000,33616000,-42784000,260194000,13084000,42.05,55.39,28.72,0.0799,0.0399,9.4,4.78,68.93,0,0,0.6731,0.5041,0.0848,0.47,0.42,5.5894
2012-01-01,122327021,122327021,1,2195840000,1544619000,1114903000,237580000,1075215000,5722000,0,428328000,807369000,250071000,11720000,11720000,0.09,0.08,0,108300000,-42960000,7848000,73132000,302978000,27764000,33.05,40.53,25.57,0.0798,0.0397,8.79,3.87,42.37,0,0,0.7509,0.4897,0.0821,0.48,0.66,6.5015
2011-10-02,121439286,121439286,1,2147059000,1504214000,1105187000,297213000,1035540000,6332000,0,431620000,765077000,235499000,20151000,20151000,0.17,0.15,0,90042000,67101000,-187830000,-31238000,229846000,22181000,59.61,79.4,39.82,0.1015,0.0542,8.53,6.34,68.52,0,0,0.7388,0.4823,0.1063,0.51,0.56,5.0611
2011-07-03,124339763,124339763,1,2256986000,1623315000,1080241000,284455000,1168304000,8441000,0,434561000,757274000,287450000,30620000,30620000,0.25,0.22,0,71220000,-272264000,51517000,-149257000,261084000,17191000,71.11,76.81,65.41,0.1134,0.0648,9.4,8.23,82.69,0,0,0.6482,0.5176,0.1204,0.54,0.43,5.7068
2011-04-03,123132000,123132000,1,2123149000,1511473000,1058923000,345313000,1064226000,0,0,438962000,652083000,282515000,24137000,24137000,0.19,0.16,0,88578000,-152876000,225481000,161394000,410341000,12414000,68,74.12,61.87,0.116,0.0698,8.64,7.25,79.07,0,0,0.6127,0.5012,0.1287,0.54,0.62,4.3771
2011-01-02,127626004,127626004,1,1839113000,1258398000,641438000,534517000,1197675000,0,0,348230000,0,261298000,38440000,38440000,0.31,0.25,0,81481000,-70057000,26544000,38180000,248947000,12534000,57.15,66.59,47.7,0.1166,0.0744,9.38,6.45,81.64,0,0,0,0.6512,0.1383,0.54,0.54,2.3543
2010-10-03,125043975,125043975,1,1725221000,1140347000,617100000,500424000,1108121000,0,0,350445000,0,237309000,35447000,35447000,0.28,0.24,0,60769000,-95330000,12408000,-26420000,210767000,19070000,46.04,50.93,41.15,0.0994,0.0623,8.86,5.52,79.38,0,0,0,0.6423,0.1194,0.52,0.33,2.2788
2010-07-04,124285833,124285833,1,1641885000,1088267000,604925000,481856000,1036960000,0,0,342117000,0,212003000,29796000,29796000,0.24,0.21,0,74959000,-95735000,43216000,23962000,237187000,14417000,41.21,45.72,36.7,0.083,0.0522,8.34,5.33,74.93,0,0,0,0.6316,0.1074,0.49,0.49,2.2585
2010-04-04,121793243,121793243,1,1505211000,1040514000,563414000,445840000,941797000,0,0,255515000,0,192131000,21208000,21208000,0.18,0.16,0,55364000,-23931000,34306000,68592000,213225000,10447000,35.33,40.9,29.76,0.0797,0.0502,7.73,4.92,66.66,0,0,0,0.6257,0.1078,0.47,0.37,2.3338
2010-01-03,120298934,120298934,1,1429937000,981590000,565689000,441236000,864248000,0,0,257240000,0,180564000,11705000,11705000,0.1,0.09,0,61328000,16404000,-171149000,-93895000,144633000,5534000,35.12,43.74,26.5,0.079,0.0497,7.18,4.38,55.75,0,0,0,0.6044,0.1085,0.46,0.46,2.2246
2009-09-27,125092566,125092566,1,1541716000,1031356000,539596000,412642000,1002120000,0,0,271821000,0,158360000,17077000,17077000,0.14,0.12,0,23051000,-158994000,25341000,-113569000,238528000,19697000,36.16,41.23,31.1,0.0982,0.0621,8.01,4.78,80.36,0,0,0,0.65,0.1384,0.45,0.03,2.4994
2009-06-28,124138502,124138502,1,1477168000,981759000,537428000,405297000,939740000,0,0,273539000,0,161643000,24688000,24688000,0.2,0.18,0,39369000,-73310000,39133000,951000,352097000,14022000,36.9,39.53,34.27,0.0745,0.0466,7.57,5.31,95.84,0,0,0,0.6362,0.102,0.46,0.2,2.4223
2009-03-29,123029701,123029701,1,1372570000,897167000,517435000,383312000,855135000,0,0,274802000,0,165757000,18811000,18811000,0.15,0.14,0,50748000,-39818000,7813000,24122000,351146000,12569000,31.15,38.87,23.43,0.0733,0.0438,6.95,4.44,89,0,0,0,0.623,0.0905,0.48,0.31,2.3406
2008-12-28,121077875,121077875,1,1377100000,864937000,528504000,509558000,848596000,0,0,276489000,0,160927000,28939000,28939000,0.23,0.19,0,86117000,-67222000,-49414000,-28195000,327024000,14554000,30.57,42.32,18.82,0.0764,0.0433,7.01,4.44,244.56,0,0,0,0.6162,0.0881,0.49,0.59,1.6974
2008-09-28,123738333,123738333,1,1361322000,875226000,508329000,491347000,852993000,0,0,279033000,460000,150260000,-7288000,-7288000,-0.06,-0.06,0,27297000,-164520000,356936000,222251000,355219000,15316000,42.42,47.88,36.97,0.0317,0.0164,6.89,9.87,139.08,0,0,0.0005,0.6266,0.0333,0.49,0.1,1.7813
2008-06-29,57163393,114326786,2,992685000,506656000,500933000,486048000,491752000,0,0,281745000,0,140177000,15398000,15398000,0.27,0.23,0,37223000,-37384000,14171000,14354000,132968000,22860000,39.2,43.5,34.9,0.0938,0.0422,4.3,9.8,145.19,0,0,0,0.4954,0.0832,0.51,0.13,1.0424
2008-03-30,56423939,112847878,2,935752000,464662000,484663000,469524000,451089000,0,0,284424000,0,121861000,13428000,13428000,0.24,0.21,0,-62755000,-8123000,15979000,-56327000,118614000,6963000,33.09,38.3,27.89,0.0901,0.0378,4,8.92,None,0,0,0,0.4821,0.0796,0.48,-0.62,0.9896
2007-12-30,55545039,111090078,2,987732000,562755000,576054000,165715000,411678000,0,0,286850000,400000000,112604000,-4050000,-4050000,-0.07,-0.07,0,11853000,68382000,30444000,110834000,174941000,9084000,28.43,31.69,25.17,-0.866,-0.3359,3.71,9.67,None,0,None,0.9716,0.4168,None,0.44,0.02,3.3959
2007-09-30,54700385,109400770,2,810209000,486931000,488951000,79021000,321258000,0,0,271860000,400000000,97510000,14503000,14503000,0.27,0.24,0,5315000,-32144000,10433000,-17010000,64107000,5332000,23.48,26.94,20.02,-0.9173,-0.3915,2.94,8.83,None,0,None,1.2451,0.3965,None,0.48,-0,6.162
2007-07-01,53952776,107905552,2,773574000,452186000,486739000,76607000,286835000,0,0,272074000,400000000,84535000,9264000,9264000,0.17,0.16,0,24483000,-69514000,2465000,-42412000,81117000,6646000,17.75,21.04,14.47,None,-0.4929,2.66,7.16,None,0,None,1.3945,0.3708,None,0.52,0.17,5.9027
2007-04-01,53605794,107211588,2,742837000,424536000,476877000,66728000,265960000,0,0,272501000,400006000,72150000,-298076000,-298076000,-5.58,-5.58,0,14643000,-34410000,104950000,85143000,123529000,3239000,17.57,21.09,14.05,None,-0.6741,2.48,8.53,45.64,0,None,1.504,0.358,None,0.59,0.11,6.3622
2006-12-31,60049268,120098536,2,300584000,193726000,53242000,33776000,247342000,0,0,13440000,0,60435000,17142000,17142000,0.36,0.31,0,8781000,-18369000,3788000,-5780000,38386000,1637000,19.52,22.93,16.1,0.2209,0.1775,2.06,8.6,84.87,0,0,0,0.8229,0.2165,0.82,0.06,5.7356
2006-10-01,46507858,93015716,2,256477000,220903000,45403000,33456000,211074000,0,0,10186000,0,53472000,16162000,16162000,0.35,0.32,0,12956000,-125637000,4478000,-108084000,44166000,4328000,16.75,20,13.51,0.1687,0.1322,2.27,8.25,304.55,0,0,0,0.823,0.1573,0.84,0.09,6.6028
2006-07-02,45952517,91905034,2,230951000,199338000,44283000,34871000,186668000,0,0,8885000,0,41577000,6768000,6768000,0.16,0.14,0,14903000,-9501000,97928000,103206000,152250000,4957000,13.4,16,10.8,0.0544,0.0411,2.03,14.26,None,0,0,0,0.8083,0.0491,0.84,0.11,5.7164
2006-04-02,41701483,83402966,2,112526000,84589000,33804000,24697000,78722000,0,0,8722000,25000,29102000,-104000,-104000,0,0,0,2360000,-7228000,3102000,-1778000,49044000,4192000,10.44,13.99,6.88,-0.2699,-0.1967,0.94,11.86,None,0,None,0.0003,0.6996,None,0.87,-0.02,3.4251
2006-01-01,41269312,82538624,2,100610000,79710000,28113000,21718000,72497000,0,0,4769000,54000,23013000,326000,326000,-0,-0,0,2080000,-2529000,965000,650000,50822000,2529000,7.39,8.4,6.38,-0.2916,-0.2182,0.88,8.59,None,0,None,0.0007,0.7206,None,0.77,-0.01,3.6702
2005-10-02,41149938,82299876,2,97026000,76323000,25922000,19742000,71104000,0,0,5361000,0,19516000,-1426000,-1426000,-0.03,-0.03,0,-3894000,-2634000,2090000,-4394000,50172000,2634000,6.42,7.42,5.41,-0.251,-0.1905,0.86,7.38,None,0,None,0,0.7328,None,0.69,-0.08,3.866
2005-07-03,40554585,81109170,2,91259000,72938000,20970000,15067000,70289000,0,0,4748000,0,15824000,-18539000,-18539000,-0.46,-0.46,0,-3869000,3555000,1624000,1613000,54566000,3172000,5.21,6.47,3.95,-0.2616,-0.1995,0.87,5.54,None,0,None,0,0.7702,None,0.64,-0.09,4.8409
2005-04-03,38593874,77187748,2,93780000,80413000,21358000,15585000,72422000,0,0,2536000,0,15148000,-1235000,-1235000,-0.03,-0.03,0,-3325000,73000,1284000,-1836000,52953000,3060000,4.51,5.67,3.36,-0.0499,-0.0348,0.94,4.75,None,0,None,0,0.7723,None,0.54,-0.08,5.1596
2005-01-02,38124708,76249416,2,94907000,83691000,22645000,19048000,72262000,0,0,2642000,0,14782000,3248000,3248000,0.08,0.08,0,1860000,-1435000,121000,467000,54789000,1400000,3.96,4.83,3.08,-0.0975,-0.0607,0.95,4.4,None,0,None,0,0.7614,None,0.49,0.01,4.3937
2004-10-03,38076858,76153716,2,92072000,81520000,23343000,19840000,68729000,0,0,2682000,0,13512000,-2026000,-2026000,-0.05,-0.05,0,-15576000,40158000,-24286000,312000,54322000,-40158000,2.87,3.61,2.12,-0.2338,-0.1299,0.9,3.12,None,0,None,0,0.7465,None,0.45,0.32,4.1089
2004-06-27,37758763,75517526,2,125301000,79268000,55600000,20543000,69701000,0,0,904000,24792000,11486000,-3516000,-3516000,-0.1,-0.1,0,-1148000,17768000,28549000,45270000,54010000,719000,3.74,4.44,3.04,-0.3187,-0.1581,0.92,5.58,None,0,None,0.3557,0.5563,None,0.38,-0.02,3.8586
2004-03-28,33170663,66341326,2,98223000,39663000,53505000,9765000,44718000,0,0,941000,24893000,10803000,-3931000,-3931000,-0.12,-0.12,0,-4710000,531000,491000,-3725000,8740000,727000,4.19,5.12,3.25,-0.4427,-0.2148,0.67,5.82,None,0,None,0.5567,0.4553,None,0.34,-0.08,4.0618
2003-12-28,32900523,65801046,2,99234000,40418000,51846000,8189000,47388000,0,0,848000,24999000,10741000,-4000000,-4000000,-0.13,-0.13,0,-5460000,8003000,-67000,2476000,12465000,289000,3.42,4.25,2.6,-0.496,-0.2534,0.72,4.38,None,0,None,0.5275,0.4775,None,0.26,-0.09,4.9356
2003-09-28,32850123,65700246,2,106276000,58513000,55217000,20127000,51059000,0,0,1020000,25090000,8249000,-5511000,-5511000,-0.17,-0.17,0,-664000,3951000,236000,3523000,9989000,545000,2.03,2.65,1.41,-0.5058,-0.2727,0.78,2.36,None,0,None,0.4914,0.4804,None,0.19,-0.02,2.9072
2003-06-29,32684211,65368422,2,106537000,58319000,50635000,15218000,55902000,0,0,948000,25180000,4769000,-8592000,-8592000,-0.27,-0.27,0,-7155000,8915000,-173000,1587000,6466000,328000,1.51,2.1,0.91,-0.4851,-0.2776,0.86,1.54,None,0,None,0.4504,0.5247,None,0.13,-0.11,3.8322
2003-03-30,32688967,65377934,2,115219000,66170000,51333000,15656000,63886000,0,0,973000,25273000,4276000,-8960000,-8960000,-0.28,-0.28,0,-4977000,7599000,220000,2842000,4879000,886000,1.44,1.98,0.9,-0.5434,-0.3255,0.98,1.31,None,0,None,0.3956,0.5545,None,0.1,-0.09,4.2265
2002-12-29,32686892,65373784,2,121906000,72819000,50162000,14297000,71744000,0,0,786000,25367000,3886000,-7615000,-7615000,-0.3,-0.3,0,-5853000,6857000,-152000,852000,2037000,1461000,2.19,2.92,1.46,-0.4826,-0.3076,1.1,1.81,None,0,None,0.3536,0.5885,None,0.08,-0.11,5.0933
2002-09-29,32490095,64980190,2,128465000,78899000,49770000,13723000,78695000,0,0,691000,25451000,2985000,-7602000,-7602000,-0.24,-0.24,0,-5551000,5888000,143000,480000,1185000,619000,2.29,3.11,1.47,-0.4435,-0.3119,1.21,1.75,None,0,None,0.3234,0.6126,None,0.05,-0.09,5.7494
2002-06-30,32387895,64775790,2,133614000,83619000,48925000,12686000,84689000,0,0,582000,25533000,1900000,-16447000,-16447000,-0.54,-0.54,0,-7090000,-2483000,-139000,-9712000,705000,1240000,3.33,4.5,2.17,-0.3872,-0.2986,1.31,2.18,None,0,None,0.3015,0.6338,None,0.04,-0.13,6.5914
2002-03-31,32327591,64655182,2,140552000,90647000,41421000,4889000,99131000,0,0,588000,25619000,1269000,-8667000,-8667000,-0.28,-0.28,0,-7099000,-12903000,26254000,6252000,10417000,24304000,4.71,6.17,3.25,-0.2617,-0.2195,1.53,2.85,None,0,None,0.2584,0.7053,None,0.02,-0.49,18.541
2001-12-30,32319768,64639536,2,122465000,96260000,15674000,4808000,106791000,0,0,0,590000,761112,-8227102,-8227102,-0.27,-0.27,0,-339414,818305,-57514,421377,4165000,5990285,4.49,6,2.98,-0.2164,-0.1944,1.65,2.55,None,0,None,0.0055,0.872,None,0.02,-0.1,20.0208
2001-09-30,32219600,64439200,2,127544885,105009015,13937076,3206790,113607809,0,0,422020,667786,691356,-5784894,-5784894,-0.19,-0.19,0,-5205342,-2807947,333190,-7680099,3743359,5111489,4.77,6.58,2.95,None,None,1.76,2.62,None,0,None,0.0059,0.8907,None,None,-0.16,32.7458
2001-06-30,32153598,64307196,2,130152392,123074905,13047447,3429361,117104945,0,0,417706,743086,469840,-5892927,-5892927,-0.2,-0.2,0,-2936839,-99221284,-17539,-102175662,11423458,2415152,4.49,6.03,2.94,None,None,1.82,2.38,None,0,None,0.0063,0.8998,None,None,-0.08,35.8886
2001-03-31,32093034,64186068,2,130692722,125704140,9446483,3442975,121246239,0,0,427173,816008,563692,-4918077,-4918077,-0.17,-0.17,0,-2443405,-455074,395863,-2502616,113599120,1455074,7.21,10.88,3.53,None,None,1.89,3.74,None,0,None,0.0067,0.9277,None,None,-0.06,36.5103
2000-12-31,32068459,64136918,2,132792679,129066653,8692943,2806316,124099736,0,0,37867,886627,None,None,None,None,None,0,-10219040,4852050,-114116,-5481106,116101736,1314474,15.44,22.88,8,None,None,1.93,7.76,None,0,None,0.0071,0.9345,None,None,-0.18,45.9915
2000-09-30,31939420,63878840,2,134965004,132394118,8154162,2199146,126810842,0,0,445755,955016,662589,-3874653,-3874653,-0.19,-0.19,0,-1288333,1988119,101287869,101987655,121582842,788031,19.99,23.32,16.66,None,None,1.99,45.43,None,0,None,0.0075,0.9396,None,None,-0.03,60.2025
2000-06-30,31291087,62582174,2,33694192,32072232,6186800,1415555,27507392,0,0,131176,1021245,78652,-5269543,-5269543,-2.05,-2.05,0,None,None,None,None,19595187,0,None,None,None,None,None,0.44,None,None,0,None,0.0371,0.8164,None,None,None,22.657
