"Quarter end","Shares","Shares split adjusted","Split factor","Assets","Current Assets","Liabilities","Current Liabilities","Shareholders equity","Non-controlling interest","Preferred equity","Goodwill & intangibles","Long-term debt","Revenue","Earnings","Earnings available for common stockholders","EPS basic","EPS diluted","Dividend per share","Cash from operating activities","Cash from investing activities","Cash from financing activities","Cash change during period","Cash at end of period","Capital expenditures","Price","Price high","Price low","ROE","ROA","Book value of equity per share","P/B ratio","P/E ratio","Cumulative dividends per share","Dividend payout ratio","Long-term debt to equity ratio","Equity to assets ratio","Net margin","Asset turnover","Free cash flow per share","Current ratio"
2019-06-29,85724337,85724337,1,4040800000,2011400000,2503500000,1015700000,1537300000,0,0,599400000,1240100000,1163500000,77500000,77500000,0.89,0.89,0.21,218700000,374000000,-96700000,497100000,667700000,47100000,47.89,54.76,41.02,0.0997,0.0367,17.93,2.73,27.06,11.21,0.4595,0.8067,0.3804,0.0307,1.2,2,1.9803
2019-03-30,87076644,87076644,1,4329800000,1937800000,2802900000,1205700000,1526900000,0,0,1270800000,1245600000,1275900000,-36300000,-36300000,-0.42,-0.42,0.21,-79400000,-91900000,38200000,-132800000,170600000,88100000,50.12,55.35,44.89,0.1012,0.0384,17.54,2.76,16.65,11,0.4454,0.8158,0.3526,0.0296,1.3,-1.92,1.6072
2018-12-31,87028425,87028425,1,4285700000,1880200000,2703100000,1256500000,1582600000,0,0,1413500000,1179500000,1304900000,43400000,43400000,0.5,0.49,0.21,103000000,-76600000,-33500000,-8500000,303400000,68400000,54.92,67.92,41.92,0.1733,0.0693,18.18,3.06,45.77,10.79,0.2555,0.7453,0.3693,0.0514,1.35,0.4,1.4964
2018-09-29,86740007,86740007,1,4210900000,1866200000,2652800000,1484600000,1558100000,0,0,1438700000,891000000,1298000000,70000000,70000000,0.8,0.8,0.19,33100000,-934600000,768200000,-133400000,311900000,28200000,65.8,69.82,61.78,0.0697,0.0292,17.96,3.8,51.41,10.58,0.63,0.5719,0.37,0.0223,1.31,0.06,1.257
2018-06-30,86722762,86722762,1,3421000000,1886600000,1920000000,1110800000,1501000000,0,0,568100000,429000000,1400900000,79000000,79000000,0.9,0.9,0.19,268000000,-54100000,-54200000,151900000,445300000,55700000,62.84,69.27,56.41,0.0756,0.0336,17.31,3.7,36.96,10.39,0.5627,0.2858,0.4388,0.025,1.34,2.45,1.6984
2018-03-31,87164846,87164846,1,3404600000,1862700000,1923800000,1076400000,1480800000,0,0,571600000,428900000,1155400000,72900000,72900000,0.83,0.82,0.19,-67100000,-42000000,-60000000,-164800000,293400000,34400000,59.9,64.45,55.35,0.1016,0.0456,16.99,3.54,37.67,10.2,0.4035,0.2896,0.4349,0.0343,1.33,-1.16,1.7305
2017-12-31,87557279,87557279,1,3358200000,1846700000,1875300000,1035100000,1482900000,0,0,569700000,431800000,856200000,-116900000,-116900000,-1.32,-1.32,0.19,145500000,-57000000,-30000000,56400000,458200000,35600000,54.14,60.25,48.04,0.0964,0.0437,16.94,3.02,17.46,10.01,0.4131,0.2912,0.4416,0.0325,1.34,1.26,1.7841
2017-09-30,87689887,87689887,1,3399200000,1776700000,1829100000,980100000,1570100000,0,0,591800000,437600000,1141500000,79000000,79000000,0.89,0.88,0.165,83300000,-58300000,-75600000,-46100000,401800000,45300000,56.25,63.79,48.72,0.1864,0.0842,17.91,3.22,17.86,9.82,0.2102,0.2787,0.4619,0.0593,1.42,0.43,1.8128
2017-07-01,88719780,88719780,1,3383700000,1777800000,1835900000,985800000,1547800000,0,0,579300000,438200000,1352000000,119400000,119400000,1.33,1.32,0.165,258100000,-41300000,-54900000,163400000,447900000,46900000,58.99,63.82,54.16,0.195,0.0872,17.45,3.58,19.66,9.66,0.202,0.2831,0.4574,0.0613,1.42,2.38,1.8034
2017-04-01,89306657,89306657,1,3273900000,1671000000,1800300000,956500000,1473600000,0,0,579300000,435400000,1160300000,64900000,64900000,0.72,0.71,0.165,-86600000,-22300000,-43200000,-149100000,284500000,53200000,57.84,61.74,53.95,0.1925,0.0847,16.5,3.59,19.34,9.49,0.2062,0.2955,0.4501,0.0603,1.4,-1.57,1.747
2016-12-31,89524751,89524751,1,3284700000,1688500000,1844600000,964900000,1440100000,0,0,578600000,436500000,1083000000,17700000,17700000,0.19,0.19,0.17,143100000,-106600000,-45800000,-14800000,422400000,61800000,49.16,56.3,42.02,0.1983,0.0856,16.09,3.07,18.21,9.33,0.2022,0.3031,0.4384,0.0615,1.39,0.91,1.7499
2016-10-01,89689502,89689502,1,3241200000,1698800000,1806500000,917700000,1434700000,0,0,577100000,448000000,1093000000,85400000,85400000,0.94,0.93,0.15,68900000,-84300000,-40200000,-55600000,437200000,41800000,47.53,50.96,44.1,0.1841,0.0781,16,3.09,18.42,9.16,0.2178,0.3123,0.4426,0.0567,1.38,0.3,1.8511
2016-07-02,90219878,90219878,1,3243600000,1732900000,1855400000,930600000,1388200000,0,0,528100000,447900000,1242200000,108100000,108100000,1.18,1.17,0.15,303100000,-60900000,-34300000,210600000,492800000,42300000,46.39,51.59,41.19,0.182,0.0758,15.39,3.22,17.44,9.01,0.2178,0.3226,0.428,0.0558,1.36,2.89,1.8621
2016-04-02,90630895,90630895,1,3122700000,1609400000,1817400000,896200000,1305300000,0,0,517100000,446100000,1070300000,64800000,64800000,0.71,0.7,0.15,-93200000,-232700000,-52100000,-375100000,282200000,46100000,43.18,50.31,36.05,0.194,0.0797,14.4,3.07,16.87,8.86,0.2011,0.3418,0.418,0.0595,1.34,-1.54,1.7958
2015-12-31,91029965,91029965,1,3152500000,1984900000,1871200000,908100000,1281300000,0,0,353800000,444400000,986100000,-9300000,-9300000,-0.1,-0.1,0.15,96200000,-22200000,-36300000,35400000,657300000,33700000,51.58,55.51,47.64,0.1919,0.0778,14.08,3.64,19.69,8.71,0.1993,0.3468,0.4064,0.0588,1.32,0.69,2.1858
2015-10-03,91045281,91045281,1,3127000000,2023600000,1837900000,863400000,1289100000,0,0,348400000,449100000,991900000,75900000,75900000,0.82,0.81,0.125,127300000,-37400000,-46000000,39000000,621900000,32700000,50.88,55.27,46.49,0.2003,0.0795,14.16,3.7,17.48,8.56,0.1888,0.3484,0.4122,0.0629,1.26,1.04,2.3438
2015-07-04,91947474,91947474,1,3100300000,1979000000,1836800000,863200000,1263500000,0,0,341400000,445600000,1142000000,117800000,117800000,1.26,1.25,0.125,232300000,32700000,-51400000,214700000,582900000,30900000,52.67,55.29,50.05,0.2239,0.0891,13.74,4.08,20.34,8.43,0.1701,0.3527,0.4075,0.0713,1.25,2.19,2.2926
2015-04-04,92698739,92698739,1,3033800000,1874000000,1836600000,845300000,1197200000,0,0,340200000,452600000,985700000,57000000,57000000,0.61,0.6,0.125,-132300000,-12900000,-29800000,-184500000,368200000,32800000,53.31,56.4,50.22,0.2033,0.0801,12.91,4.22,20.58,8.31,0.1814,0.378,0.3946,0.0637,1.26,-1.78,2.217
2014-12-31,92823217,92823217,1,3134400000,1967800000,1962900000,900100000,1171500000,0,0,342400000,454300000,797600000,-4300000,-4300000,-0.04,-0.04,0.13,112700000,-123000000,-33000000,-43300000,552700000,45000000,45.61,51.94,39.29,0.2077,0.0807,12.62,3.31,5.18,8.18,0.1719,0.3878,0.3738,0.064,1.26,0.73,2.1862
2014-09-27,92953709,92953709,1,3069100000,1895200000,1789900000,863500000,1279200000,0,0,345800000,452300000,932100000,104400000,104400000,1.11,1.1,0.125,46900000,225000000,-10100000,261800000,596000000,24300000,42.22,44.9,39.55,0.7232,0.2779,13.76,3.3,5.07,8.05,0.0474,0.3536,0.4168,0.2108,1.32,0.24,2.1948
2014-06-28,92890544,92890544,1,3034900000,1659300000,1848200000,883800000,1186700000,0,0,344400000,453000000,1139800000,88600000,88600000,0.95,0.93,0.1,185200000,-65200000,-11800000,108200000,334200000,27900000,42.74,46.53,38.95,0.8699,0.2774,12.78,3.63,5.18,7.93,0.0355,0.3817,0.391,0.201,1.38,1.69,1.8775
2014-03-29,92723574,92723574,1,2945700000,1559800000,1852400000,867500000,1093300000,0,0,326600000,453500000,969200000,57000000,57000000,0.61,0.6,0.1,-108200000,-16500000,-5800000,-130500000,226000000,21800000,43.44,46.74,40.13,None,0.2911,11.79,3.87,5.31,7.83,0.0239,0.4148,0.3712,0.2011,1.45,-1.4,1.798
2013-12-31,92565929,92565929,1,2915800000,1508600000,1877400000,883100000,1038400000,0,0,327100000,458500000,901500000,581200000,581200000,6.33,6.18,0.1,45900000,-27500000,12000000,30400000,356500000,42400000,42.78,46.48,39.09,None,0.3026,11.22,13.45,36.25,7.73,0.012,0.4415,0.3561,0.1979,1.53,0.04,1.7083
2013-09-28,90947278,90947278,1,2416900000,1402500000,2127600000,858100000,289300000,0,0,327600000,459900000,892400000,57800000,57800000,0.63,0.61,0,43100000,-40900000,-3600000,-1400000,326100000,33600000,36.56,40.76,32.36,0.6339,0.0466,3.18,15.49,61.97,7.63,0.04,1.5897,0.1197,0.0298,1.56,0.1,1.6344
2013-06-29,90539625,90539625,1,2390700000,1380600000,2177200000,877000000,213500000,0,0,327000000,466400000,1098300000,80400000,80400000,0.88,0.86,0,189300000,23800000,-127600000,85500000,327500000,39200000,32.91,35.4,30.42,0.3746,0.0233,2.36,22.85,52.24,7.63,0.0792,2.1845,0.0893,0.0151,1.54,1.66,1.5742
2013-03-30,90456082,90456082,1,2444100000,1411400000,2313500000,900700000,130600000,0,0,327900000,562900000,995300000,49800000,49800000,0.55,0.53,0,-108200000,63200000,2700000,-42300000,242000000,15100000,34.08,37.23,30.92,0.4351,0.0242,1.44,39.63,64.3,7.63,0.075,4.3101,0.0534,0.0161,1.5,-1.36,1.567
2012-12-31,90179683,90179683,1,2424200000,1360100000,2346500000,937200000,77700000,0,0,329800000,563600000,791600000,-75300000,-75300000,-0.82,-0.82,0.05,54000000,-43700000,-36300000,-26000000,284300000,46400000,25.16,29.09,21.24,0.3966,0.0199,0.86,12.1,24.67,7.63,0.0902,7.2535,0.0321,0.0134,1.48,0.08,1.4512
2012-09-29,89525734,89525734,1,2507900000,1460700000,2322100000,908000000,185800000,0,0,332400000,590900000,884800000,2000000,2000000,0.02,0.02,0,61500000,-32500000,-84700000,-55700000,310300000,29900000,22.84,25.46,20.21,0.8367,0.0379,2.08,12.9,21.75,7.58,0.0466,3.1803,0.0741,0.0258,1.47,0.35,1.6087
2012-06-30,89411983,89411983,1,2571500000,1506100000,2413100000,898000000,158400000,0,0,336600000,668200000,1067000000,83600000,83600000,0.93,0.9,0,114900000,-29700000,-26300000,58900000,366000000,11600000,23.43,27.04,19.83,0.8536,0.0387,1.77,25.47,26.03,7.58,0.0453,4.2184,0.0616,0.0265,1.46,1.16,1.6772
2012-03-31,89313117,89313117,1,2532000000,1442900000,2449600000,890900000,82400000,0,0,339100000,688700000,974200000,39700000,39700000,0.44,0.43,0,-69700000,39800000,-1200000,-31100000,307100000,8500000,22.59,26.7,18.49,0.6556,0.0324,0.92,64.54,29.34,7.58,0.053,8.358,0.0325,0.0225,1.44,-0.88,1.6196
2011-12-31,89192252,89192252,1,2494000000,1356100000,2463100000,908100000,30900000,0,0,339500000,690400000,789100000,-29600000,-29600000,-0.33,-0.33,0.05,7900000,-31700000,-22500000,-46300000,338200000,23800000,16.3,19.14,13.46,0.519,0.0272,0.35,7.65,None,7.58,0.062,22.343,0.0124,0.0192,1.42,-0.18,1.4933
2011-10-01,89096699,89096699,1,2577800000,1434400000,2388400000,902600000,189400000,0,0,342100000,701200000,876700000,4700000,4700000,0.05,0.05,0,0,-47700000,-94800000,-142500000,384500000,19800000,17.76,21.91,13.61,-0.0175,-0.001,2.13,7.53,None,7.53,None,3.7022,0.0735,None,1.37,-0.22,1.5892
2011-07-02,89076560,89076560,1,2792000000,1630200000,2581600000,967900000,210400000,0,0,346000000,785200000,1096300000,69300000,69300000,0.78,0.75,0,164300000,-34900000,-26400000,103000000,527000000,12800000,22.01,26.93,17.09,-0.0934,-0.0053,2.36,15.83,None,7.53,None,3.7319,0.0754,None,1.33,1.7,1.6843
2011-04-02,89039560,89039560,1,2723400000,1565600000,2600000000,957600000,123400000,0,0,347300000,809900000,985900000,27500000,27500000,0.31,0.3,0,-83100000,-20100000,-24200000,-127400000,424000000,2800000,22.23,25.51,18.95,-0.4583,-0.0258,1.39,28.14,None,7.53,None,6.5632,0.0453,None,1.3,-0.96,1.6349
2010-12-31,88939135,88939135,1,2678000000,1535800000,2607600000,951600000,70400000,0,0,347600000,828400000,728800000,-104100000,-104100000,-1.17,-1.17,0.05,12800000,-129700000,-8200000,-125100000,551400000,25300000,17.07,19.28,14.86,-0.6505,-0.0405,0.79,6.97,None,7.53,None,11.767,0.0263,None,1.25,-0.14,1.6139
2010-10-02,88656402,88656402,1,2731700000,1594100000,2514600000,902500000,217100000,0,0,350700000,829800000,815400000,-7200000,-7200000,-0.08,-0.08,0,54500000,-7900000,10300000,56900000,676500000,8900000,14.81,17.49,12.13,-0.6366,-0.0477,2.45,6.52,None,7.48,None,3.8222,0.0795,None,1.22,0.51,1.7663
2010-07-03,88624909,88624909,1,2743400000,1589600000,2542500000,931600000,200900000,0,0,350400000,819200000,1014700000,13700000,13700000,0.15,0.15,0,110000000,-9700000,-33100000,67200000,619600000,8700000,17.51,22.62,12.39,None,-0.0857,2.27,8.07,None,7.48,None,4.0777,0.0732,None,1.15,1.14,1.7063
2010-04-03,88527610,88527610,1,2758100000,1547900000,2566400000,920100000,191700000,0,0,363200000,844200000,844400000,-13000000,-13000000,-0.15,-0.15,0,28100000,-7900000,5600000,25800000,552400000,7600000,13.27,16.2,10.34,None,-0.1479,2.17,5.58,None,7.48,None,4.4038,0.0695,None,1.03,0.23,1.6823
2009-12-31,88444430,88444430,1,2709400000,1458700000,2499100000,906600000,210300000,0,0,368100000,839400000,657300000,-124000000,-124000000,-1.41,-1.41,0.05,-4600000,-13200000,-79700000,-97500000,526600000,11800000,11.29,13.11,9.48,None,-0.2057,2.38,2.97,None,7.48,None,3.9914,0.0776,None,0.97,-0.19,1.609
2009-10-03,88298669,88298669,1,2880400000,1543200000,2544600000,872500000,335800000,0,0,371100000,904800000,665800000,-114300000,-114300000,-1.29,-1.29,0,62000000,4000000,96900000,162900000,624100000,200000,7.78,12.05,3.51,None,-0.1774,3.8,1.63,None,7.43,None,2.6945,0.1166,None,0.99,0.7,1.7687
2009-07-04,88262435,88262435,1,2874400000,1496600000,2453600000,957500000,420800000,0,0,372600000,727800000,718300000,-163700000,-163700000,-1.85,-1.85,0,17600000,4800000,79700000,102100000,461200000,2000000,5.57,7.63,3.51,None,-0.3658,4.77,0.9,None,7.43,None,1.7296,0.1464,None,1.07,0.18,1.563
2009-04-04,88201004,88201004,1,2936600000,1504400000,2389300000,894300000,547300000,0,0,371200000,728100000,734700000,-184200000,-184200000,-2.08,-2.08,0,50500000,-7900000,-1000000,41600000,359100000,6300000,4.04,5.91,2.18,-0.8999,-0.2822,6.21,0.49,None,7.43,None,1.3303,0.1864,None,1.17,0.5,1.6822
2008-12-31,88163535,88163535,1,3223900000,1736900000,2494000000,1001200000,729900000,0,0,377500000,728500000,837700000,-66300000,-66300000,-0.75,-0.75,0.05,-32300000,17400000,-10500000,-25400000,317500000,-1500000,7.43,12.86,2.01,-0.5482,-0.2041,8.28,0.55,None,7.43,None,0.9981,0.2264,None,1.22,-0.35,1.7348
2008-09-27,87680888,87680888,1,3465900000,1873700000,2287300000,1138800000,1178600000,0,0,384700000,726400000,1038800000,-729100000,-729100000,-8.26,-8.26,0,-42400000,-7400000,-100000,-49900000,342900000,20600000,12.55,15.44,9.66,-0.4137,-0.1724,13.44,0.57,69.72,7.38,None,0.6163,0.3401,None,1.28,-0.72,1.6453
2008-06-28,87603646,87603646,1,4345100000,2207300000,2419900000,1259200000,1925200000,0,0,890400000,726900000,1485400000,-6000000,-6000000,-0.07,-0.07,0,136700000,-10900000,-300000,125500000,392800000,28000000,14.33,17.41,11.25,0.0084,0.0036,21.98,0.65,16.28,7.38,3.2838,0.3776,0.4431,0.0029,1.27,1.24,1.7529
2008-03-29,87581643,87581643,1,4411400000,2199700000,2494400000,1321100000,1917000000,0,0,921000000,729100000,1346800000,13300000,13300000,0.15,0.15,0,-74100000,9900000,100000,-64100000,267300000,26600000,17.07,19.28,14.87,0.0416,0.0179,21.89,0.79,13.88,7.38,0.6626,0.3803,0.4346,0.0141,1.27,-1.15,1.6651
2007-12-31,87567242,87567242,1,4365600000,2114300000,2472700000,1296200000,1892900000,0,0,924500000,727400000,1436000000,6800000,6800000,0.08,0.08,0.6,93700000,-27700000,-62400000,3600000,331400000,46600000,20.63,24.21,17.05,0.0586,0.0252,21.62,0.95,36.19,7.38,0.4708,0.3843,0.4336,0.0197,1.28,0.54,1.6312
2007-09-29,87935659,87935659,1,4471500000,2171700000,2568100000,1319700000,1903400000,0,0,928900000,726100000,1326200000,1900000,1900000,0.02,0.02,0,112900000,-35400000,-28500000,49000000,327800000,70100000,27.3,33.12,21.49,0.0272,0.0116,21.65,1.26,29.04,6.78,1.055,0.3815,0.4257,0.0093,1.25,0.49,1.6456
2007-06-30,88525547,88525547,1,4484100000,2118500000,2564100000,1284500000,1920000000,0,0,988800000,724800000,1522900000,57300000,57300000,0.63,0.63,0,143000000,-20400000,-47800000,74800000,278800000,41400000,32.59,34.8,30.38,0.0446,0.019,21.69,1.55,27.62,6.78,0.6315,0.3775,0.4282,0.0155,1.23,1.15,1.6493
2007-03-31,90362558,90362558,1,4414600000,2048000000,2516700000,1247400000,1897900000,0,0,984000000,725800000,1386100000,45600000,45600000,0.5,0.5,0,-35300000,-15000000,-29100000,-79400000,204000000,39500000,32.32,34.62,30.02,0.0571,0.0245,21,1.57,23.42,6.78,0.4856,0.3824,0.4299,0.02,1.22,-0.83,1.6418
2006-12-31,90728138,90728138,1,4450300000,2078400000,2578500000,1293200000,1871800000,0,0,986200000,725700000,1326100000,-53200000,-53200000,-0.58,-0.58,0.6,137500000,-77600000,-336000000,-276100000,283400000,65000000,31.98,33.24,30.71,0.0674,0.029,20.63,1.44,11.18,6.78,0.4065,0.3877,0.4206,0.0236,1.23,0.8,1.6072
2006-09-30,91807802,91807802,1,4834700000,2373600000,2796100000,1465200000,2038600000,0,0,1005200000,726000000,1337800000,36500000,36500000,0.39,0.39,0,84100000,-39600000,204400000,248900000,559500000,41000000,30.44,33.31,27.56,0.1367,0.0591,22.21,1.38,9.06,6.18,0.207,0.3561,0.4217,0.0473,1.25,0.47,1.62
2006-06-30,92728141,92728141,1,4633400000,2171300000,2589900000,1259100000,2043500000,0,0,995300000,722600000,1543100000,83200000,83200000,0.88,0.87,0,185300000,-45500000,-45700000,94100000,310600000,40700000,36.42,40.5,32.35,0.1634,0.071,22.04,1.73,10.01,6.18,0.1742,0.3536,0.441,0.0552,1.29,1.56,1.7245
2006-03-31,94589799,94589799,1,4554700000,2088400000,2559800000,1219800000,1994900000,0,0,1065200000,723500000,1458000000,67400000,67400000,0.71,0.7,0,-91600000,-121200000,-58400000,-271200000,216500000,51200000,39.17,42.3,36.04,0.1819,0.0782,21.09,1.88,10.04,6.18,0.1592,0.3627,0.438,0.0599,1.31,-1.51,1.7121
2005-12-31,95021811,95021811,1,4621500000,2235000000,2642700000,1305200000,1978800000,0,0,1023100000,723700000,1489500000,88300000,88300000,0.92,0.9,0.6,180200000,-106900000,-121500000,-48200000,487700000,75800000,38.59,42.09,35.09,0.2008,0.0851,20.82,1.87,10.75,6.18,0.1479,0.3657,0.4282,0.0651,1.31,1.1,1.7124
2005-09-30,96461624,96461624,1,4618500000,2298500000,2624700000,1256300000,1993800000,0,0,1026100000,726800000,1434600000,88400000,88400000,0.9,0.89,0,141300000,-104700000,-9300000,27300000,535900000,71700000,41.84,46.7,36.98,0.1921,0.0798,20.67,2.13,12.13,5.58,0.1633,0.3645,0.4317,0.0617,1.29,0.72,1.8296
2005-06-30,97281673,97281673,1,4536800000,2266900000,2626000000,1249300000,1910800000,0,0,1005500000,729400000,1598600000,114100000,114100000,1.16,1.15,0,180700000,-120800000,9000000,68900000,508600000,40200000,45.56,49.5,41.63,0.192,0.0781,19.64,2.47,14.11,5.58,0.1708,0.3817,0.4212,0.0607,1.29,1.44,1.8145
2005-03-31,97056116,97056116,1,4342400000,2147500000,2549400000,1172200000,1793000000,0,0,952400000,723200000,1401100000,94600000,94600000,0.97,0.96,0,-69300000,9600000,-400000,-60100000,439700000,32500000,46.25,48.57,43.94,0.1871,0.0745,18.47,2.62,16.7,5.58,0.1837,0.4033,0.4129,0.0583,1.28,-1.05,1.832
2004-12-31,96891136,96891136,1,4346400000,2098700000,2634100000,1253800000,1712300000,0,0,952800000,728400000,1333800000,58800000,58800000,0.61,0.59,0.6,165100000,-114100000,-44300000,6700000,499800000,43900000,47.25,49.85,44.64,0.168,0.0657,17.67,2.71,18.1,5.58,0.2155,0.4254,0.394,0.0516,1.27,1.25,1.6739
2004-09-30,96200733,96200733,1,4202000000,2072700000,2526700000,1192800000,1675300000,0,0,894800000,729800000,1273200000,72900000,72900000,0.76,0.75,0,80100000,-40700000,15500000,54900000,493100000,41300000,40.36,46.2,34.51,0.1663,0.064,17.41,2.44,17.78,4.98,0.1866,0.4356,0.3987,0.0504,1.27,0.4,1.7377
2004-06-30,95578856,95578856,1,4094900000,1975900000,2512400000,1175500000,1582500000,0,0,892200000,726500000,1422700000,90100000,90100000,0.94,0.93,0,185200000,-50600000,129800000,264400000,438200000,40200000,40.89,43.63,38.14,0.1544,0.0573,16.56,2.67,21.19,4.98,0.2169,0.4591,0.3865,0.0455,1.26,1.52,1.6809
2004-03-31,94718071,94718071,1,3790200000,1700800000,2336900000,1141300000,1453300000,0,0,857300000,585800000,1199600000,48000000,48000000,0.51,0.5,0,-15200000,-234500000,77600000,-172100000,173800000,32500000,36.55,41.85,31.25,0.1384,0.0495,15.34,2.59,24.86,4.98,0.261,0.4031,0.3834,0.0408,1.21,-0.5,1.4902
2003-12-31,93644941,93644941,1,3602500000,1715200000,2279500000,1101800000,1323000000,0,0,699700000,583800000,1086900000,39900000,39900000,0.43,0.43,0.5,90000000,-73400000,-24600000,-8000000,345900000,58600000,28.63,32.08,25.19,0.1118,0.0384,14.13,2.13,28.92,4.98,0.3463,0.4413,0.3672,0.0327,1.17,0.34,1.5567
2003-09-30,91521390,91521390,1,3579000000,1667100000,2346100000,1072500000,1232900000,0,0,687500000,0,1036300000,37900000,37900000,0.42,0.41,0,243700000,-140500000,-3400000,99800000,353900000,41500000,26.34,28.48,24.2,0.0786,0.0261,13.47,2.03,31.36,4.48,0.1294,0,0.3445,0.0228,1.14,2.21,1.5544
2003-06-30,90538484,90538484,1,3533800000,1691800000,2357200000,1081800000,1176600000,0,0,653400000,0,1071000000,53600000,53600000,0.59,0.59,0,103600000,-126200000,-3300000,-25900000,254100000,32300000,22.52,26.53,18.51,0.0661,0.0223,13,1.84,29.63,4.48,0.3011,0,0.333,0.0199,1.12,0.79,1.5639
2003-03-31,90278010,90278010,1,3373300000,1635400000,2267500000,962200000,1105800000,0,0,577900000,0,934500000,3800000,3800000,0.04,0.04,0,-42200000,-31800000,2600000,-71400000,280000000,19900000,18.82,21.28,16.35,0.0593,0.0204,12.25,1.54,21.63,4.48,0.4966,0,0.3278,0.0183,1.12,-0.69,1.6996
2002-12-31,90247722,90247722,1,3407100000,1660200000,2305300000,1005600000,1101800000,0,0,570300000,0,928000000,-4600000,-4600000,-0.05,-0.05,0.13,95500000,-57800000,-54400000,-16700000,351400000,43200000,20.51,22.53,18.48,0.0665,0.0234,12.21,1.49,23.04,4.48,0.5806,0,0.3234,0.0211,1.11,0.58,1.651
2002-09-30,90149717,90149717,1,3373100000,1671900000,2136600000,952000000,1236500000,0,0,554900000,0,900000000,23600000,23600000,0.26,0.26,0.125,78900000,-19400000,-25900000,33600000,368100000,19400000,23.25,28.2,18.3,0.0681,0.0245,13.72,1.73,33.21,4.35,0.5639,0,0.3666,0.023,1.07,0.66,1.7562
2002-06-30,90107329,90107329,1,3404300000,1695000000,2192200000,1004700000,1212100000,0,0,555300000,0,1017200000,46200000,46200000,0.51,0.51,0.125,205600000,-29800000,15100000,190900000,334500000,20500000,27.34,30.01,24.68,0.0546,0.0193,13.45,2.11,41.42,4.22,0.7137,0,0.356,0.0185,1.05,2.05,1.6871
2002-03-31,90039755,90039755,1,3210800000,1468000000,2046700000,886600000,1164100000,0,0,598700000,0,866700000,13200000,13200000,0.15,0.15,0.125,33000000,-22700000,24800000,35100000,143600000,16300000,24.88,28.25,21.51,0.0513,0.018,12.93,1.99,26.75,4.1,0.766,0,0.3626,0.0176,1.03,0.19,1.6558
2001-12-31,88841124,88841124,1,3157500000,1400900000,2046600000,902700000,1110900000,0,0,603300000,0,717800000,-2600000,-2600000,-0.03,-0.03,0.13,45800000,-75500000,-18200000,-47900000,108500000,39200000,19.48,22.25,16.7,0.0729,0.0249,12.5,1.5,13.53,3.97,0.5431,0,0.3518,0.0243,1.03,0.07,1.5519
2001-09-30,87733720,87733720,1,3274300000,1691100000,2137600000,1032300000,1136700000,0,0,565500000,0,811000000,6300000,6300000,0.07,0.07,0.125,131500000,-62100000,-68800000,600000,156400000,23700000,19.32,24.6,14.03,0.114,0.0379,12.96,1.49,60.38,3.84,0.3493,0,0.3472,0.0391,0.97,1.23,1.6382
2001-06-30,87716354,87716354,1,3327600000,1777300000,2186300000,1107900000,1141300000,0,0,528200000,0,928800000,41500000,41500000,0.47,0.47,0.125,131800000,27500000,-75800000,83500000,155800000,3000000,21.89,25.01,18.76,0.0258,0.0083,13.01,1.74,None,3.72,1.5735,0,0.343,0.0083,1,1.47,1.6042
2001-03-31,87589990,87589990,1,3387500000,1825300000,2287500000,1212500000,1100000000,0,0,527200000,0,913200000,36600000,36600000,0.42,0.42,0.125,21700000,-34300000,-40300000,-52900000,72300000,18700000,18.91,23,14.81,-0.1084,-0.0344,12.56,1.55,None,3.59,None,0,0.3247,None,1.04,0.03,1.5054
2000-12-31,87553537,87553537,1,3396500000,1831800000,2329400000,1247900000,1067100000,0,0,507900000,0,587000000,42300000,42300000,0.48,0.48,0.13,106200000,-11400000,-99500000,-4700000,125200000,63900000,17.66,19.81,15.5,-0.0843,-0.0276,12.19,1.48,None,3.47,None,0,0.3142,None,1.1,0.48,1.4679
2000-09-30,87362222,87362222,1,3422800000,1924500000,2382500000,1420000000,1040300000,0,0,470800000,0,939100000,-92300000,-92300000,-1.05,-1.05,0.125,66400000,-33800000,-37600000,-5000000,129900000,27100000,18.75,21.06,16.44,-0.216,-0.0747,11.91,1.43,None,3.34,None,0,0.3039,None,1.23,0.45,1.3553
2000-06-30,87291711,87291711,1,3496500000,1821200000,2352800000,1381400000,1143700000,0,0,571900000,0,1136800000,-104500000,-104500000,-1.19,-1.19,0.125,142700000,-60500000,-71100000,11100000,134900000,37700000,18.16,20,16.31,-0.1144,-0.0426,13.1,1.23,44.29,3.21,None,0,0.3271,None,1.24,1.2,1.3184
2000-03-31,87877796,87877796,1,3546500000,1762800000,2253000000,1282600000,1293500000,0,0,650100000,0,1149000000,58700000,58700000,0.64,0.64,0.125,-58500000,-42900000,124400000,23000000,123800000,27300000,18.44,22.13,14.75,0.0286,0.0112,14.72,1.3,47.28,3.09,1.1769,0,0.3647,0.009,1.25,-0.98,1.3744
1999-12-31,91813310,91813310,1,3354800000,1578200000,2054600000,1088400000,1300200000,0,0,658400000,0,1021000000,-119900000,-119900000,-1.31,-1.31,0.13,116900000,-62400000,-76600000,-22100000,100800000,88100000,22.5,25,20,0.0274,0.0109,14.16,1.44,10.66,2.96,1.2244,0,0.3876,0.0088,1.24,0.31,1.45
1999-09-30,91826519,91826519,1,3488500000,1586700000,2054400000,1048400000,1434100000,0,0,799500000,0,1004600000,17800000,17800000,0.19,0.19,0.125,107400000,-58000000,-34700000,14700000,122900000,42600000,27.19,30,24.38,0.1428,0.0571,15.62,1.75,13.87,2.83,0.2348,0,0.4111,0.0467,1.22,0.71,1.5134
1999-06-30,92009953,92009953,1,3513200000,1624500000,2082100000,1083600000,1431100000,0,0,801800000,0,1175200000,82400000,82400000,0.9,0.89,0.125,175600000,-39300000,-109300000,27000000,108200000,36300000,23.06,28.06,18.06,0.1337,0.0535,15.55,1.56,12.14,2.71,0.2524,0,0.4073,0.044,1.22,1.51,1.4992
1999-03-31,91930393,91930393,1,3501400000,1604400000,2141500000,1134000000,1359900000,0,0,811300000,0,1083000000,57600000,57600000,0.63,0.62,0.125,-100700000,-34400000,90200000,-44900000,81200000,31100000,22.06,26,18.13,0.1347,0.0539,14.79,1.55,11.8,2.58,0.2558,0,0.3884,0.0449,1.2,-1.43,1.4148
1998-12-31,91978555,91978555,1,3351500000,1454400000,2040200000,1036400000,1311300000,0,0,820500000,0,971500000,39900000,39900000,0.43,0.41,0.13,251000000,-80600000,-135400000,35000000,126100000,80500000,19.03,25.06,13,0.1358,0.0545,14.26,1.25,10.63,2.46,0.259,0,0.3913,0.0472,1.15,1.85,1.4033
1998-09-30,91878477,91878477,1,3400400000,1526000000,1997800000,1008600000,1402600000,0,0,828600000,0,956500000,4100000,4100000,0.04,0.04,0.125,140400000,-35200000,-85100000,20100000,91100000,44500000,18.59,25.19,12,0.1299,0.0526,15.27,1.3,11.77,2.33,0.276,0,0.4125,0.0457,1.15,1.04,1.513
1998-06-30,99074297,99074297,1,3475200000,1565700000,2057000000,1075700000,1418200000,0,0,837200000,0,1113000000,83400000,83400000,0.84,0.83,0.125,144500000,-58200000,-98000000,-11700000,71000000,36200000,28.88,35.19,22.56,0.1167,0.0469,14.31,2.12,18.28,2.2,0.3194,0,0.4081,0.0411,1.14,1.09,1.4555
1998-03-31,99435511,99435511,1,3452600000,1558400000,2096300000,1119400000,1356300000,0,0,846800000,0,904200000,58900000,58900000,0.59,0.59,0.125,-106900000,-63500000,167500000,-2900000,82700000,36800000,31.53,35.69,27.38,0.1184,0.0487,13.64,2.39,20.74,2.08,0.3206,0,0.3928,0.0421,1.16,-1.45,1.3922
1997-12-31,99500000,99500000,1,3241400000,1366000000,1926400000,948200000,1315000000,0,0,842200000,0,931100000,32000000,32000000,0.33,None,0.13,113600000,-101400000,-8400000,3800000,85600000,73300000,32.03,36.5,27.56,0.1162,0.049,13.22,2.46,21.5,1.95,0.3335,0,0.4057,0.0411,1.19,0.41,1.4406
1997-09-30,99706183,99706183,1,3238400000,1392900000,1940500000,973500000,1297900000,0,0,827200000,0,876500000,-17100000,-17100000,-0.17,None,0.125,100400000,-352300000,222900000,-29000000,81800000,36600000,32.91,35.69,30.13,0.1166,0.0498,13.02,2.47,15.9,1.82,0.3396,0,0.4008,0.0426,1.17,0.64,1.4308
1997-06-30,99310510,99310510,1,2930500000,1380500000,1605000000,837900000,1325500000,0,0,563500000,0,1008200000,82900000,82900000,0.83,None,0.125,111400000,-67500000,-57000000,-13100000,110800000,47900000,28.84,31.44,26.25,0.1661,0.0732,13.35,2.3,14.71,1.7,0.2435,0,0.4523,0.0612,1.2,0.64,1.6476
1997-03-31,99076397,99076397,1,2878200000,1339500000,1634000000,867300000,1244200000,0,0,570000000,0,841600000,52700000,52700000,0.53,None,0.125,-63700000,-41300000,-9600000,-114600000,123900000,32700000,26.5,29.38,23.63,0.1623,0.0719,12.56,2.19,14.02,1.57,0.2581,0,0.4323,0.0597,1.21,-0.97,1.5444
1996-12-31,98944275,98944275,1,2802400000,1241800000,1604700000,831100000,1197700000,0,0,490300000,0,739200000,29100000,29100000,0.3,None,0.13,246700000,-225100000,140900000,162500000,238500000,63400000,24.63,25.75,23.5,0.1616,0.0722,12.1,2.06,13.53,1.45,0.2677,0,0.4274,0.0588,1.23,1.85,1.4942
1996-09-30,98419406,98419406,1,2600400000,1221500000,1426100000,792500000,1174300000,0,0,355300000,0,763600000,40500000,40500000,0.41,None,0.125,101400000,-242400000,79600000,-61400000,76000000,41200000,21.38,24.63,18.13,0.161,0.0726,11.93,1.84,12.08,1.32,0.2775,0,0.4516,0.0573,1.27,0.61,1.5413
1996-06-30,98307049,98307049,1,2458700000,1240100000,1315300000,683100000,1143400000,0,0,213600000,0,891700000,70800000,70800000,0.72,None,0.125,91900000,-63400000,-15100000,13400000,137400000,41200000,21.88,23.75,20,0.1624,0.0726,11.63,1.99,16.09,1.19,0.285,0,0.465,0.0561,1.29,0.52,1.8154
1996-03-31,98283035,98283035,1,2434000000,1249500000,1350800000,713400000,1083200000,0,0,204800000,0,765800000,45400000,45400000,0.46,None,0.125,-39900000,-168100000,-12300000,-220300000,124000000,24100000,22.94,24.63,21.25,0.1293,0.0568,11.02,2.16,17.38,1.07,0.3703,0,0.445,0.0437,1.3,-0.65,1.7515
1995-12-31,98245452,98245452,1,2360500000,1277600000,1317400000,680400000,1043100000,0,0,119200000,0,702300000,22200000,22200000,0.23,None,0.13,101400000,-35900000,25300000,90800000,344300000,31400000,21.5,24,19,0.1285,0.056,10.62,2.07,16.93,0.94,0.383,0,0.4419,0.0418,1.34,0.71,1.8777
1995-09-30,95948396,95948396,1,2277500000,1232800000,1282800000,649800000,994700000,0,0,114200000,0,725700000,34700000,34700000,0.36,None,0.125,96900000,-35600000,-12000000,49300000,253500000,30900000,19.13,21.38,16.88,0.1286,0.0556,10.37,1.88,15.68,0.81,0.3778,0,0.4368,0.0411,1.35,0.69,1.8972
1995-06-30,95798923,95798923,1,2256600000,1207700000,1282800000,669400000,973800000,0,0,112300000,0,839200000,30100000,30100000,0.31,None,0.125,109900000,-2900000,-16800000,90200000,204200000,22700000,19.94,23.5,16.38,0.1263,0.054,10.17,2.02,13.38,0.69,0.3821,0,0.4315,0.0402,1.34,0.91,1.8042
1995-03-31,95774988,95774988,1,2192000000,1118700000,1245200000,648800000,946800000,0,0,116500000,0,774200000,40200000,40200000,0.42,None,0.125,-28100000,-30600000,-12500000,-71200000,114000000,24400000,19.94,21,18.88,0.1575,None,9.89,2.1,14.77,0.56,0.3046,0,0.4319,0.0503,1.32,-0.55,1.7243
1994-12-31,95722505,95722505,1,2122300000,1057500000,1211600000,621300000,910700000,0,0,117800000,0,654900000,18000000,18000000,0.18,None,0.11,24900000,-22800000,-17600000,-15500000,185200000,42900000,19.5,22,17,0.1473,None,9.51,2.08,None,0.44,0.3258,0,0.4291,0.0478,1.29,-0.19,1.7021
1994-09-30,95441633,95441633,1,2155400000,1133500000,1259800000,649800000,895600000,0,0,119000000,0,662100000,29400000,29400000,0.31,None,0.11,25900000,-38800000,-13900000,-26800000,200700000,20300000,22.25,24.63,19.88,None,None,9.38,2.43,None,0.33,None,0,0.4155,None,None,0.06,1.7444
1994-06-30,95451996,95451996,1,2111900000,1097100000,1239400000,639800000,872500000,0,0,117100000,0,748200000,55200000,55200000,0.58,None,0.11,147800000,-35700000,-14100000,98000000,227500000,17800000,22.63,25.13,20.13,None,None,9.14,2.62,None,0.22,None,0,0.4131,None,None,1.36,1.7148
1994-03-31,95409408,95409408,1,1995700000,973400000,1171500000,576200000,824200000,0,0,116800000,0,634900000,26400000,26400000,0.28,None,0.11,-77400000,-32000000,-9900000,-119300000,129500000,17700000,20.88,23.63,18.13,None,None,8.64,2.48,None,0.11,None,0,0.413,None,None,-1,1.6893
1993-12-31,95378080,95378080,1,1983700000,949700000,1179300000,601900000,804400000,0,0,117700000,0,None,None,None,None,None,0,None,None,None,None,248800000,0,16.25,18.5,14,None,None,8.43,None,None,0,None,0,0.4055,None,None,None,1.5778
