"Quarter end","Shares","Shares split adjusted","Split factor","Assets","Current Assets","Liabilities","Current Liabilities","Shareholders equity","Non-controlling interest","Preferred equity","Goodwill & intangibles","Long-term debt","Revenue","Earnings","Earnings available for common stockholders","EPS basic","EPS diluted","Dividend per share","Cash from operating activities","Cash from investing activities","Cash from financing activities","Cash change during period","Cash at end of period","Capital expenditures","Price","Price high","Price low","ROE","ROA","Book value of equity per share","P/B ratio","P/E ratio","Cumulative dividends per share","Dividend payout ratio","Long-term debt to equity ratio","Equity to assets ratio","Net margin","Asset turnover","Free cash flow per share","Current ratio"
2019-06-30,200192690,200192690,1,322259000000,None,303804000000,None,18455000000,0,0,1778000000,0,345000000,111000000,111000000,0.57,0.57,0.37,-1231000000,1074000000,1878000000,1721000000,3314000000,0,63.31,67.52,59.11,0.0779,0.004,92.19,0.78,9.06,25.31,0.2356,0,0.0573,0.0955,0.04,-6.15,None
2019-03-31,202343277,202343277,1,314299000000,None,297882000000,None,16417000000,0,0,1778000000,0,3965000000,252000000,252000000,1.23,1.22,0.37,-1331000000,-1133000000,1712000000,-752000000,1593000000,0,56.95,64.19,49.7,0.1,0.005,81.13,0.81,7.69,24.94,0.1916,0,0.0522,0.0909,0.06,-6.58,None
2018-12-31,204293812,204293812,1,298147000000,None,283797000000,None,14350000000,0,0,1782000000,5686000000,4531000000,399000000,399000000,1.89,1.83,0.37,909000000,-1575000000,1551000000,885000000,2345000000,0,59.67,71.27,48.07,0.1083,0.0056,70.24,0.85,6.45,24.57,0.1766,0.3962,0.0481,0.0999,0.06,4.45,None
2018-09-30,213604724,213604724,1,303850000000,None,288780000000,None,15070000000,0,0,1757000000,0,4264000000,490000000,490000000,2.27,2.24,0.33,402000000,-1867000000,1150000000,-315000000,1460000000,0,66.53,71.2,61.87,0.1295,0.0071,70.55,0.95,7.49,24.2,0.1391,0,0.0496,0.1322,0.05,1.88,None
2018-06-30,216680606,216680606,1,298832000000,None,283655000000,None,15177000000,0,0,1750000000,0,4020000000,385000000,385000000,1.76,1.7,0.33,492000000,-1778000000,804000000,-482000000,1775000000,0,67.67,74.17,61.18,0.1225,0.007,70.04,0.93,7.53,23.87,0.1406,0,0.0508,0.134,0.05,2.27,None
2018-03-31,218706881,218706881,1,279237000000,None,263252000000,None,15985000000,0,0,1368000000,0,3609000000,367000000,367000000,1.68,1.64,0.33,140000000,-595000000,1084000000,629000000,2257000000,0,78.42,86.68,70.15,0.1226,0.0073,73.09,0.99,8.49,23.54,0.1352,0,0.0572,0.14,0.05,0.64,None
2017-12-31,218257548,218257548,1,281763000000,None,264441000000,None,17322000000,0,0,1368000000,5123000000,3669000000,815000000,815000000,3.73,3.67,0.33,179000000,-1404000000,888000000,-337000000,1628000000,0,75.64,78.74,72.54,0.1287,0.0076,79.36,1.01,11.75,23.21,0.1273,0.2958,0.0615,0.1458,0.05,0.82,None
2017-09-30,218829429,218829429,1,276785000000,None,260471000000,None,16314000000,0,0,2273000000,0,3511000000,418000000,418000000,1.89,1.87,0.29,407000000,-780000000,360000000,-13000000,1965000000,0,70.27,75.78,64.75,0.0943,0.0054,74.55,0.97,10.7,22.88,0.1772,0,0.0589,0.1052,0.05,1.86,None
2017-06-30,221444368,221444368,1,271651000000,None,255655000000,None,15996000000,0,0,2273000000,0,3577000000,411000000,411000000,1.84,1.81,0.29,93000000,-505000000,467000000,55000000,1978000000,0,65.98,69.29,62.67,0.0975,0.0056,72.23,0.99,10.8,22.59,0.1673,0,0.0589,0.1086,0.05,0.42,None
2017-03-31,224278433,224278433,1,267468000000,None,252495000000,None,14973000000,0,0,2273000000,0,3500000000,435000000,435000000,1.93,1.89,0.29,109000000,-1499000000,591000000,-799000000,1923000000,0,67.38,73.31,61.45,0.092,0.0054,66.76,1.05,13.37,22.3,0.1731,0,0.056,0.1044,0.05,0.49,None
2016-12-31,225213415,225213415,1,261627000000,None,247149000000,None,14478000000,0,0,2273000000,5123000000,3255000000,192000000,192000000,0.85,0.87,0.29,595000000,-2054000000,737000000,-722000000,2722000000,0,58.05,69.49,46.62,0.0777,0.0046,64.29,0.81,10.93,22.01,0.2017,0.3538,0.0553,0.0894,0.05,2.64,None
2016-09-30,228560352,228560352,1,266605000000,None,250282000000,None,16323000000,0,0,2273000000,0,3525000000,467000000,467000000,2.02,2,0.25,144000000,-1372000000,559000000,-669000000,3444000000,0,42.24,48.48,36,0.0848,0.0049,71.42,0.62,10.13,21.72,0.174,0,0.0612,0.0969,0.05,0.63,None
2016-06-30,232795337,232795337,1,263028000000,None,247108000000,None,15920000000,0,0,2273000000,0,3307000000,325000000,325000000,1.37,1.35,0.25,238000000,467000000,231000000,936000000,4113000000,0,40.98,46.69,35.27,0.0712,0.0041,68.39,0.67,9.83,21.47,0.2067,0,0.0605,0.0776,0.05,1.02,None
2016-03-31,239007140,239007140,1,255718000000,None,241060000000,None,14658000000,0,0,2273000000,0,3243000000,208000000,208000000,0.86,0.82,0.25,295000000,-707000000,443000000,31000000,3177000000,0,39.95,49.51,30.39,0.074,0.0042,61.33,0.71,8.88,21.22,0.1955,0,0.0573,0.0786,0.05,1.23,None
2015-12-31,240956843,240956843,1,251937000000,None,238320000000,None,13617000000,0,0,2273000000,0,3172000000,283000000,283000000,1.15,1.14,0.2,756000000,-2076000000,694000000,-626000000,3146000000,0,51.55,57.54,45.56,0.0783,0.0045,56.51,0.89,10.99,20.97,0.172,0,0.054,0.085,0.05,3.14,None
2015-09-30,247470994,247470994,1,249532000000,None,235131000000,None,14401000000,0,0,2273000000,0,3715000000,227000000,227000000,0.91,0.86,0.2,905000000,-13000000,553000000,1445000000,3772000000,0,53.48,61.2,45.77,0.0799,0.0048,58.19,0.91,9.76,20.77,0.1568,0,0.0577,0.0866,0.06,3.66,None
2015-06-30,250951872,250951872,1,255214000000,None,240515000000,None,14699000000,0,0,2273000000,0,3381000000,344000000,344000000,1.37,1.35,0.2,286000000,-1099000000,-347000000,-1160000000,2327000000,0,58.91,62.08,55.75,0.0922,0.0056,58.57,0.92,10.5,20.57,0.1281,0,0.0576,0.1039,0.05,1.14,None
2015-03-31,253021877,253021877,1,258485000000,None,242262000000,None,16223000000,0,0,2273000000,0,3304000000,300000000,300000000,1.17,1.15,0.2,296000000,-1035000000,307000000,-432000000,3487000000,0,55.34,60.84,49.83,0.0946,0.0059,64.12,0.9,9.76,20.37,0.1177,0,0.0628,0.1086,0.05,1.17,None
2014-12-31,256391046,256391046,1,253377000000,None,237637000000,None,15740000000,0,0,2273000000,0,3685000000,349000000,349000000,1.36,1.33,0.16,1431000000,-83000000,750000000,2098000000,3919000000,0,52.21,59.17,45.25,0.0991,0.0061,61.39,0.88,9.29,20.17,0.1099,0,0.0621,0.1118,0.05,5.58,None
2014-09-30,259789727,259789727,1,248446000000,None,232994000000,None,15452000000,0,0,2273000000,0,3412000000,439000000,439000000,1.68,1.65,0.16,724000000,-617000000,205000000,312000000,1821000000,0,53.3,56.52,50.08,0.1031,0.0062,59.48,0.9,10.25,20.01,0.1036,0,0.0622,0.1168,0.05,2.79,None
2014-06-30,261073946,261073946,1,249125000000,None,233674000000,None,15451000000,0,0,2273000000,0,3281000000,398000000,398000000,1.52,1.48,0.16,108000000,-728000000,280000000,-340000000,1509000000,0,49.35,53.09,45.61,0.0997,0.0059,59.18,0.9,10.13,19.85,0.104,0,0.062,0.1124,0.05,0.41,None
2014-03-31,263746176,263746176,1,241949000000,None,227463000000,None,14486000000,0,0,2273000000,0,3176000000,329000000,329000000,1.25,1.21,0.16,263000000,-377000000,-401000000,-515000000,1849000000,0,49.48,53.26,45.71,0.0977,0.0057,54.92,0.97,10.95,19.69,0.1027,0,0.0599,0.1084,0.05,1,None
2013-12-31,263700332,263700332,1,236945000000,None,223493000000,None,13452000000,0,0,2273000000,0,3122000000,351000000,351000000,1.33,1.28,0.12,295000000,-896000000,315000000,-286000000,2364000000,0,46.56,52.27,40.84,0.0904,0.0054,51.01,0.91,10.46,19.53,0.1022,0,0.0568,0.1039,0.05,1.12,None
2013-09-30,262347187,262347187,1,229924000000,None,216535000000,None,13389000000,0,0,2273000000,0,3009000000,337000000,337000000,1.28,1.23,0.12,449000000,-1011000000,638000000,76000000,2650000000,0,41.09,45.46,36.72,0.0874,0.0055,51.04,0.82,8.86,19.41,0.1037,0,0.0582,0.1046,0.05,1.71,None
2013-06-30,264492889,264492889,1,223321000000,None,210004000000,None,13317000000,0,0,2273000000,0,2994000000,317000000,317000000,1.18,1.15,0.12,306000000,-1514000000,675000000,-533000000,2574000000,0,33.39,36.75,30.04,0.0891,0.0059,50.35,0.6,7.26,19.29,0.0912,0,0.0596,0.1106,0.05,1.16,None
2013-03-31,268461779,268461779,1,224341000000,None,209479000000,None,14862000000,0,0,2273000000,0,2844000000,239000000,239000000,0.89,0.86,0.12,-251000000,-1289000000,417000000,-1123000000,3107000000,0,30.17,33.66,26.69,0.0882,0.006,55.36,0.55,6.6,19.17,0.0835,0,0.0662,0.1121,0.05,-0.93,None
2012-12-31,271463264,271463264,1,218869000000,None,203896000000,None,14973000000,0,0,2273000000,0,2964000000,342000000,342000000,1.25,1.21,0.12,603000000,-1790000000,1044000000,-143000000,4230000000,0,24.52,26.53,22.51,0.0911,0.0062,55.16,0.44,14.95,19.05,0.076,0,0.0684,0.1139,0.05,2.22,None
2012-09-30,275015830,275015830,1,215458000000,None,200221000000,None,15237000000,0,0,2273000000,0,2954000000,402000000,402000000,1.45,1.42,0.08,52000000,-1045000000,109000000,-884000000,4373000000,0,22.64,26.1,19.17,0.0322,0.0022,55.4,0.45,34.3,18.93,0.198,0,0.0707,0.041,0.05,0.19,None
2012-06-30,279173774,279173774,1,211110000000,None,196928000000,None,14182000000,0,0,2273000000,0,2900000000,324000000,324000000,1.14,1.11,0.08,332000000,891000000,518000000,1741000000,5257000000,0,22.93,26.83,19.04,0.014,0.001,50.8,0.49,40.23,18.85,0.422,0,0.0672,0.0184,0.05,1.19,None
2012-03-31,285414653,285414653,1,208018000000,None,194757000000,None,13261000000,0,0,2273000000,0,2714000000,245000000,245000000,0.85,0.83,0.08,282000000,-1913000000,637000000,-994000000,3516000000,0,23.46,27.54,19.38,0.0143,0.001,46.46,0.48,29.7,18.77,0.3832,0,0.0637,0.0188,0.05,0.99,None
2011-12-31,291330818,291330818,1,202906000000,None,188742000000,None,14164000000,0,0,2273000000,0,2571000000,-514000000,-514000000,-1.72,-1.72,0.08,343000000,-1114000000,448000000,-323000000,4510000000,0,17.81,21.88,13.75,0.0211,0.0015,48.62,0.36,5.73,18.69,0.2363,0,0.0698,0.0276,0.05,1.18,None
2011-09-30,301664558,301664558,1,197747000000,None,182828000000,None,14919000000,0,0,3019000000,0,2547000000,143000000,143000000,0.47,0.44,0.05,56000000,1061000000,804000000,1921000000,4833000000,0,22.34,29.67,15,0.0738,0.0051,49.46,0.51,6.51,18.61,0.0491,0,0.0754,0.0936,0.05,0.19,None
2011-06-30,308340501,308340501,1,201554000000,None,187968000000,None,13586000000,0,0,3019000000,0,2804000000,326000000,326000000,1.04,1.02,0.05,538000000,-705000000,863000000,696000000,2912000000,0,29.18,32.39,25.97,0.0835,0.0056,44.06,0.7,10.53,18.56,0.0338,0,0.0674,0.1026,0.06,1.74,None
2011-03-31,313468372,313468372,1,198317000000,None,185227000000,None,13090000000,0,0,3019000000,0,2714000000,339000000,339000000,1.08,1.05,0.05,340000000,-1367000000,502000000,-525000000,2216000000,0,30.34,32.68,28,0.0681,0.0054,41.76,0.75,11.81,18.51,0.0284,0,0.066,0.0837,0.06,1.08,None
2010-12-31,315798959,315798959,1,193824000000,None,181018000000,None,12806000000,0,0,3019000000,0,2662000000,195000000,196000000,0.61,0.6,0.01,576000000,-1718000000,336000000,-806000000,2741000000,0,26.15,29.12,23.17,0.0633,0.0053,40.55,0.61,11.57,18.46,0.0154,0,0.0661,0.0781,0.06,1.82,None
2010-09-30,316760578,316760578,1,190490000000,None,176931000000,None,13559000000,0,0,3019000000,0,2613000000,246000000,246000000,0.78,0.76,0.01,271000000,-1379000000,955000000,-153000000,3547000000,0,23.74,26.83,20.65,0.0557,0.0049,42.81,0.59,12.3,18.45,0.0177,0,0.0712,0.069,0.06,0.86,None
2010-06-30,316735677,316735677,1,180129000000,None,167491000000,None,12638000000,0,0,3013000000,0,2605000000,256000000,106000000,0.34,0.36,0.01,308000000,-1044000000,991000000,255000000,3700000000,0,28.7,33.55,23.86,0.0502,0.0044,39.9,0.7,28.7,18.44,0.0202,0,0.0702,0.064,0.05,0.97,None
2010-03-31,302482745,302482745,1,181621000000,None,169253000000,None,12368000000,0,0,3013000000,0,2527000000,283000000,265000000,0.88,0.85,0.01,565000000,-1489000000,185000000,-739000000,3445000000,0,26.63,30.74,22.52,0.0304,0.0021,40.89,0.69,None,18.43,0.0356,0,0.0681,0.0387,0.05,1.87,None
2009-12-31,302261792,302261792,1,177433000000,None,165733000000,None,11700000000,0,0,3013000000,0,2399000000,102000000,83000000,0.26,0.29,0.01,385000000,-552000000,875000000,708000000,4184000000,0,25.05,28.1,21.99,-0.0507,-0.0028,38.71,0.65,None,18.42,None,0,0.0659,None,0.05,1.27,None
2009-09-30,302080185,302080185,1,181490000000,None,169834000000,None,11656000000,0,0,3096000000,0,1948000000,153000000,153000000,0.45,0.43,0.01,105000000,-1696000000,2379000000,788000000,3476000000,0,21.08,27.82,14.34,-0.1212,-0.0065,38.59,0.7,None,18.41,None,0,0.0642,None,0.05,0.35,None
2009-06-30,302093890,302093890,1,167045000000,None,157970000000,None,9075000000,0,0,3344000000,0,1907000000,-161000000,-161000000,-0.57,-0.57,0.01,726000000,-4734000000,1083000000,-2925000000,2688000000,0,12.75,19.99,5.52,-0.1295,-0.0066,30.04,0.45,None,18.4,None,0,0.0543,None,0.05,2.4,None
2009-03-31,256087959,256087959,1,157427000000,None,150104000000,None,7323000000,0,0,3344000000,0,2245000000,-579000000,-579000000,-2.27,-2.27,0.01,-279000000,-870000000,836000000,-313000000,5613000000,0,15.25,25.59,4.9,-0.0919,-0.0048,28.6,0.49,84.72,18.39,None,0,0.0465,None,0.06,-1.09,None
2008-12-31,256042499,256042499,1,163136000000,None,155159000000,None,7977000000,0,0,3944000000,0,2341000000,-505000000,-505000000,-1.98,-1.98,0.42,448000000,2745000000,573000000,3766000000,5926000000,0,25.13,45.5,4.76,0.0058,0.0003,31.15,0.68,9.74,18.38,7.5074,0,0.0489,0.0058,0.06,1.75,None
2008-09-30,255881396,255881396,1,173271000000,None,163771000000,None,9500000000,0,0,4041000000,0,2436000000,148000000,148000000,0.58,0.58,0.415,360000000,-144000000,23000000,239000000,2160000000,0,49.91,59.99,39.83,0.0631,0.0037,37.13,1.22,15.55,17.96,0.6314,0,0.0548,0.0672,0.05,1.41,None
2008-06-30,256827934,256827934,1,184281000000,None,173783000000,None,10498000000,0,0,4045000000,0,2582000000,125000000,125000000,0.48,0.48,0.415,353000000,-792000000,-87000000,-526000000,1921000000,0,50.99,56.8,45.18,0.0757,0.0046,40.88,1.19,12.44,17.55,0.4975,0,0.057,0.0833,0.05,1.37,None
2008-03-31,259302945,259302945,1,185349000000,None,174263000000,None,11086000000,0,0,4128000000,0,2524000000,289000000,289000000,1.11,1.1,0.415,98000000,762000000,-78000000,782000000,2447000000,0,51.8,58.11,45.5,0.0951,0.0059,42.75,1.17,11.72,17.13,0.3853,0,0.0598,0.106,0.06,0.38,None
2007-12-31,264567819,264567819,1,191435000000,None,179717000000,None,11718000000,0,0,4144000000,0,2503000000,113000000,113000000,0.44,0.42,0.4,-175000000,-348000000,861000000,338000000,1665000000,0,63.25,70.66,55.84,0.1022,0.0065,44.29,1.42,11.98,16.72,0.3509,0,0.0612,0.1147,0.06,-0.66,None
2007-09-30,269227387,269227387,1,192217000000,None,180254000000,None,11963000000,0,0,4522000000,0,2681000000,330000000,330000000,1.22,1.21,0.395,741000000,-733000000,329000000,337000000,1326000000,0,63.34,72.28,54.4,0.1236,0.008,44.43,1.45,11.82,16.32,0.2868,0,0.0622,0.138,0.06,2.75,None
2007-06-30,271283405,271283405,1,187650000000,None,175814000000,None,11836000000,0,0,4521000000,0,2740000000,376000000,376000000,1.39,1.37,0.395,920000000,-39000000,-792000000,89000000,989000000,0,70.81,74.72,66.9,0.1262,0.0084,43.63,1.59,13.57,15.92,0.2798,0,0.0631,0.1437,0.06,3.39,None
2007-03-31,270773385,270773385,1,181326000000,None,169294000000,None,12032000000,0,0,4521000000,0,2670000000,396000000,396000000,1.44,1.42,0.395,469000000,-841000000,-349000000,-721000000,900000000,0,67.74,71.18,64.29,0.1251,0.0085,44.44,1.54,13.44,15.53,0.2845,0,0.0664,0.1445,0.06,1.73,None
2006-12-31,276809426,276809426,1,178494000000,None,166293000000,None,12201000000,0,0,4500000000,0,2663000000,382000000,382000000,1.3,1.28,0.38,1105000000,129000000,-721000000,513000000,1621000000,0,64.23,66.72,61.74,0.1254,0.0081,44.08,1.48,12.72,15.13,0.2919,0,0.0684,0.1452,0.06,3.99,None
2006-09-30,277379975,277379975,1,171726000000,None,159683000000,None,12043000000,0,0,4498000000,0,2487000000,364000000,364000000,1.31,1.29,0.38,1022000000,-504000000,-910000000,-392000000,1108000000,0,58.7,63.47,53.94,0.1282,0.0078,43.42,1.45,11.6,14.75,0.2979,0,0.0701,0.1489,0.05,3.68,None
2006-06-30,280786053,280786053,1,167380000000,None,155976000000,None,11404000000,0,0,4503000000,0,2496000000,349000000,349000000,1.25,1.23,0.38,643000000,-1804000000,687000000,-474000000,1500000000,0,57.41,60.52,54.3,0.1347,0.0075,40.61,1.59,11.57,14.37,0.296,0,0.0681,0.1525,0.05,2.29,None
2006-03-31,175884189,175884189,1,128394000000,None,122056000000,None,6338000000,0,0,2190000000,0,1417000000,221000000,221000000,1.27,1.24,0.38,279000000,-86000000,-531000000,-338000000,1974000000,0,54.98,57.97,52,0.1377,0.0071,36.04,1.51,11.62,13.99,0.2972,0,0.0494,0.1561,0.05,1.59,None
2005-12-31,174820963,174820963,1,124787566000,None,118403177000,None,6384389000,0,0,2207010000,0,1388423000,225310000,225310000,1.3,1.29,0.38,323710000,558502000,-172446000,709766000,2311682000,0,50.67,54.41,46.94,0.1326,0.0069,36.52,1.4,11.24,13.61,0.3081,0,0.0512,0.1514,0.05,1.85,None
2005-09-30,173238489,173238489,1,122104607000,None,115820247000,None,6284360000,0,0,2229804000,0,1413100000,228947000,228947000,1.33,1.3,0.365,270940000,-75974000,-251901000,-56935000,1601916000,0,49.51,52.42,46.59,0.128,0.0067,36.28,1.34,11.41,13.23,0.315,0,0.0515,0.1461,0.05,1.56,None
2005-06-30,172488893,172488893,1,118953441000,None,112589952000,None,6363489000,0,0,2254343000,0,1373176000,197862000,197862000,1.15,1.13,0.365,186224000,117132000,-143577000,159779000,1658851000,0,44.68,47.77,41.59,0.1248,0.0066,36.89,1.28,10.54,12.87,0.3243,0,0.0535,0.1409,0.05,1.08,None
2005-03-31,173701482,173701482,1,116352181000,None,110309253000,None,6042928000,0,0,2287702000,0,1313239000,178936000,178936000,1.03,1.01,0.365,191180000,108889000,-462683000,-162614000,1499072000,0,46.89,49.42,44.36,0.1275,0.0067,34.79,1.32,11.87,12.5,0.3271,0,0.0519,0.1392,0.05,1.1,None
2004-12-31,174345429,174345429,1,116219265000,None,110043676000,None,6175589000,0,0,2311981000,0,1347466000,189871000,189871000,1.09,1.07,0.35,517692000,-692024000,-159968000,-334300000,1661686000,0,44.75,48.7,40.79,0.1188,0.0063,35.42,1.31,11.3,12.14,0.3481,0,0.0531,0.1316,0.05,2.97,None
2004-09-30,174597004,174597004,1,110377120000,None,104406298000,None,5970822000,0,0,2323606000,0,1406058000,199678000,199678000,1.13,1.13,0.35,164366000,-213993000,-168100000,-217727000,1995986000,0,44.7,47.5,41.9,0.1214,0.0065,34.2,1.43,12.52,11.79,0.3456,0,0.0541,0.1242,0.05,0.94,None
2004-06-30,175986186,175986186,1,109317878000,None,103798993000,None,5518885000,0,0,2420694000,0,1358720000,187003000,187003000,1.06,1.03,0.35,254250000,-311255000,15199000,-41806000,2213713000,0,46.82,50.38,43.26,0.1119,0.006,31.36,1.36,14.02,11.44,0.3774,0,0.0505,0.1154,0.05,1.44,None
2004-03-31,178297624,178297624,1,109869913000,None,103726376000,None,6143537000,0,0,2447090000,0,1259030000,130457000,130457000,0.73,0.72,0.35,174268000,163830000,206225000,544323000,2255519000,0,44.47,48.87,40.06,0.1029,0.0058,34.46,1.37,15.6,11.09,0.4033,0,0.0559,0.1104,0.05,0.98,None
2003-12-31,178680105,178680105,1,106744868000,None,100933243000,None,5811625000,0,0,2465117000,0,1702553000,194332000,194332000,1.1,1.08,0.34,434804000,-868215000,184016000,-249395000,1711196000,0,38.36,41.32,35.41,0.0904,0.0051,32.53,1.22,18.09,10.74,0.4676,0,0.0544,0.0969,0.05,2.43,None
2003-09-30,177985844,177985844,1,100825462000,None,95239100000,None,5586362000,0,0,2462045000,0,1268849000,133313000,133313000,0.75,0.74,0.33,209483000,-424016000,229277000,14744000,1960591000,0,36.64,38.64,34.63,0.0688,0.0039,31.39,1.12,53.88,10.4,0.6181,0,0.0554,0.0793,0.05,1.18,None
2003-06-30,177728818,177728818,1,99532800000,None,93716861000,None,5815939000,0,0,2492225000,0,1213152000,142702000,142702000,0.81,0.8,0.34,-44307000,163493000,191206000,310392000,1945847000,0,32.69,37.5,27.87,0.0222,0.0013,32.72,1.06,163.45,10.07,1.9119,0,0.0584,0.0261,0.05,-0.25,None
2003-03-31,177493113,177493113,1,92497578000,None,87047555000,None,5450023000,0,0,2495969000,0,1099327000,41589000,41589000,0.23,0.23,0.335,443973000,-926002000,426950000,-55079000,1635455000,0,30.22,35.7,24.73,0.0072,0.0004,30.71,1.01,65.7,9.73,5.9858,0,0.0589,0.0084,0.05,2.5,None
2002-12-31,177362916,177362916,1,93133422000,None,87837155000,None,5296267000,0,0,2525205000,0,1223083000,63195000,63195000,0.36,0.35,0.32,200730000,-834314000,724254000,90670000,1690534000,0,30.55,35.95,25.15,0.0173,0.001,29.86,1,31.17,9.39,2.5352,0,0.0569,0.0198,0.05,1.13,None
2002-09-30,177051324,177051324,1,90436163000,None,85047148000,None,5389015000,0,0,2563397000,0,1140959000,-125463000,-125463000,-0.7,-0.7,0.32,334142000,-1459223000,459501000,-665580000,1599864000,0,35.6,42.08,29.12,0.0375,0.0021,30.44,1.24,15.55,9.07,1.1726,0,0.0596,0.0404,0.05,1.89,None
2002-06-30,184199391,184199391,1,95069239000,None,89761373000,None,5307866000,0,0,2579710000,0,1144980000,59407000,59407000,0.32,0.32,0.32,202963000,86813000,276120000,565896000,2265444000,0,46.64,52.54,40.75,0.0839,0.0046,28.82,1.7,17.21,8.75,0.5288,0,0.0558,0.0826,0.06,1.1,None
2002-03-31,187012859,187012859,1,97846356000,None,92715258000,None,5131098000,0,0,2595552000,0,1126440000,94451000,94451000,0.51,0.49,0.32,-248271000,-1057516000,-90145000,-1395932000,1699548000,0,50.42,53.65,47.2,0.1008,0.0055,27.44,1.8,16.53,8.43,0.441,0,0.0524,0.0903,0.06,-1.33,None
2001-12-31,187585451,187585451,1,98001304000,None,92737820000,None,5263484000,0,0,2624390000,0,1473588000,169221000,169221000,0.9,0.87,0.3,794321000,-306530000,611373000,1099164000,3095480000,0,44.73,49.45,40,0.1136,0.0062,28.06,1.58,15.16,8.11,0.3875,0,0.0537,0.0925,0.07,4.23,None
2001-09-30,189450183,189450183,1,90206016000,None,84837378000,None,5368638000,0,0,2704664000,0,1609264000,119051000,119051000,0.62,0.61,0.31,230915000,13705000,249798000,494418000,1996316000,0,46.88,52.75,41,0.1113,0.006,28.34,1.74,15.42,7.81,0.3996,0,0.0595,0.0853,0.07,1.22,None
2001-06-30,188107575,188107575,1,96431234000,None,91375296000,None,5055938000,0,0,2742563000,0,1598991000,141735000,141735000,0.76,0.74,0.3,-127552000,-310024000,-75696000,-513272000,1501898000,0,46.79,52.3,41.28,0.12,0.006,26.88,1.72,14.85,7.5,0.3809,0,0.0524,0.0869,0.07,-0.68,None
2001-03-31,187817122,187817122,1,94122388000,None,89026027000,None,5096361000,0,0,2779792000,0,1698795000,160204000,160204000,0.85,0.83,0.305,355346000,-14993000,-252576000,87777000,2015170000,0,43.13,48.25,38,0.13,0.0061,27.13,1.66,13.52,7.2,0.3655,0,0.0541,0.0888,0.07,1.89,None
2000-12-31,190643593,190643593,1,99844059000,None,94889975000,None,4954084000,0,0,2842968000,0,1773522000,148942000,148942000,0.78,0.77,0.29,1167677000,416810000,-1092971000,491516000,1927393000,0,45.91,50.94,40.88,0.1377,0.006,25.99,1.94,17.66,6.9,0.3569,0,0.0496,0.0907,0.07,6.12,None
2000-09-30,191584225,191584225,1,103243080000,None,98704463000,None,4538617000,0,0,2894946000,0,1716098000,138623000,138623000,0.73,0.7,0.29,424416000,-257846000,-350005000,-183435000,1435877000,0,46.01,56.38,35.63,0.1168,0.0049,23.69,2.08,17.97,6.61,0.4358,0,0.044,0.0736,0.07,2.22,None
2000-06-30,190752900,190752900,1,103848494000,None,99624769000,None,4223725000,0,0,2982093000,0,1692662000,163608000,163608000,0.86,0.85,0.29,246788000,589856000,-727432000,109212000,1619312000,0,34.53,40.06,29,0.1145,0.0049,22.14,1.53,14.09,6.32,0.4397,0,0.0407,0.0735,0.07,1.29,None
2000-03-31,191724724,191724724,1,106339999000,None,101999565000,None,4340434000,0,0,3055110000,0,1669225000,170220000,170220000,0.88,0.87,0.29,146707000,158015000,-690505000,-385783000,1510100000,0,32.01,41.38,22.63,0.1074,0.0048,22.64,1.46,13.98,6.03,0.4542,0,0.0408,0.0714,0.07,0.77,None
1999-12-31,194693465,194693465,1,103095733000,None,98831865000,None,4263868000,0,0,3169538000,0,1807888000,34625000,34625000,0.18,0.18,0.28,484365000,-619856000,-311572000,-447063000,1895883000,0,42.41,48.31,36.5,0.0977,0.0047,21.9,1.78,15.51,5.74,0.4779,0,0.0414,0.0677,0.07,2.49,None
1999-09-30,195472893,195472893,1,96500673000,None,91838516000,None,4662157000,0,0,3195661000,0,1642126000,132317000,132317000,0.67,0.66,0.28,461708000,32854000,-302705000,191857000,2342946000,0,46.75,57.5,36,0.1104,0.0057,23.85,1.93,17.78,5.46,0.3957,0,0.0483,0.0822,0.07,2.36,None
1999-06-30,198816323,198816323,1,98261437000,None,93444059000,None,4817378000,0,0,3193229000,0,1678328000,148350000,148350000,0.75,0.74,0.28,151600000,-142659000,-184898000,-175957000,2151089000,0,49.56,53.44,45.69,0.1022,0.0057,24.23,1.94,18.92,5.18,0.4056,0,0.049,0.0821,0.07,0.76,None
1999-03-31,100169741,200339482,2,95350278000,None,90242857000,None,5107421000,0,0,3249951000,0,1675358000,145062000,145062000,1.44,1.42,0.55,537650000,-409472000,-234482000,-106304000,2327046000,0,44.77,50.25,39.28,0.1007,0.0059,25.49,1.68,17.84,4.9,0.3989,0,0.0536,0.0844,0.07,2.68,None
1998-12-31,101245205,202490410,2,93836260000,None,88448319000,None,5387941000,0,0,3332785000,0,1713959000,125604000,125604000,1.25,1.25,0.52,475738000,-504759000,-262984000,-292005000,2433350000,0,38.42,43.34,33.5,0.0965,0.0057,26.61,1.4,7.62,4.62,0.4113,0,0.0574,0.0837,0.07,2.35,None
1998-09-30,101037820,202075640,2,84606194000,None,79078586000,None,5527608000,0,0,2394824000,0,1417592000,113449000,113449000,1.13,1.11,0.52,239480000,-100225000,171986000,311241000,2725355000,0,45.28,49.44,41.13,0.1976,0.0121,27.35,1.77,8.5,4.36,0.2015,0,0.0653,0.1802,0.07,1.19,None
1998-06-30,100521755,201043510,2,88364620000,None,83213773000,None,5150847000,0,0,2423700000,0,1507493000,148679000,148679000,1.48,1.46,0.52,225991000,128919000,-582474000,-227564000,2414114000,0,44.45,47.06,41.84,0.2181,0.013,25.62,1.77,9.77,4.1,0.1881,0,0.0583,0.1956,0.07,1.12,None
1998-03-31,100455933,200911866,2,87884525000,None,82830284000,None,5054241000,0,0,2585831000,0,1448019000,122043000,122043000,1.22,1.2,0.52,388663000,-1298425000,-243266000,-1153028000,2641678000,0,39.69,43.25,36.13,0.193,0.0115,25.16,1.6,8.66,3.84,0.2174,0,0.0575,0.199,0.06,1.93,None
1997-12-31,100316069,200632138,2,77174708000,None,72191793000,None,4982915000,0,0,1071638000,0,1305312000,639153000,639153000,6.32,None,0.49,167208000,3207582000,-827076000,2547714000,3794706000,0,35.69,39.06,32.31,0.2032,0.0122,24.84,1.56,16.95,3.58,0.2134,0,0.0646,0.1907,0.06,0.83,None
1997-09-30,101374775,202749550,2,79963499000,None,75322441000,None,4641058000,0,0,995189000,0,1267025000,171254000,171254000,1.67,None,0.49,437899000,107688000,-571423000,-25836000,1246992000,0,34.2,36.5,31.91,0.0979,0.0058,22.89,1.55,18.54,3.34,0.4517,0,0.058,0.0819,0.07,2.16,None
1997-06-30,101941396,203882792,2,76794040000,None,72309298000,None,4484742000,0,0,1017559000,0,625370000,-7761000,-7761000,-0.09,None,0.49,212845000,293505000,-353600000,152750000,1272828000,0,29.41,34.31,24.5,0.088,0.0054,22,1.42,12.15,3.09,0.5081,0,0.0584,0.0669,0.08,1.04,None
1997-03-31,103214540,206429080,2,71996614000,None,67715484000,None,4281130000,0,0,1122809000,0,1700772000,131342000,131342000,1.27,None,0.49,293736000,156487000,-474911000,-24688000,1207036000,0,28.26,30.82,25.69,0.1173,0.0073,20.74,1.3,11.51,2.85,0.3843,0,0.0595,0.0744,0.1,1.42,None
1996-12-31,103181135,206362270,2,71713405000,None,67243449000,None,4469956000,0,0,1157925000,0,1751956000,142781000,142781000,1.36,None,0.46,273262000,88550000,-565597000,-203785000,1231724000,0,24.66,27.32,22,0.1202,0.0076,21.66,1.2,11.52,2.6,0.3727,0,0.0623,0.0764,0.1,1.32,None
1996-09-30,104315307,208630614,2,67237857000,None,62949984000,None,4287873000,0,0,947520000,0,1684883000,119310000,119310000,1.15,None,0.46,412279000,-113596000,-214268000,84415000,1435509000,0,21.94,23.5,20.38,0.105,0.0068,20.55,1.09,9.58,2.37,0.4233,0,0.0638,0.0655,0.1,1.98,None
1996-06-30,104316268,208632536,2,66084611000,None,61901587000,None,4183024000,0,0,955182000,0,1643914000,111443000,111443000,1.06,None,0.46,204807000,-131182000,-63486000,10139000,1351094000,0,24.69,26.44,22.94,0.1128,0.0076,20.05,1.24,10.85,2.14,0.3857,0,0.0633,0.0709,0.11,0.98,None
1996-03-31,104265407,208530814,2,64263923000,None,60117877000,None,4146046000,0,0,965617000,0,1640517000,140024000,140024000,1.34,None,0.46,346667000,-249302000,-329265000,-231900000,1340955000,0,26.25,28.5,24,0.1143,0.0079,19.88,1.25,11.64,1.91,0.3738,0,0.0645,0.0718,0.11,1.66,None
1995-12-31,104233132,208466264,2,63257733000,None,58879611000,None,4378122000,0,0,1000399000,0,1834877000,75136000,75136000,0.73,None,0.43,293883000,352035000,-412770000,233148000,1572855000,0,24.1,26.88,21.32,0.1164,0.0082,21,1.15,9.62,1.68,0.3627,0,0.0692,0.0727,0.11,1.41,None
1995-09-30,103961313,207922626,2,60677527000,None,56328239000,None,4349288000,0,0,865427000,0,1668458000,154325000,154325000,1.45,None,0.43,862340000,-476384000,-158439000,227517000,1339707000,0,21.5,23.63,19.38,0.1315,0.0091,20.92,1.07,10.44,1.47,0.3371,0,0.0717,0.0751,0.12,4.15,None
1995-06-30,103923782,207847564,2,58147960000,None,53961119000,None,4186841000,0,0,881101000,0,1646191000,117912000,117912000,1.03,None,0.43,281487000,-894951000,403787000,-209677000,1112190000,0,21.54,23.13,19.94,0.114,0.0077,20.14,1.12,12.17,1.25,0.4027,0,0.072,0.0617,0.13,1.35,None
1995-03-31,94582742,189165484,2,52330102000,None,48678376000,None,3651726000,0,0,143532000,0,1483730000,134813000,134813000,1.3,None,0.43,482590000,-408058000,205752000,280284000,1321867000,0,19.01,20.69,17.32,0.0999,None,19.3,1.18,10.28,1.03,0.4713,0,0.0698,0.0517,0.13,2.55,None
1994-12-31,94505345,189010690,2,49330060000,None,46288000000,None,3042060000,0,0,145744000,0,1871381000,93729000,93729000,1.23,None,0.41,333648000,-390988000,33300000,-24040000,1041583000,0,18.47,19.63,17.31,0.1051,None,16.09,1.06,None,0.82,0.4443,0,0.0617,0.0501,0.14,1.77,None
1994-09-30,94970626,189941252,2,49236770000,None,45914780000,None,3321990000,0,0,146805000,0,1561702000,58382000,58382000,0.56,None,0.41,269117000,-784209000,209480000,-305612000,1065623000,0,19.81,21.88,17.75,None,None,17.49,1.12,None,0.61,None,0,0.0675,None,None,1.42,None
1994-06-30,94951076,189902152,2,47821864000,None,44472888000,None,3348976000,0,0,148753000,0,1544431000,46802000,46802000,0.45,None,0.41,317296000,-124008000,176741000,370029000,1371235000,0,20.16,21.94,18.38,None,None,17.64,1.06,None,0.41,None,0,0.07,None,None,1.67,None
1994-03-31,94740371,189480742,2,46741828000,None,43138616000,None,3603212000,0,0,151081000,0,2006836000,150985000,150985000,1.46,None,0.41,265949000,-224327000,249920000,291542000,1001206000,0,20.69,22.19,19.19,None,None,19.02,0.96,None,0.2,None,0,0.0771,None,None,1.4,None
1993-12-31,94217427,188434854,2,48380361000,None,44308040000,None,4072321000,0,0,228530000,0,None,None,None,None,None,0,None,None,None,None,709664000,0,22.31,24.13,20.5,None,None,21.61,None,None,0,None,0,0.0842,None,None,None,None
