"Quarter end","Shares","Shares split adjusted","Split factor","Assets","Current Assets","Liabilities","Current Liabilities","Shareholders equity","Non-controlling interest","Preferred equity","Goodwill & intangibles","Long-term debt","Revenue","Earnings","Earnings available for common stockholders","EPS basic","EPS diluted","Dividend per share","Cash from operating activities","Cash from investing activities","Cash from financing activities","Cash change during period","Cash at end of period","Capital expenditures","Price","Price high","Price low","ROE","ROA","Book value of equity per share","P/B ratio","P/E ratio","Cumulative dividends per share","Dividend payout ratio","Long-term debt to equity ratio","Equity to assets ratio","Net margin","Asset turnover","Free cash flow per share","Current ratio"
2019-06-30,190813470,190813470,1,17913857000,None,9555651000,None,6860554000,1497652000,891256000,0,1270796000,463103000,2400195000,2400195000,12.58,12.56,0.66,228734000,1710217000,-1771675000,167276000,1076910000,27531000,66.66,70.45,62.87,0.696,0.1677,31.28,3.58,21.86,62.5,0.1704,0.2129,0.3332,1.385,0.12,1.05,None
2019-03-31,190761498,190761498,1,17637955000,None,11679978000,None,4443992000,1513985000,891263000,0,2120337000,534668000,194022000,194022000,0.95,0.95,0.66,64118000,403294000,-274683000,192729000,909634000,-211402000,65.25,70.54,59.95,0.1704,0.0371,18.62,3.48,32.46,61.84,0.8139,0.5968,0.2014,0.276,0.13,1.44,None
2018-12-31,190535499,190535499,1,17180794000,None,11289349000,None,4465231000,1426214000,891294000,136781000,1668823000,543417000,113027000,100494000,0.52,0.52,0.63,314603000,-225416000,-292092000,-202905000,716905000,79861000,66.27,73.06,59.48,0.1106,0.0266,18.76,3.62,40.66,61.18,1.2462,0.4669,0.208,0.1779,0.13,1.23,None
2018-09-30,190285799,190285799,1,16678020000,None,10715929000,None,4377917000,1584174000,891294000,139994000,1673584000,542048000,203179000,190645000,1,1,0.63,246778000,-397400000,-141527000,-292149000,919810000,407947000,73.55,77.59,69.5,0.0904,0.0225,18.32,4.13,153.23,60.55,1.5194,0.48,0.2091,0.1616,0.11,-0.85,None
2018-06-30,190237957,190237957,1,16866083000,None,10984455000,None,4281875000,1599753000,891325000,146370000,1672911000,541818000,124068000,111534000,0.59,0.58,0.63,-24158000,-64286000,-117665000,-206109000,1211959000,125053000,69.41,74.28,64.53,0.0266,0.0097,17.82,3.81,136.1,59.92,5.0831,0.4934,0.201,0.048,0.11,-0.78,None
2018-03-31,190169168,190169168,1,16864483000,None,10982579000,None,4360092000,1521812000,891325000,152834000,1672239000,536437000,9680000,-17841000,-0.09,-0.09,0.63,265418000,-190620000,-571542000,-496744000,1418068000,185187000,71.22,78.31,64.13,0.0236,0.0096,18.24,3.93,83.79,59.29,5.0013,0.4821,0.2057,0.0482,0.11,0.42,None
2017-12-31,189983858,189983858,1,17397934000,None,11405296000,None,4337652000,1654986000,891988000,159260000,1592348000,308484000,44332000,27319000,0.14,0.14,0.6,198517000,-152022000,482534000,529029000,1914812000,163451000,76.1,80.3,71.9,0.0347,0.012,18.14,4.09,18.52,58.66,3.0668,0.4621,0.1981,0.0777,0.11,0.18,None
2017-09-30,189877859,189877859,1,16842120000,None,10583843000,None,4571079000,1687198000,1038011000,166198000,1219995000,528755000,-12898000,-29026000,-0.15,-0.15,0.6,345408000,197234000,-714557000,-171915000,1385783000,147428000,85.01,97.25,72.77,0.1492,0.0429,18.61,2.74,18.44,58.06,0.6388,0.3453,0.2098,0.3256,0.12,1.04,None
2017-06-30,189465023,189465023,1,20889290000,None,12067976000,None,6916434000,1904880000,1038011000,176506000,1334891000,626039000,132101000,115972000,0.61,0.61,0.71,14932000,-94875000,54627000,-25316000,1557689000,175764000,97.27,103.35,91.18,0.1544,0.0459,31.03,3.17,18.85,57.46,0.5756,0.2271,0.2814,0.3498,0.12,-0.85,None
2017-03-31,189343482,189343482,1,20731448000,None,11902047000,None,6841707000,1987694000,1038049000,184009000,1334157000,620848000,63881000,47752000,0.25,0.25,0.71,301285000,-156654000,-160948000,-16317000,1583005000,161581000,105.12,111.72,98.51,0.1771,0.051,30.65,3.39,24.45,56.75,0.4988,0.2299,0.2799,0.392,0.12,0.74,None
2016-12-31,189100876,189100876,1,20814847000,None,11917905000,None,6898519000,1998423000,1038055000,192731000,1333422000,638260000,667310000,651181000,3.45,3.4,0.63,426420000,-197172000,-80918000,148330000,1501027000,304661000,96.13,105.91,86.35,0.1518,0.0434,30.99,3.44,45.34,56.04,0.5781,0.2275,0.2816,0.3286,0.12,0.64,None
2016-09-30,188994234,188994234,1,20859369000,None,12542060000,None,6315831000,2001478000,1038111000,201450000,1332688000,633197000,92580000,66125000,0.35,0.35,0.63,250954000,-259762000,-282562000,-291370000,1352697000,233342000,102.94,108.69,97.18,0.0758,0.0234,27.93,3.66,36.5,55.41,1.18,0.2525,0.253,0.16,0.12,0.09,None
2016-06-30,188825520,188825520,1,21073730000,None,12480658000,None,6594107000,1998965000,1276954000,210010000,1703408000,621708000,240826000,220463000,1.17,1.16,0.63,46648000,-190661000,114514000,-29499000,1644067000,161440000,95.13,100.13,90.13,0.1002,0.0297,28.16,3.42,37.6,54.78,0.8872,0.3204,0.2523,0.2132,0.12,-0.61,None
2016-03-31,188771002,188771002,1,20873374000,None,12396134000,None,6524924000,1952316000,1276954000,218388000,1586666000,613037000,-93799000,-114163000,-0.61,-0.61,0.63,276645000,-241598000,-197188000,-162141000,1673566000,202597000,89.44,99.97,78.91,0.0902,0.0276,27.8,3.11,24.91,54.15,0.9879,0.3023,0.2514,0.1918,0.12,0.39,None
2015-12-31,188576853,188576853,1,21143293000,None,12437994000,None,6697595000,2007704000,1276954000,227901000,0,651581000,251107000,230742000,1.23,1.22,0.63,228625000,-198363000,1017308000,1047570000,1835707000,136998000,96.36,103.41,89.32,0.1289,0.038,28.74,3.36,18.97,53.52,0.6986,0,0.2564,0.2717,0.13,0.49,None
2015-09-30,188540876,188540876,1,19971926000,None,11413540000,None,6682147000,1876239000,1276985000,241814000,0,627596000,219234000,198870000,1.05,1.05,0.63,258909000,-5781000,18672000,271800000,788137000,164641000,91.78,98.96,84.6,0.1821,0.0521,28.67,3.29,19.44,52.89,0.5126,0,0.2706,0.3672,0.13,0.5,None
2015-06-30,188496525,188496525,1,19585907000,None,11187703000,None,6537744000,1860460000,1277010000,245846000,0,616288000,186016000,165651000,0.88,0.87,0.63,-9900000,-624473000,83142000,-551231000,516337000,527103000,103.84,113.12,94.55,0.1706,0.0481,27.91,3.9,24.38,52.26,0.5718,0,0.2686,0.3358,0.13,-2.85,None
2015-03-31,188272702,188272702,1,19261051000,None,10912613000,None,6285898000,2062540000,1277014000,229579000,0,606802000,104077000,84593000,0.45,0.45,0.63,194516000,149871000,-475296000,-130909000,1067568000,-142329000,115.37,126.62,104.11,0.1542,0.0431,26.6,3.96,27.87,51.63,0.6576,0,0.2601,0.2968,0.13,1.79,None
2014-12-31,187887498,187887498,1,21248320000,None,12421158000,None,6745426000,2081736000,1277026000,276239000,0,770325000,533603000,513238000,2.74,2.71,0.73,306741000,-377326000,-414080000,-484665000,1198477000,345683000,106.66,120.23,93.09,0.148,0.0415,29.1,3.82,99.68,51,0.6995,0,0.2574,0.2972,0.13,-0.21,None
2014-09-30,187735229,187735229,1,21000515000,None,12635544000,None,6516506000,1848465000,1277026000,280207000,0,670909000,151524000,131159000,0.7,0.69,0.73,380926000,-130625000,61615000,311916000,1683142000,96631000,104.19,109.12,99.26,0.038,0.0138,27.91,3.78,127.06,50.27,2.7207,0,0.2495,0.0794,0.12,1.51,None
2014-06-30,187664768,187664768,1,20736779000,None,12317467000,None,6454144000,1965168000,1277026000,289475000,0,666606000,97008000,76642000,0.41,0.41,0.73,138512000,-149275000,225262000,214499000,1371226000,180171000,102.97,109.01,96.93,0.0282,0.0115,27.59,3.65,86.53,49.54,3.5731,0,0.2497,0.0601,0.13,-0.22,None
2014-03-31,187411596,187411596,1,20369352000,None,11819194000,None,6570327000,1979831000,1277225000,299759000,0,528100000,82717000,62349000,0.33,0.33,0.73,309131000,82761000,181545000,573437000,1156727000,23486000,93.92,100.02,87.82,0.0397,0.0146,28.24,3.21,44.72,48.81,2.4577,0,0.2599,0.0866,0.13,1.52,None
2013-12-31,187284688,187284688,1,20097224000,None,11498860000,None,6765232000,1833132000,1277225000,323322000,0,670655000,-48519000,-68887000,-0.36,-0.36,0.73,251197000,-298324000,-241906000,-289033000,583290000,235483000,87.32,91.91,82.73,0.0684,0.0233,29.3,2.84,31.52,48.08,1.3933,0,0.2731,0.142,0.13,0.08,None
2013-09-30,187048110,187048110,1,20275321000,None,11496389000,None,7024219000,1754713000,1277455000,275250000,0,683380000,103374000,83005000,0.44,0.44,0.73,344792000,-50285000,-203839000,90668000,872323000,55651000,84.45,89.35,79.56,0.0909,0.0292,30.72,2.7,23.66,47.35,1.3849,0,0.2834,0.1926,0.13,1.55,None
2013-06-30,186991076,186991076,1,20333231000,None,11471016000,None,7136492000,1725723000,1277455000,289110000,0,685858000,158194000,145926000,0.78,0.78,0.73,29873000,543000000,-377041000,195832000,781655000,11010000,82.46,88.73,76.19,0.1173,0.0357,31.33,2.65,28.43,46.62,1.0655,0,0.2882,0.2451,0.13,0.1,None
2013-03-31,186935027,186935027,1,21126127000,None,12110435000,None,7094782000,1920910000,1277719000,393771000,0,721016000,262922000,231990000,1.24,1.24,0.73,414927000,527685000,-1317108000,-374496000,585823000,-406575000,82.69,85.94,79.43,0.097,0.0301,31.12,2.75,28.42,45.89,1.2944,0,0.2753,0.1984,0.13,4.39,None
2012-12-31,186734711,186734711,1,21965975000,None,13117679000,None,6850935000,1997361000,1240278000,370602000,0,627423000,86135000,62633000,0.33,0.31,1.69,314403000,-676274000,856306000,494435000,960319000,629247000,77.57,82.5,72.64,0.0973,0.0299,30.05,2.55,26.29,45.16,1.275,0,0.2554,0.1985,0.13,-1.69,None
2012-09-30,186143105,186143105,1,20397816000,None,11713463000,None,6901979000,1782374000,1237699000,252683000,0,710977000,241306000,232393000,1.25,1.24,0.69,246782000,-136882000,-115379000,-5479000,465884000,105219000,83.03,86.56,79.5,0.0977,0.0305,30.43,2.81,43.02,43.47,0.9214,0,0.2777,0.1945,0.14,0.76,None
2012-06-30,185814787,185814787,1,20003765000,None,11493315000,None,6505740000,2004710000,1021555000,266386000,0,700591000,38297000,20510000,0.11,0.11,0.69,-43239000,-1201000,-98556000,-142996000,471363000,23858000,83.53,88.5,78.56,0.0639,0.0213,29.51,2.66,36.16,42.78,1.4013,0,0.2742,0.1269,0.14,-0.36,None
2012-03-31,185642051,185642051,1,20269729000,None,11509293000,None,6841667000,1918769000,1021555000,304385000,0,727466000,251522000,233735000,1.26,1.25,0.69,307103000,172095000,-471392000,7806000,614359000,-220302000,80.69,86.21,75.17,0.0755,0.0246,31.35,2.57,25.37,42.09,1.1698,0,0.2871,0.1501,0.14,2.84,None
2011-12-31,185080020,185080020,1,20446487000,None,11777363000,None,6828316000,1840808000,1021660000,319704000,0,721060000,87296000,69508000,0.37,0.35,0.69,135828000,-163086000,48628000,21370000,606553000,141411000,76.34,84.3,68.39,0.1039,0.0324,31.37,2.46,18.4,41.4,0.8465,0,0.284,0.2064,0.14,-0.03,None
2011-09-30,184496038,184496038,1,20188228000,None,11664539000,None,6751785000,1771904000,1021855000,334878000,0,727343000,53762000,41135000,0.22,0.22,0.69,306631000,-24932000,-288031000,-6332000,585183000,38373000,85.81,98.77,72.85,0.1355,0.0407,31.06,2.75,19.28,40.71,0.646,0,0.2838,0.259,0.15,1.45,None
2011-06-30,184427825,184427825,1,20538864000,None,11749873000,None,6760241000,2028750000,997446000,317257000,0,730151000,108581000,91913000,0.5,0.49,0.69,63938000,-37164000,-53620000,-26846000,591515000,74568000,92.63,98.42,86.85,0.148,0.043,31.25,2.91,21.69,40.02,0.5936,0,0.2806,0.2789,0.14,-0.06,None
2011-03-31,184239623,184239623,1,20492400000,None,11881036000,None,6647629000,1963735000,782933000,333270000,0,737111000,412663000,399215000,2.17,2.12,0.69,196102000,60421000,-328951000,-72428000,618361000,-85924000,87.83,93.53,82.12,0.1443,0.0415,31.83,2.92,27.11,39.33,0.608,0,0.2862,0.2821,0.14,1.53,None
2010-12-31,183661875,183661875,1,20517471000,None,12359092000,None,6315710000,1842669000,783088000,348745000,0,800588000,256973000,243414000,1.33,1.32,0.65,176365000,-571458000,239628000,-155465000,690789000,200584000,84.87,91.67,78.06,0.1105,0.0318,30.12,2.95,78.58,38.64,0.7958,0,0.2697,0.2147,0.14,-0.13,None
2010-09-30,182670995,182670995,1,20634128000,None,12729131000,None,6041092000,1863905000,783527000,385337000,0,707032000,104252000,95192000,0.52,0.52,0.65,62356000,-156262000,288039000,194133000,846254000,112153000,78.83,89.06,68.59,0.0376,0.0117,28.78,2.66,63.21,37.99,2.1173,0,0.2548,0.069,0.14,-0.27,None
2010-06-30,182290243,182290243,1,19890877000,None,11981051000,None,6231627000,1678199000,823534000,404081000,0,575776000,72106000,57840000,0.32,0.31,0.65,244317000,200017000,-581153000,-136819000,652121000,540000,78.43,86.79,70.06,0.0425,0.0132,29.67,2.65,122.62,37.34,1.6256,0,0.2719,0.0841,0.13,1.34,None
2010-03-31,181913554,181913554,1,20419693000,None,12455566000,None,6217588000,1746539000,823549000,0,0,696331000,214552000,200285000,1.1,1.09,0.65,288048000,7342000,-41929000,253461000,788940000,33969000,69.83,78.4,61.25,0.022,0.0078,29.65,2.34,214.58,36.69,2.6599,0,0.2642,0.0448,0.13,1.4,None
2009-12-31,181214161,181214161,1,20185472000,None,12284438000,None,6242769000,1658265000,823686000,0,0,951500000,-153244000,-151192000,-0.84,-0.84,0.4,144092000,-164401000,-2004223000,-2024532000,535479000,76192000,65.25,73.96,56.54,0.0088,0.0049,29.9,2.05,None,36.04,5.5099,0,0.2685,0.0179,0.13,0.37,None
2009-09-30,179523984,180301921,1.004333,22350373000,None,14169700000,None,6561762000,1618911000,823718000,0,0,550054000,140617000,126348000,0.7,0.69,0.39,110048000,141510000,239955000,491513000,2560011000,-71008000,54.94,70.23,39.65,-0.003,0.0026,31.82,1.68,None,35.64,None,0,0.2567,None,0.11,1,None
2009-06-30,178561963,180112852,1.008685,21831857000,None,13773583000,None,6717048000,1341226000,823718000,0,0,559010000,-37635000,-51904000,-0.3,-0.3,0.38,209627000,-40884000,274305000,443048000,2068498000,158396000,43,54,32,-0.0207,-0.0018,32.72,1.3,114.07,35.26,None,0,0.2699,None,0.12,0.28,None
2009-03-31,158278305,161169726,1.018268,21648927000,None,14180839000,None,6148329000,1319759000,823717000,0,0,682014000,156431000,125841000,0.8,0.79,0.38,169812000,-178426000,107211000,98597000,1625450000,150596000,44.67,62.33,27.01,0.0125,0.0065,33.04,1.47,22.29,34.88,7.3667,0,0.246,0.0242,0.13,0.12,None
2008-12-31,155460522,159804322,1.027942,21418210000,None,14162834000,None,5664485000,1590891000,823807000,0,0,693020000,-202515000,-216786000,-1.4,-1.4,0.95,170203000,-314668000,142306000,-2159000,1526853000,193093000,63.66,90.65,36.66,0.0632,0.0184,30.29,1.85,16.24,34.51,1.6669,0,0.226,0.1253,0.13,-0.14,None
2008-09-30,154354021,158666904,1.027942,21444140000,None,13791303000,None,6282582000,1370255000,823782000,0,0,677145000,45701000,31430000,0.2,0.2,0.9,194093000,-173726000,-203387000,-183020000,1529012000,225011000,95.58,108.15,83,0.1183,0.0323,34.4,2.74,21.5,33.58,0.8576,0,0.2546,0.2233,0.13,-0.19,None
2008-06-30,153889331,158189230,1.027942,21501573000,None,13769459000,None,6348764000,1383350000,824013000,0,0,674365000,139660000,125386000,0.82,0.79,0.9,231941000,37567000,-98550000,170958000,1712032000,77349000,92.82,99.7,85.94,0.1344,0.0359,34.92,2.64,20.13,32.71,0.7447,0,0.2569,0.2383,0.14,0.98,None
2008-03-31,153596679,157888400,1.027942,21486198000,None,13709385000,None,6382140000,1394673000,824070000,0,0,652521000,412197000,397922000,2.6,2.47,0.9,221575000,-2404000,167308000,386479000,1541074000,-35308000,85.59,94.54,76.64,0.1401,0.0369,35.2,2.55,27.24,31.83,0.7066,0,0.2587,0.2376,0.14,1.63,None
2007-12-31,153374257,157659764,1.027942,22478935000,None,14866776000,None,6118399000,1493760000,825095000,0,0,887080000,105214000,90923000,0.59,0.57,0.9,210232000,-2147000,112236000,320321000,1154595000,157760000,98.11,114,82.22,0.0954,0.0261,33.57,2.85,29.93,30.96,1.0274,0,0.2355,0.1565,0.15,0.33,None
2007-09-30,152264185,156518675,1.027942,22253768000,None,14544014000,None,6206359000,1503395000,825275000,0,0,853036000,130841000,116546000,0.77,0.74,0.85,187655000,101014000,-197901000,90768000,834274000,96746000,103.76,112.46,95.07,0.098,0.0283,34.38,3.01,31.46,30.08,1.1372,0,0.2418,0.1694,0.15,0.58,None
2007-06-30,152007909,156255238,1.027942,22138896000,None,14389932000,None,6210848000,1538116000,825276000,0,0,793457000,165920000,151625000,1,0.96,0.85,218175000,-1860875000,-498468000,-2141168000,743506000,1731381000,111.84,119.22,104.45,0.1016,0.0309,34.47,3.24,33.62,29.25,1.1134,0,0.2433,0.1785,0.16,-9.68,None
2007-03-31,151864560,156107883,1.027942,20252419000,None,12934364000,None,6211707000,1106348000,825367000,0,0,737056000,166931000,152635000,1.01,0.96,0.85,81263000,-1305696000,1875790000,651357000,2884674000,1091655000,123.12,132.06,114.17,0.1057,0.0342,34.5,3.61,37.55,28.43,1.0891,0,0.266,0.1858,0.17,-6.47,None
2006-12-31,151601052,155837013,1.027942,17954281000,None,10675307000,None,6150770000,1128204000,828660000,0,0,722988000,119776000,105427000,0.75,0.71,1.39,337830000,-1147196000,2655801000,1846435000,2233317000,1036491000,115.96,125.97,105.95,0.107,0.0363,34.15,3.76,35.27,27.6,1.0962,0,0.2964,0.1853,0.18,-4.48,None
2006-09-30,142047241,146016254,1.027942,14869422000,None,8282817000,None,5336954000,1249651000,828696000,0,0,678474000,127983000,113632000,0.8,0.76,0.8,127597000,-256390000,21285000,-107508000,386882000,402683000,101.75,107.82,95.68,0.1124,0.0391,30.88,3.31,37.22,26.25,1.1175,0,0.3032,0.1871,0.19,-1.88,None
2006-06-30,141722352,145682287,1.027942,14556322000,None,7958108000,None,5306151000,1292063000,831931000,0,0,663032000,163169000,148765000,1.05,0.99,0.8,168772000,-347856000,93544000,-85540000,494390000,206083000,90.82,95.21,86.43,0.093,0.0338,30.71,2.95,30.41,25.47,1.333,0,0.3074,0.1562,0.19,-0.26,None
2006-03-31,141579377,145535317,1.027942,14330183000,None,7761925000,None,5315935000,1252323000,832161000,0,0,647601000,149212000,134805000,0.96,0.91,0.8,190469000,-165068000,260025000,285426000,579930000,175723000,89.53,95.78,83.29,0.1025,0.0365,30.81,2.94,25.92,24.69,1.2289,0,0.3129,0.1696,0.19,0.1,None
2005-12-31,141265318,145212483,1.027942,13637163000,None,7117212000,None,5263510000,1256441000,834527000,0,0,698410000,119961000,105750000,0.75,0.72,1.57,259828000,-267225000,-92560000,-99957000,294504000,325152000,80.7,85.36,76.05,0.1209,0.0421,30.5,2.57,18.19,23.91,1.0811,0,0.3248,0.1936,0.2,-0.45,None
2005-09-30,140544221,144471237,1.027942,13154745000,None,6521616000,None,5363453000,1269676000,835561000,0,0,656955000,38742000,27223000,0.2,0.19,0.76,182397000,-1122605000,492571000,-447637000,394461000,521296000,82.75,86.23,79.27,0.1621,0.0536,31.34,2.96,16.48,22.38,0.6577,0,0.3442,0.2646,0.19,-2.35,None
2005-06-30,130808565,134463552,1.027942,12439705000,None,6321462000,None,4328466000,1789777000,573428000,0,0,594785000,181082000,172697000,1.33,1.25,0.76,186430000,-354605000,35943000,-132232000,842098000,139954000,73.29,79.04,67.54,0.1989,0.0637,27.93,2.71,14.71,21.65,0.5613,0,0.3019,0.3315,0.18,0.35,None
2005-03-31,129701581,133325637,1.027942,12064138000,None,6194725000,None,4071085000,1798328000,465706000,0,0,597478000,199819000,187433000,1.46,1.39,0.81,134023000,-6849000,247874000,375048000,974330000,40303000,70.38,73.93,66.83,0.2042,0.0663,27.04,2.69,16.75,20.91,0.5584,0,0.2989,0.3578,0.18,0.7,None
2004-12-31,127819849,131391327,1.027942,11580517000,None,5619905000,None,4012741000,1947871000,577454000,0,0,497308000,239954000,233603000,1.82,1.73,0.76,214182000,-106688000,279714000,387208000,599282000,180653000,68.31,74.32,62.31,0.1783,0.059,26.15,2.75,16.41,20.12,0.6764,0,0.2966,0.3345,0.17,0.26,None
2004-09-30,127217439,130772085,1.027942,9752211000,None,4620092000,None,3488909000,1643210000,240062000,0,0,416850000,108523000,104501000,0.83,0.79,0.71,180356000,-284512000,90795000,-13361000,212074000,170790000,59.52,63.53,55.51,0.1763,0.0585,24.84,2.48,14.96,19.38,0.7307,0,0.3331,0.3408,0.17,0.07,None
2004-06-30,125938568,129457480,1.027942,9454384000,None,4453508000,None,3349983000,1650893000,240087000,0,0,400054000,162001000,158436000,1.26,1.21,0.71,133574000,-44883000,-154274000,-65583000,225435000,-148761000,53,59.22,46.78,0.1752,0.0561,24.02,2.27,15.18,18.69,0.7554,0,0.3289,0.3264,0.16,2.18,None
2004-03-31,125695304,129207419,1.027942,9427341000,None,4550811000,None,3256058000,1620472000,240435000,0,0,393050000,82439000,74457000,0.61,0.59,0.87,153321000,68614000,-251459000,-29524000,291018000,108234000,55.28,58.84,51.72,0.1571,0.0488,23.34,2.4,15.07,18,0.8601,0,0.3199,0.2818,0.16,0.35,None
2003-12-31,119254006,122586142,1.027942,9518928000,None,4520069000,None,3077573000,1921286000,250992000,0,0,367672000,205144000,200259000,1.73,1.69,0.87,103343000,-65713000,159054000,196684000,320542000,-45822000,50.53,54.32,46.74,0.1701,0.0503,23.06,2.34,20.78,17.15,0.7608,0,0.2969,0.2927,0.16,1.22,None
2003-09-30,115136676,118353767,1.027942,9077271000,None,4291602000,None,2803329000,1982340000,244478000,0,0,383842000,76060000,70981000,0.63,0.6,0.68,161120000,-67052000,-143409000,-49341000,123858000,105885000,44.56,46.94,42.19,0.1159,0.0341,21.62,2.07,18.93,16.3,1.0652,0,0.2819,0.1896,0.17,0.47,None
2003-06-30,112871552,116025352,1.027942,8971580000,None,4272616000,None,2761218000,1937746000,264787000,0,0,374536000,87757000,82331000,0.74,0.71,0.68,144233000,23694000,-171619000,-3692000,173199000,73608000,39.55,43.92,35.19,0.1125,0.0326,21.52,1.84,17.83,15.64,1.0947,0,0.2783,0.1831,0.16,0.61,None
2003-03-31,111592675,114710741,1.027942,9042769000,None,4364797000,None,2726745000,1951227000,265288000,0,0,377005000,91742000,86317000,0.79,0.77,0.68,120255000,-21221000,-130343000,-31309000,176891000,26867000,34.85,37.31,32.39,0.1063,0.0302,21.46,1.65,18.76,14.98,1.1556,0,0.2722,0.1725,0.16,0.81,None
2002-12-31,108665797,111702082,1.027942,9018179000,None,4353465000,None,2627356000,2037358000,265488000,0,0,374291000,51984000,46539000,0.44,0.42,0.68,152324000,-79791000,-178696000,-106163000,208200000,42263000,35.8,38.14,33.47,0.0895,0.0256,21.14,1.69,17.36,14.32,1.3662,0,0.2619,0.1462,0.16,0.99,None
2002-09-30,108396383,111425140,1.027942,9066040000,None,4344728000,None,2641492000,2079820000,281843000,0,0,361208000,62805000,57110000,0.53,0.52,0.66,100203000,131465000,-601488000,-369820000,314363000,20905000,40.39,44.15,36.63,0.0961,0.0287,21.18,1.91,17.74,13.66,1.4302,0,0.2603,0.1673,0.15,0.71,None
2002-06-30,107276095,110273550,1.027942,9372737000,None,4662295000,None,2626709000,2083733000,294323000,0,0,353247000,68711000,62815000,0.59,0.57,0.66,152436000,-14196000,374743000,512983000,684183000,72408000,43.84,45.82,41.85,0.1087,0.0328,21.15,2.07,18.7,13.02,1.2838,0,0.2488,0.1918,0.15,0.73,None
2002-03-31,106513918,109490076,1.027942,8930607000,None,4222421000,None,2623262000,2084924000,308681000,0,0,346324000,49403000,43272000,0.42,0.4,0.66,94862000,-61595000,-127651000,-94384000,171200000,47726000,42.16,43.68,40.64,0.1155,0.0357,21.14,2.13,17.13,12.37,1.2112,0,0.2592,0.2053,0.15,0.43,None
2001-12-31,103372574,106260958,1.027942,6777343000,None,2727313000,None,2570372000,1479658000,468977000,0,0,246823000,64337000,55601000,0.58,0.63,0.97,126450000,-97447000,48703000,77706000,265584000,54275000,38.55,40.52,36.58,0.1292,0.0401,19.78,2.08,16.65,11.73,1.0854,0,0.3101,0.2305,0.15,0.68,None
2001-09-30,88907904,91392124,1.027942,6529836000,None,2885110000,None,2176556000,1468170000,479354000,0,0,250265000,76780000,67876000,0.76,0.74,0.6,68369000,77691000,-78102000,67958000,187878000,-114528000,38.7,40.47,36.92,0.1309,0.0388,18.57,2.16,17.37,10.79,0.9003,0,0.2599,0.2236,0.15,2,None
2001-06-30,88661224,91138551,1.027942,6502651000,None,2925748000,None,2112359000,1464544000,482399000,0,0,246075000,66112000,56920000,0.65,0.64,0.53,108489000,-13257000,-87295000,7937000,119920000,85522000,36.14,38.67,33.62,0.127,0.038,17.88,2.01,17.04,10.2,0.8848,0,0.2507,0.2217,0.14,0.25,None
2001-03-31,86861063,89288091,1.027942,6475007000,None,2924344000,None,2087365000,1463298000,482160000,0,0,242610000,56509000,46836000,0.54,0.52,0.53,84377000,-46709000,-62674000,-25006000,111983000,37167000,35.67,37.71,33.63,0.1217,0.0378,17.98,1.99,16.67,9.69,0.901,0,0.2479,0.2227,0.14,0.53,None
2000-12-31,86809450,89235036,1.027942,6370314000,None,2835435000,None,2078720000,1456159000,481460000,0,0,216853000,51723000,42050000,0.48,0.48,0.53,104773000,-195950000,63882000,-27295000,136989000,222546000,35.17,37.88,32.47,0.1214,0.0392,17.9,1.96,16.89,9.17,0.8748,0,0.2507,0.2363,0.14,-1.32,None
2000-09-30,86847813,89274471,1.027942,6184264000,None,2656228000,None,2081379000,1446657000,480741000,0,0,215655000,68119000,58447000,0.68,0.65,0.48,40597000,-382569000,407119000,65147000,164284000,35228000,37.09,39.64,34.54,0.1186,0.0398,17.93,2.07,18.97,8.66,0.8748,0,0.2588,0.2394,0.14,0.06,None
2000-06-30,86687388,89109563,1.027942,5677799000,None,2184663000,None,2074246000,1418890000,480023000,0,0,198745000,56953000,47281000,0.55,0.53,0.48,59302000,-92024000,27153000,-5569000,99137000,56773000,34.14,35.51,32.77,0.1113,0.0391,17.89,1.85,17.72,8.19,0.9176,0,0.2808,0.2325,0.14,0.03,None
2000-03-31,86541288,88959381,1.027942,5630009000,None,2271974000,None,2120924000,1237111000,479304000,0,0,195279000,57196000,47523000,0.55,0.54,0.48,45249000,-28832000,-24341000,-7924000,104706000,4331000,31.68,34.29,29.07,0.1099,0.0396,18.45,1.78,16.79,7.72,0.9149,0,0.2916,0.238,0.14,0.46,None
1999-12-31,86393140,88807094,1.027942,5479218000,None,2201819000,None,2055368000,1222031000,478585000,0,0,184385000,46519000,36846000,0.42,0.42,0.48,49062000,-155965000,78781000,-28122000,112630000,73008000,30.82,32.4,29.24,0.1095,0.0395,17.76,1.76,16.42,7.26,0.9142,0,0.2878,0.2426,0.14,-0.27,None
1999-09-30,85948399,88349926,1.027942,5308120000,None,2219712000,None,2027200000,1061208000,478029000,0,0,182821000,55046000,45374000,0.53,0.52,0.44,41037000,-195919000,234120000,79238000,140752000,180600000,33.2,35.08,31.32,0.1094,0.0403,17.53,1.9,18.25,6.79,0.9027,0,0.2918,0.2515,0.14,-1.58,None
1999-06-30,85924934,88325805,1.027942,4866432000,None,2105505000,None,2021074000,739853000,477477000,0,0,166188000,52026000,43645000,0.51,0.5,0.44,66456000,-1228000,-83853000,-18625000,61514000,23468000,35.3,38.43,32.16,0.1065,0.0407,17.48,2.05,20.85,6.36,0.9091,0,0.3172,0.2594,0.14,0.49,None
1999-03-31,85196765,87577290,1.027942,4848117000,None,2242491000,None,1871309000,734317000,365781000,0,0,163564000,48928000,43216000,0.51,0.5,0.44,20340000,-141092000,33083000,-87669000,80139000,90274000,33.95,36.72,31.19,0.0991,0.0392,17.19,1.98,21.95,5.93,0.957,0,0.3105,0.2543,0.13,-0.8,None
1998-12-31,85088542,87466043,1.027942,4425779000,None,2209800000,None,1782678000,433301000,282758000,0,0,150454000,39969000,34547000,0.42,0.41,0.44,89521000,-72608000,10042000,26955000,167808000,74423000,31.25,37.21,25.29,0.0952,0.0394,17.15,1.8,22.46,5.51,1.0505,0,0.3389,0.2573,0.13,0.17,None
1998-09-30,84222096,86575387,1.027942,4127720000,None,2041044000,None,1784127000,302549000,282039000,0,0,140672000,45082000,39659000,0.47,0.46,0.4,17674000,-205078000,70673000,-116731000,140853000,16871000,32.84,38.8,26.88,0.0939,0.0396,17.35,1.9,29.1,5.08,1.285,0,0.3639,0.2778,0.13,0.01,None
1998-06-30,83327904,85656210,1.027942,3983536000,None,2224192000,None,1759344000,0,281320000,0,0,128523000,36316000,30894000,0.38,0.37,0.4,48638000,-435816000,408105000,20927000,257584000,0,39.09,42.8,35.39,0.0939,0.0382,17.26,3.24,42.08,4.69,1.5697,0,0.371,0.2566,0.13,0.57,None
1998-03-31,83323425,85651606,1.027942,2965189000,None,1472210000,None,1314014000,178965000,280601000,0,0,90211000,31487000,26064000,0.36,0.35,0.4,33573000,-543865000,390995000,-119297000,236657000,861319000,42.95,48.46,37.45,0.104,0.0381,12.07,3.08,56.24,4.3,1.8392,0,0.3485,0.2492,0.12,-9.66,None
1997-12-31,72185535,74202507,1.027942,2524089000,None,1031760000,None,1313762000,178567000,279884000,0,0,67304000,21919000,21919000,0.25,None,0.72,46737000,-393729000,644579000,297587000,355954000,668489000,42.81,46.09,39.53,0.1117,0.0388,13.93,11.45,52.7,3.91,2.1097,0,0.4096,0.2435,0.13,-8.38,None
1997-09-30,67124704,69000269,1.027942,1551506000,None,838193000,None,534902000,178411000,277168000,0,0,61868000,15626000,10385000,0.19,None,0.32,13028000,-40942000,-113545000,-141459000,58367000,208801000,37.16,43.05,31.26,0.1666,0.0504,3.74,7.73,40.21,3.21,1.6143,0,0.1661,0.2584,0.16,-2.84,None
1997-06-30,26556977,54598037,2.055883,1646296000,None,928862000,None,539341000,178093000,276599000,0,0,50662000,13788000,8933000,0.33,None,0.64,31236000,-629530000,705693000,107399000,199826000,106788000,32.8,35.99,29.61,0.194,0.0663,4.81,6.65,30.79,2.9,1.3311,0,0.1596,0.3521,0.17,-1.38,None
1997-03-31,26547680,54578924,2.055883,561485000,None,292223000,None,269262000,0,0,0,0,29297000,9690000,9690000,0.36,None,0.64,19753000,-283000,-16739000,2731000,92427000,365000,29.62,34.54,24.69,0.2339,0.1064,4.93,5.85,24.55,2.59,1.1427,0,0.4796,0.4689,0.23,0.36,None
1996-12-31,26547680,54578924,2.055883,565204000,None,288947000,None,276257000,0,0,0,0,29969000,15383000,15383000,0.6,None,0.61,20806000,1881000,45240000,67927000,89696000,3363000,22.71,25.72,19.7,0.2822,0.1238,5.06,5.71,18.83,2.28,0.9912,0,0.4888,0.525,0.24,0.32,None
1996-09-30,24540157,50451691,2.055883,473886000,None,272919000,None,200967000,0,0,0,0,29063000,14939000,14939000,0.61,None,0.61,16121000,-129000,-10971000,5021000,21769000,427000,20.1,20.5,19.7,0.3067,0.1265,3.98,5.11,17.01,1.98,0.967,0,0.4241,0.5219,0.24,0.31,None
1996-06-30,24334796,50029493,2.055883,472459000,None,275967000,None,196492000,0,0,0,0,29245000,15120000,15120000,0.62,None,0.61,15574000,-9531000,-14967000,-8924000,16748000,9531000,19.13,20.19,18.07,0.3024,0.1219,3.93,4.87,16.59,1.68,0.9659,0,0.4159,0.521,0.23,0.12,None
1996-03-31,24285038,49927196,2.055883,471742000,None,275659000,None,196083000,0,0,0,0,28610000,15922000,15922000,0.65,None,0.61,18202000,22691000,-34348000,6545000,25672000,1501000,18.01,18.67,17.34,0.2934,None,3.93,4.69,16.38,1.39,0.9764,0,0.4157,0.5138,0.23,0.33,None
1995-12-31,24610700,50596719,2.055883,491496000,None,297222000,None,194274000,0,0,0,0,28816000,14419000,14419000,0.6,None,0.56,19027000,5236000,-26256000,-1993000,19127000,2190000,17.57,18.43,16.72,0.3043,None,3.84,4.52,None,1.09,1.0282,0,0.3953,0.4876,0.22,0.33,None
1995-09-30,24238937,49832418,2.055883,501440000,None,307523000,None,193917000,0,0,0,0,26630000,13567000,13567000,0.56,None,0.56,16216000,-9757000,-3373000,3086000,21120000,3048000,17.93,18.97,16.9,None,None,3.89,4.61,None,0.82,None,0,0.3867,None,None,0.26,None
1995-06-30,24238937,49832418,2.055883,495242000,None,301146000,None,194096000,0,0,0,0,27056000,13185000,13185000,0.56,None,0.56,11599000,-6961000,-4280000,358000,18034000,7029000,16.69,17.51,15.87,None,None,3.89,7.26,None,0.54,None,0,0.3919,None,None,0.09,None
1995-03-31,24238937,49832418,2.055883,487537000,None,373024000,None,114513000,0,0,0,0,26216000,11837000,11837000,0.54,None,0.56,16040000,-92409000,70486000,-5883000,17676000,4377000,17.05,17.63,16.48,None,None,2.3,6.51,None,0.27,None,0,0.2349,None,None,0.23,None
1994-12-31,21697608,44607743,2.055883,393538000,None,276850000,None,116688000,0,0,0,0,None,None,None,None,None,0,None,None,None,None,23559000,0,16.14,17.45,14.84,None,None,2.62,None,None,0,None,0,0.2965,None,None,None,None
