"Quarter end","Shares","Shares split adjusted","Split factor","Assets","Current Assets","Liabilities","Current Liabilities","Shareholders equity","Non-controlling interest","Preferred equity","Goodwill & intangibles","Long-term debt","Revenue","Earnings","Earnings available for common stockholders","EPS basic","EPS diluted","Dividend per share","Cash from operating activities","Cash from investing activities","Cash from financing activities","Cash change during period","Cash at end of period","Capital expenditures","Price","Price high","Price low","ROE","ROA","Book value of equity per share","P/B ratio","P/E ratio","Cumulative dividends per share","Dividend payout ratio","Long-term debt to equity ratio","Equity to assets ratio","Net margin","Asset turnover","Free cash flow per share","Current ratio"
2019-03-31,721742302,721742302,1,44567000000,2429000000,32395000000,4061000000,12172000000,0,0,3988000000,21114000000,2079000000,466000000,466000000,0.65,0.64,0.4125,474000000,-722000000,142000000,-103000000,540000000,729000000,30.34,32.88,27.8,0.1572,0.0424,16.86,1.88,11.76,28.99,0.6385,1.7346,0.2731,0.2379,0.18,-0.35,0.5981
2018-12-31,720936897,720936897,1,43396000000,2432000000,31739000000,4563000000,11657000000,0,0,3878000000,20069000000,1939000000,415000000,415000000,0.57,0.58,0.41,611000000,-895000000,72000000,-221000000,643000000,898000000,29.88,32.46,27.31,0.1594,0.0426,16.17,1.83,14.16,28.58,0.6373,1.7216,0.2686,0.2347,0.18,-0.4,0.533
2018-09-30,720199922,720199922,1,43042000000,2545000000,31259000000,4383000000,11783000000,0,0,3942000000,19924000000,1872000000,445000000,445000000,0.63,0.62,0.41,885000000,-817000000,-77000000,-11000000,864000000,817000000,29.37,31.1,27.64,0.1326,0.0351,16.36,1.83,14.69,28.17,0.7694,1.6909,0.2738,0.1917,0.18,0.09,0.5807
2018-06-30,699570660,699570660,1,42830000000,2600000000,31590000000,4448000000,11240000000,0,0,4002000000,20217000000,1848000000,515000000,515000000,0.74,0.73,0.41,759000000,-896000000,364000000,222000000,875000000,770000000,27.51,29.71,25.3,0.1277,0.0334,16.07,1.72,16.18,27.76,0.8021,1.7987,0.2624,0.1808,0.19,-0.02,0.5845
2018-03-31,699042874,699042874,1,42388000000,2490000000,31212000000,4238000000,11176000000,0,0,4005000000,20214000000,2126000000,452000000,452000000,0.65,0.65,0.41,566000000,-753000000,331000000,142000000,653000000,757000000,29.77,32.45,27.08,0.1092,0.0286,15.99,1.92,18.15,27.35,0.9406,1.8087,0.2637,0.1544,0.19,-0.27,0.5875
2017-12-31,694049792,694049792,1,41479000000,2294000000,30718000000,4023000000,10761000000,0,0,3955000000,19847000000,1926000000,78000000,78000000,0.1,0.11,0.4,707000000,-992000000,86000000,-191000000,485000000,994000000,34.64,38.55,30.74,0.1073,0.028,15.5,2.23,15.67,26.94,0.9666,1.8443,0.2594,0.1515,0.18,-0.41,0.5702
2017-09-30,688464316,688464316,1,40758000000,2331000000,30066000000,4149000000,10692000000,0,0,3800000000,19110000000,1845000000,355000000,355000000,0.52,0.51,0.395,964000000,-782000000,27000000,209000000,676000000,789000000,38.55,39.9,37.19,0.1471,0.0383,15.53,2.52,16.13,26.54,0.7072,1.7873,0.2623,0.206,0.19,0.25,0.5618
2017-06-30,685855683,685855683,1,39964000000,2166000000,29474000000,4350000000,10490000000,0,0,3795000000,18397000000,1725000000,292000000,292000000,0.43,0.43,0.395,655000000,-705000000,104000000,58000000,467000000,708000000,38.55,40.2,36.91,0.1614,0.042,15.29,2.6,14.44,26.14,0.6477,1.7538,0.2625,0.2208,0.19,-0.08,0.4979
2017-03-31,683174778,683174778,1,39034000000,2227000000,28925000000,4256000000,10109000000,0,0,3694000000,17958000000,1951000000,403000000,403000000,0.59,0.59,0.395,135000000,-677000000,607000000,68000000,409000000,680000000,35.84,37.95,33.72,0.181,0.0471,14.8,2.46,12.85,25.75,0.5726,1.7764,0.259,0.2446,0.19,-0.8,0.5233
2016-12-31,680602000,680602000,1,38315000000,2067000000,28416000000,3837000000,9899000000,0,0,3760000000,17808000000,1832000000,465000000,465000000,0.68,0.68,0.38,660000000,-852000000,119000000,-75000000,341000000,861000000,33.47,34.74,32.19,0.1904,0.0492,14.54,2.28,12.35,25.35,0.5425,1.799,0.2584,0.253,0.19,-0.3,0.5387
2016-09-30,679627323,679627323,1,38038000000,2099000000,28063000000,3412000000,9975000000,0,0,3868000000,18069000000,1889000000,473000000,473000000,0.7,0.69,0.38,1060000000,-719000000,-406000000,-76000000,416000000,736000000,35.67,37.71,33.63,0.1837,0.0472,14.68,2.34,13.72,24.97,0.5645,1.8114,0.2622,0.2812,0.17,0.48,0.6152
2016-06-30,678094068,678094068,1,39528000000,2360000000,29203000000,3408000000,10325000000,0,0,4163000000,18949000000,1785000000,483000000,483000000,0.71,0.71,0.38,613000000,-686000000,-267000000,-322000000,492000000,698000000,37.98,39.68,36.27,0.1746,0.0448,15.23,2.63,49.97,24.59,0.5878,1.8353,0.2612,0.2694,0.17,-0.13,0.6925
2016-03-31,676945176,676945176,1,38709000000,2713000000,28947000000,4066000000,9762000000,0,0,4003000000,22737000000,2011000000,481000000,481000000,0.71,0.71,0.38,557000000,-661000000,115000000,-22000000,814000000,662000000,35.44,38.07,32.8,0.0518,0.0133,14.42,2.41,35.09,24.21,5.2275,2.3291,0.2522,0.0792,0.17,-0.16,0.6672
2015-12-31,675190188,675190188,1,39301000000,2646000000,29382000000,3876000000,9919000000,0,0,4229000000,18563000000,845000000,399000000,399000000,0.59,0.6,0.39,584000000,-976000000,251000000,-145000000,836000000,978000000,33.67,34.75,32.6,0.0618,0.0165,14.69,2.22,23.22,23.83,3.9428,1.8715,0.2524,0.0889,0.19,-0.58,0.6827
2015-09-30,672845584,672845584,1,39246000000,2990000000,29024000000,4468000000,10222000000,0,0,4285000000,17745000000,1878000000,393000000,393000000,0.58,0.58,0.3775,718000000,-888000000,302000000,135000000,981000000,889000000,31.49,33.58,29.41,0.0818,0.0223,15.19,2.12,19.56,23.44,2.7315,1.736,0.2605,0.0907,0.25,-0.25,0.6692
2015-06-30,669969737,669969737,1,38244000000,2870000000,28303000000,4509000000,9941000000,0,0,4248000000,17103000000,1781000000,-757000000,-757000000,-1.13,-1.13,2.87,640000000,-734000000,-388000000,-489000000,846000000,741000000,32.15,34.85,29.45,0.0839,0.0235,14.84,1.53,10.44,23.07,2.4631,1.7205,0.2599,0.0876,0.27,-0.15,0.6365
2015-03-31,668107248,668107248,1,48921000000,5699000000,34885000000,7217000000,14036000000,0,0,4884000000,18772000000,3165000000,647000000,647000000,0.97,0.96,0.3725,673000000,-990000000,-97000000,-416000000,1335000000,962000000,33.89,36.38,31.4,0.1494,0.0426,21.01,1.65,12.98,20.2,0.4786,1.3374,0.2869,0.1539,0.28,-0.43,0.7897
2014-12-31,664018408,664018408,1,48864000000,6159000000,35236000000,7443000000,13628000000,0,0,4930000000,18856000000,3953000000,695000000,695000000,1.04,1.04,0.37,775000000,-355000000,164000000,563000000,1751000000,333000000,35.12,38.14,32.09,0.1285,0.036,20.52,1.67,24.73,19.82,0.562,1.3836,0.2789,0.1511,0.24,0.67,0.8275
2014-09-30,665072010,665072010,1,48189000000,5760000000,34215000000,5412000000,13974000000,0,0,5123000000,20522000000,3449000000,497000000,497000000,0.74,0.74,0.3725,1045000000,-871000000,-252000000,-81000000,1188000000,1050000000,33.66,35.52,31.79,0.0714,0.0198,21.01,1.63,25.89,19.45,1.0211,1.4686,0.29,0.0908,0.22,-0.01,1.0643
2014-06-30,664381143,664381143,1,48193000000,5537000000,34458000000,5156000000,13735000000,0,0,5253000000,20819000000,2874000000,229000000,229000000,0.35,0.34,0.3725,652000000,-920000000,279000000,13000000,1269000000,1010000000,33.94,35.56,32.32,0.0669,0.0183,20.67,1.69,21.35,19.08,1.1059,1.5158,0.285,0.0853,0.21,-0.54,1.0739
2014-03-31,631744500,631744500,1,47973000000,6094000000,35256000000,6376000000,12717000000,0,0,5241000000,20514000000,1223000000,316000000,316000000,0.5,0.49,0.3725,931000000,-1183000000,392000000,154000000,1256000000,892000000,31.32,33.24,29.4,0.0853,0.0226,20.13,1.59,17.9,18.71,0.9027,1.6131,0.2651,0.0972,0.23,0.06,0.9558
2013-12-31,630716792,630716792,1,46259000000,5153000000,33793000000,4912000000,12466000000,0,0,5172000000,20592000000,2848000000,-98000000,-98000000,-0.15,-0.15,0.37,634000000,-1507000000,665000000,-189000000,1102000000,1506000000,30.37,31.79,28.95,0.0977,0.0253,19.76,1.55,12.15,18.34,0.8096,1.6519,0.2695,0.0953,0.27,-1.38,1.0491
2013-09-30,630249634,630249634,1,44988000000,4971000000,32626000000,4948000000,12344000000,18000000,0,4982000000,19092000000,3105000000,410000000,410000000,0.65,0.62,0.3675,1276000000,-954000000,256000000,580000000,1291000000,981000000,30.56,32.09,29.03,0.1433,0.0361,19.59,1.77,12.27,17.97,0.5616,1.5467,0.2744,0.1297,0.28,0.47,1.0046
2013-06-30,631700409,631700409,1,43746000000,4775000000,32792000000,5542000000,10936000000,18000000,0,4898000000,18875000000,3450000000,405000000,405000000,0.68,0.63,0.3675,703000000,-935000000,89000000,-142000000,711000000,982000000,30.99,33.55,28.44,0.142,0.0352,17.31,1.74,13.36,17.6,0.5673,1.726,0.25,0.1328,0.27,-0.44,0.8616
2013-03-31,592339687,592339687,1,43341000000,4989000000,32799000000,5650000000,10524000000,18000000,0,4905000000,18881000000,2457000000,413000000,413000000,0.7,0.65,0.3675,244000000,-899000000,621000000,-48000000,853000000,838000000,30,31.35,28.64,0.1295,0.0322,17.77,1.67,11.54,17.23,0.6051,1.7941,0.2428,0.1315,0.24,-1,0.883
2012-12-31,582846910,582846910,1,43634000000,5068000000,33136000000,5625000000,10480000000,18000000,0,5083000000,18725000000,3222000000,359000000,359000000,0.61,0.6,0.36,670000000,-1007000000,288000000,-45000000,901000000,1036000000,28.96,30.18,27.74,0.1398,0.035,17.98,1.5,10.42,16.86,0.5486,1.7867,0.2402,0.1242,0.28,-0.63,0.901
2012-09-30,581705916,581705916,1,43240000000,5227000000,32008000000,4887000000,11214000000,18000000,0,5043000000,18711000000,2403000000,355000000,355000000,0.61,0.61,0.36,1147000000,-763000000,-431000000,-35000000,946000000,805000000,28.85,29.98,27.72,0.1481,0.0374,19.28,1.53,9.85,16.5,0.512,1.6685,0.2593,0.122,0.31,0.59,1.0696
2012-06-30,580736054,580736054,1,43508000000,6151000000,32528000000,5318000000,10962000000,18000000,0,4945000000,18698000000,2549000000,271000000,271000000,0.46,0.46,0.36,219000000,-642000000,315000000,-122000000,981000000,627000000,27.56,28.44,26.68,0.1585,0.04,18.88,1.45,9.77,16.14,0.4813,1.7057,0.252,0.1222,0.33,-0.7,1.1566
2012-03-31,580021834,580021834,1,44082000000,7062000000,32547000000,5888000000,11267000000,268000000,250000000,5225000000,18076000000,4112000000,541000000,541000000,0.93,0.93,0.36,728000000,-711000000,-124000000,-99000000,1103000000,682000000,28.57,29.85,27.29,0.1535,0.0389,18.99,1.56,10.54,15.79,0.4992,1.6407,0.2499,0.1173,0.33,0.08,1.1994
2011-12-31,579234837,579234837,1,42648000000,6426000000,31552000000,5255000000,10828000000,268000000,250000000,5179000000,17993000000,4218000000,454000000,454000000,0.79,0.78,0.35,661000000,-913000000,-37000000,-309000000,1202000000,757000000,28.63,30.27,27,0.1491,0.0381,18.26,1.56,10.72,15.43,0.5414,1.701,0.248,0.1174,0.32,-0.17,1.2228
2011-09-30,578298607,578298607,1,40956000000,5412000000,29840000000,4540000000,10848000000,268000000,250000000,5270000000,17675000000,3120000000,444000000,444000000,0.76,0.76,0.35,1032000000,-740000000,-43000000,242000000,1511000000,727000000,27.3,29.61,25,0.148,0.038,18.33,1.52,11.28,15.08,0.556,1.6678,0.2588,0.1352,0.28,0.53,1.1921
2011-06-30,577749262,577749262,1,40537000000,5364000000,29618000000,4593000000,10651000000,268000000,250000000,5268000000,17532000000,2489000000,196000000,196000000,0.35,0.35,0.35,618000000,-6397000000,5834000000,24000000,1269000000,575000000,26.8,28.38,25.23,0.1353,0.0361,18,1.81,11.7,14.73,0.6191,1.6856,0.2566,0.1279,0.28,0.07,1.1679
2011-03-31,577151364,577151364,1,32741000000,5747000000,23943000000,4902000000,8530000000,268000000,0,2755000000,12247000000,2910000000,401000000,401000000,0.82,0.82,0.35,196000000,98000000,13000000,320000000,1245000000,428000000,25.54,26.98,24.1,0.132,0.0368,14.78,1.51,11.99,14.38,0.6516,1.4358,0.2605,0.1297,0.28,-0.4,1.1724
2010-12-31,484392173,484392173,1,32837000000,6188000000,24359000000,5214000000,8210000000,268000000,0,2727000000,12161000000,1806000000,355000000,355000000,0.74,0.74,0.35,337000000,-7389000000,3121000000,-3928000000,925000000,645000000,26.63,28.14,25.13,0.1236,0.034,16.95,1.55,14.79,14.03,0.6825,1.4812,0.25,0.1101,0.31,-0.64,1.1868
2010-09-30,483291708,483291708,1,26728000000,9192000000,18136000000,4345000000,8324000000,268000000,0,1357000000,8839000000,2179000000,248000000,248000000,0.51,0.51,0.35,1124000000,-382000000,-409000000,348000000,4853000000,420000000,26.41,28,24.83,0.1065,0.0295,17.22,1.61,19.71,13.68,0.814,1.0619,0.3114,0.0873,0.34,1.46,2.1155
2010-06-30,482723432,482723432,1,25913000000,8599000000,17708000000,4195000000,7937000000,268000000,0,1323000000,8711000000,1503000000,85000000,85000000,0.22,0.22,0.35,-226000000,-148000000,3165000000,2781000000,4505000000,319000000,26.27,28.8,23.75,0.0815,0.0214,16.44,1.69,23.88,13.33,1.1024,1.0975,0.3063,0.063,0.34,-1.13,2.0498
2010-03-31,378596962,378596962,1,24935000000,7221000000,18724000000,5792000000,5892000000,319000000,0,1362000000,7652000000,3033000000,250000000,250000000,0.66,0.66,0.35,798000000,-310000000,430000000,923000000,1724000000,305000000,30.12,32.77,27.47,0.0739,0.0182,15.56,2.07,27.89,12.98,1.2524,1.2987,0.2363,0.0505,0.36,1.3,1.2467
2009-12-31,377900179,377900179,1,22165000000,4752000000,16350000000,4182000000,5496000000,319000000,0,1421000000,7143000000,1719000000,153000000,153000000,0.41,0.41,0.34,605000000,-289000000,-211000000,105000000,801000000,418000000,30.93,33.05,28.82,0.0744,0.0184,14.54,2.08,21.94,12.63,1.2733,1.2997,0.248,0.0539,0.34,0.49,1.1363
2009-09-30,377068461,377068461,1,21944000000,4299000000,16007000000,3793000000,5618000000,319000000,0,1427000000,7250000000,1805000000,20000000,20000000,0.05,0.05,0.345,679000000,-351000000,-605000000,-277000000,696000000,355000000,31.24,34.21,28.27,0.099,0.0243,14.9,2.13,16.44,12.29,0.9667,1.2905,0.256,0.0636,0.38,0.86,1.1334
2009-06-30,376580347,376580347,1,22410000000,4795000000,16572000000,4516000000,5519000000,319000000,0,1413000000,7224000000,1673000000,-7000000,-7000000,-0.02,-0.02,0.345,258000000,-90000000,174000000,342000000,973000000,254000000,30.91,34.42,27.4,0.1334,0.0332,14.66,2.22,12.77,11.94,0.7125,1.3089,0.2463,0.075,0.44,0.01,1.0618
2009-03-31,376049177,376049177,1,21790000000,4451000000,16234000000,4610000000,5237000000,319000000,0,744000000,6781000000,2359000000,241000000,241000000,0.64,0.64,0.345,310000000,-150000000,-629000000,-469000000,631000000,270000000,28.89,33.54,24.25,0.1729,0.0416,13.93,2.13,11.7,11.6,0.5535,1.2948,0.2403,0.1026,0.41,0.11,0.9655
2008-12-31,374519298,374519298,1,21405000000,4383000000,16009000000,4293000000,5378000000,18000000,301000000,780000000,7151000000,2513000000,277000000,277000000,0.74,0.74,0.33,428000000,-277000000,605000000,748000000,1100000000,439000000,32.36,37.88,26.84,0.1736,0.0428,13.56,2.17,11.35,11.25,0.5371,1.4085,0.2372,0.1156,0.37,-0.03,1.021
2008-09-30,374576538,374576538,1,20506000000,3350000000,14602000000,3505000000,5885000000,19000000,301000000,949000000,6714000000,2981000000,203000000,203000000,0.54,0.54,0.335,228000000,-134000000,-207000000,-117000000,349000000,318000000,44.37,53.78,34.95,0.1956,0.0501,14.91,3.21,14.09,10.92,0.4588,1.2024,0.2723,0.1527,0.33,-0.24,0.9558
2008-06-30,374491269,374491269,1,23901000000,5686000000,18398000000,5462000000,5484000000,19000000,301000000,1035000000,7019000000,1024000000,190000000,190000000,0.51,0.5,0.335,509000000,-754000000,215000000,-29000000,466000000,331000000,50.02,54,46.04,0.2216,0.0562,13.84,3.34,14.17,10.59,0.4029,1.3542,0.2169,0.2053,0.27,0.48,1.041
2008-03-31,373036911,373036911,1,21055000000,3989000000,15151000000,3556000000,5885000000,19000000,301000000,1037000000,7067000000,1526000000,260000000,260000000,0.7,0.69,0.335,424000000,-462000000,108000000,65000000,495000000,330000000,49.97,55.23,44.72,0.2483,0.0665,14.97,3.46,14.87,10.25,0.35,1.2656,0.2652,0.2106,0.32,0.25,1.1218
2007-12-31,384924807,384924807,1,19972000000,3168000000,14096000000,2882000000,5857000000,19000000,301000000,1067000000,6890000000,1484000000,418000000,418000000,1.13,1.12,0.3,319000000,183000000,-527000000,-22000000,430000000,564000000,50.47,54.58,46.36,0.2412,0.0645,14.43,3.64,18.69,9.91,0.3599,1.2401,0.2782,0.1982,0.33,-0.64,1.0992
2007-09-30,372196010,372196010,1,19825000000,3957000000,14338000000,3024000000,5461000000,26000000,301000000,1071000000,7171000000,1763000000,322000000,322000000,0.85,0.84,0.305,633000000,-255000000,-508000000,-128000000,439000000,429000000,49.09,52.79,45.4,0.2003,0.0526,13.86,3.5,20.12,9.61,0.435,1.3897,0.2603,0.1556,0.34,0.55,1.3085
2007-06-30,383099760,383099760,1,20006000000,4079000000,14310000000,3040000000,5670000000,26000000,301000000,1140000000,6841000000,1613000000,345000000,345000000,0.89,0.88,0.305,333000000,-243000000,-512000000,-398000000,567000000,351000000,45.16,49.44,40.87,0.1826,0.0484,14.01,3.31,22.25,9.31,0.4699,1.2742,0.2684,0.1416,0.34,-0.05,1.3418
2007-03-31,385949422,385949422,1,20107000000,4606000000,14507000000,3258000000,5574000000,26000000,301000000,1130000000,6933000000,1638000000,203000000,203000000,0.53,0.52,0.305,286000000,-299000000,221000000,171000000,965000000,341000000,37.98,41.53,34.43,0.1547,0.0409,13.66,2.86,16.96,9,0.5523,1.3148,0.2622,0.1167,0.35,-0.14,1.4138
2006-12-31,385093663,385093663,1,19747000000,3630000000,14264000000,3348000000,5423000000,60000000,301000000,1278000000,6728000000,1722000000,178000000,178000000,0.46,0.46,0.28,500000000,-799000000,291000000,-6000000,794000000,535000000,34.87,37.34,32.39,0.1745,0.0462,13.3,2.61,15.43,8.7,0.4881,1.3135,0.2594,0.1254,0.37,-0.09,1.0842
2006-09-30,381565560,381565560,1,18857000000,3310000000,13408000000,3299000000,5391000000,58000000,301000000,1251000000,6105000000,1752000000,226000000,226000000,0.59,0.58,0.275,563000000,-421000000,190000000,332000000,800000000,381000000,33.72,35.23,32.2,0.1829,0.0478,13.34,2.63,15.4,8.42,0.4694,1.1994,0.2699,0.1306,0.37,0.48,1.0033
2006-06-30,380987067,380987067,1,18339000000,3039000000,13092000000,2967000000,5191000000,56000000,301000000,1256000000,6008000000,1642000000,181000000,181000000,0.48,0.47,0.275,398000000,-238000000,-31000000,129000000,468000000,280000000,30.07,32.31,27.83,0.1849,0.0469,12.84,2.42,14.63,8.14,0.4738,1.2286,0.2666,0.1284,0.37,0.31,1.0243
2006-03-31,380495159,380495159,1,17892000000,2828000000,13062000000,3179000000,4773000000,57000000,51000000,1219000000,5954000000,1783000000,280000000,280000000,0.74,0.73,0.275,297000000,-159000000,-355000000,-217000000,338000000,198000000,30.68,32.16,29.21,0.1796,0.0445,12.41,2.67,17.38,7.87,0.4836,1.2609,0.2639,0.1234,0.36,0.26,0.8896
2005-12-31,379949984,379949984,1,17926000000,2910000000,13452000000,3340000000,4418000000,56000000,51000000,1482000000,6044000000,1498000000,185000000,185000000,0.49,0.48,0.25,347000000,-462000000,433000000,320000000,555000000,273000000,30.96,33.68,28.25,0.1582,0.038,11.49,2.77,17.69,7.59,0.5379,1.384,0.2436,0.109,0.35,0.19,0.8713
2005-09-30,380138936,380138936,1,17763000000,496000000,13402000000,3074000000,4305000000,56000000,51000000,1471000000,5968000000,1643000000,197000000,197000000,0.52,0.51,0.25,427000000,-154000000,-405000000,-131000000,235000000,179000000,31.63,33.51,29.75,0.158,0.0377,11.19,2.82,18.02,7.34,0.5182,1.4029,0.2395,0.1083,0.35,0.65,0.1614
2005-06-30,190044618,380089236,2,17427000000,485000000,13066000000,2649000000,4307000000,54000000,51000000,1451000000,6151000000,1476000000,128000000,128000000,0.67,0.67,0.46,305000000,-68000000,-626000000,-388000000,366000000,190000000,28.06,29.99,26.13,0.159,0.0377,11.2,2.5,15.38,7.09,0.4928,1.4453,0.2442,0.1114,0.34,0.3,0.1831
2005-03-31,189753784,379507568,2,18178000000,2699000000,13805000000,2801000000,4318000000,55000000,51000000,1478000000,6639000000,1602000000,168000000,168000000,0.89,0.88,0.46,309000000,-95000000,-78000000,138000000,754000000,169000000,26.73,27.95,25.52,0.1663,0.039,11.24,2.41,14.22,6.86,0.464,1.5559,0.2347,0.1169,0.33,0.37,0.9636
2004-12-31,188894379,377788758,2,17761000000,2304000000,13466000000,2295000000,4239000000,56000000,51000000,1403000000,6881000000,1465000000,177000000,177000000,0.93,0.93,0.41,384000000,-253000000,-288000000,-152000000,616000000,202000000,25.32,27.07,23.57,0.178,0.0398,11.09,2.33,12.66,6.63,0.4374,1.643,0.2358,0.1201,0.33,0.48,1.0039
2004-09-30,189043186,378086372,2,17573000000,2424000000,13353000000,2403000000,4166000000,54000000,51000000,1316000000,6913000000,1465000000,196000000,196000000,1.04,1.03,0.41,425000000,-198000000,189000000,416000000,778000000,156000000,23.27,24.2,22.35,0.1982,0.0419,10.88,2.2,11.81,6.43,0.4071,1.68,0.2342,0.129,0.33,0.71,1.0087
2004-06-30,188908802,377817604,2,17234000000,595000000,13125000000,2345000000,4056000000,53000000,51000000,1324000000,6671000000,1362000000,148000000,148000000,0.81,0.81,0.41,310000000,-199000000,-321000000,-210000000,358000000,171000000,21.7,23.48,19.91,0.2084,0.0415,10.6,2.28,11.42,6.22,0.4084,1.6657,0.2324,0.1247,0.33,0.37,0.2537
2004-03-31,177820831,355641662,2,17583000000,608000000,14094000000,2032000000,3432000000,57000000,51000000,1366000000,7963000000,1520000000,177000000,177000000,1,0.99,0.41,318000000,-68000000,-158000000,96000000,572000000,174000000,22.48,23.61,21.36,0.2182,0.0403,9.51,2.48,10.6,6.02,0.4139,2.3552,0.1923,0.1196,0.34,0.4,0.2992
2003-12-31,176688958,353377916,2,17123000000,742000000,13810000000,1773000000,3259000000,54000000,51000000,1298000000,8145000000,1306000000,208000000,208000000,1.17,1.17,0.39,324000000,-244000000,-198000000,-118000000,476000000,254000000,20.7,21.95,19.44,0.2592,0.0452,9.08,2.51,11.01,5.81,0.368,2.539,0.1874,0.1314,0.34,0.2,0.4185
2003-09-30,177326521,354653042,2,15934000000,688000000,12927000000,1772000000,2972000000,35000000,51000000,646000000,7130000000,1456000000,171000000,171000000,0.97,0.97,0.385,518000000,-133000000,-168000000,217000000,587000000,160000000,20.39,21.56,19.23,0.2503,0.0405,8.24,2.56,11.36,5.62,0.4063,2.4409,0.1833,0.1132,0.36,1.01,0.3883
2003-06-30,176704662,353409324,2,16012000000,677000000,13099000000,1739000000,2880000000,33000000,72000000,644000000,6589000000,1338000000,116000000,116000000,0.68,0.67,0.385,345000000,-180000000,-192000000,-27000000,370000000,188000000,19.84,22.17,17.52,0.2448,0.0375,7.95,2.8,14.48,5.43,0.4246,2.3465,0.1754,0.1044,0.36,0.44,0.3893
2003-03-31,168562458,337124916,2,15953000000,645000000,13449000000,2551000000,2470000000,34000000,82000000,633000000,6195000000,1487000000,239000000,239000000,1.43,1.43,0.385,153000000,-172000000,171000000,152000000,397000000,169000000,17.44,19.05,15.82,0.2076,0.0303,7.08,2.7,27.04,5.23,0.5263,2.5942,0.1497,0.0798,0.38,-0.05,0.2528
2002-12-31,165736000,331472000,2,15569000000,656000000,13309000000,2636000000,2224000000,36000000,82000000,663000000,5901000000,1391000000,116000000,116000000,0.69,0.69,0.36,369000000,-271000000,-194000000,-96000000,245000000,288000000,15.68,18.13,13.23,0.1038,0.0149,6.46,2.19,None,5.04,1.0814,2.7549,0.1376,0.0383,0.39,0.24,0.2489
2002-09-30,164452555,328905110,2,15702000000,649000000,13232000000,2573000000,2435000000,35000000,82000000,0,6026000000,1462000000,122000000,122000000,0.81,0.8,0.36,408000000,-335000000,73000000,146000000,339000000,112000000,15.9,18.8,13,-0.1302,-0.0189,7.15,2.62,None,4.86,None,2.561,0.1499,None,0.41,0.9,0.2522
2002-06-30,147468950,294937900,2,12194000000,1065000000,10286000000,1780000000,1870000000,38000000,82000000,0,4882000000,1301000000,-27000000,-27000000,-0.18,-0.18,0.36,32000000,-220000000,-88000000,-276000000,193000000,141000000,17.23,19.98,14.48,-0.1164,-0.0163,6.06,2.93,None,4.68,None,2.7304,0.1466,None,0.43,-0.37,0.5983
2002-03-31,147142007,294284014,2,12368000000,1041000000,10515000000,1879000000,1814000000,39000000,82000000,0,4940000000,1275000000,-3000000,-3000000,-0.02,-0.02,0.36,-13000000,-303000000,-148000000,-464000000,486000000,107000000,17.81,19.93,15.7,-0.0375,-0.0037,5.89,2.94,28.96,4.5,None,2.8522,0.14,None,0.44,-0.41,0.554
2001-12-31,146581220,293162440,2,12574000000,1037000000,10679000000,1838000000,1857000000,38000000,82000000,0,5081000000,1312000000,-341000000,-341000000,-2.13,-2.13,0.27,315000000,-276000000,65000000,104000000,950000000,149000000,17.21,18.82,15.6,0.0735,0.0143,6.05,2.26,8.14,4.32,1.0384,2.8625,0.1412,0.0262,0.46,0.57,0.5642
2001-09-30,146450310,292900620,2,12782000000,1195000000,10401000000,1938000000,2329000000,52000000,96000000,0,4675000000,1438000000,168000000,152000000,1.04,1.04,0.265,390000000,-236000000,527000000,681000000,849000000,209000000,21.87,28.25,15.49,0.2981,0.052,7.62,2.84,10.59,4.19,0.2511,2.0936,0.1747,0.1044,0.48,0.62,0.6166
2001-06-30,146040132,292080264,2,12162000000,1191000000,9756000000,1940000000,2348000000,58000000,96000000,0,4081000000,1409000000,130000000,117000000,0.8,0.8,0.265,22000000,90000000,-213000000,-101000000,168000000,99000000,26.6,31.18,22.02,0.3026,0.0502,7.71,4.07,13.4,4.05,0.2571,1.8122,0.1852,0.1014,0.49,-0.26,0.6139
2001-03-31,145954884,291909768,2,12546000000,1292000000,10484000000,3022000000,2002000000,60000000,97000000,0,4196000000,1566000000,222000000,222000000,1.53,1.52,0.265,181000000,-280000000,-112000000,-211000000,269000000,108000000,20.16,23.38,16.94,0.3085,0.0474,6.53,3.06,11.72,3.92,0.2675,2.2026,0.1518,0.099,0.48,0.25,0.4275
2000-12-31,145257806,290515612,2,12360000000,1945000000,10294000000,2511000000,2012000000,54000000,97000000,0,4467000000,1515000000,128000000,128000000,0.88,0.87,0.27,336000000,-213000000,77000000,200000000,480000000,149000000,20.93,23.07,18.78,0.2719,0.0418,6.59,3.2,11.66,3.79,0.3096,2.3326,0.1549,0.0876,0.48,0.64,0.7746
2000-09-30,144926507,289853014,2,11972000000,1021000000,9901000000,2043000000,1996000000,75000000,97000000,0,4564000000,1458000000,136000000,136000000,0.94,0.94,0.265,275000000,67000000,-277000000,65000000,280000000,97000000,16.59,22.22,10.97,0.2944,0.0445,6.55,2.7,9.96,3.65,0.2919,2.4034,0.1586,0.0975,0.46,0.61,0.4998
2000-06-30,144633835,289267670,2,11869000000,863000000,9941000000,2273000000,1873000000,55000000,97000000,0,4329000000,1297000000,92000000,92000000,0.64,0.64,0.265,129000000,-515000000,441000000,55000000,215000000,112000000,11.34,12.5,10.19,0.2911,0.0429,6.14,1.88,7.34,3.52,0.3073,2.4375,0.1496,0.0924,0.46,0.06,0.3797
2000-03-31,144263754,288527508,2,11427000000,756000000,9525000000,2056000000,1834000000,68000000,97000000,0,4123000000,1413000000,142000000,142000000,0.99,0.99,0.265,125000000,-90000000,-8000000,27000000,160000000,102000000,10.59,12,9.19,0.2692,0.0419,6.02,1.89,7.41,3.39,0.3293,2.3736,0.152,0.092,0.46,0.08,0.3677
1999-12-31,143696625,287393250,2,11174000000,1293000000,9400000000,2280000000,1710000000,64000000,97000000,0,3756000000,1133000000,147000000,147000000,1.02,1.02,0.25,114000000,-709000000,388000000,-207000000,133000000,27000000,12.22,14.25,10.19,0.2511,0.0415,5.61,2.33,10.06,3.26,0.3488,2.3286,0.1444,0.0941,0.44,0.3,0.5671
1999-09-30,143694305,287388610,2,10609000000,1479000000,8917000000,1900000000,1607000000,85000000,97000000,0,3733000000,1386000000,102000000,102000000,0.68,0.68,0.25,243000000,-247000000,-49000000,-53000000,340000000,63000000,14.34,16,12.69,0.2114,0.0373,5.25,2.4,11.2,3.13,0.4134,2.4722,0.1423,0.0856,0.44,0.63,0.7784
1999-06-30,157694305,315388610,2,10104000000,1386000000,8121000000,1863000000,1983000000,0,97000000,0,2928000000,1004000000,63000000,63000000,0.4,0.4,0.25,165000000,-153000000,241000000,253000000,393000000,162000000,14,15.94,12.06,0.2265,0.0418,5.98,2.36,None,3.01,0.3871,1.5525,0.1867,0.0983,0.42,0.01,0.744
1999-03-31,157694305,315388610,2,9729000000,1084000000,7760000000,1364000000,1969000000,0,97000000,0,3066000000,1067000000,120000000,120000000,0.76,0.76,0.25,122000000,-70000000,-107000000,-55000000,140000000,66000000,13.32,14.25,12.38,-0.3093,-0.0578,5.94,2.35,None,2.88,None,1.6378,0.1924,None,0.42,0.18,0.7947
1998-12-31,157684519,315369038,2,9607000000,948000000,7720000000,1267000000,1887000000,0,97000000,0,3092000000,902000000,88000000,88000000,0.59,0.59,0.25,202000000,-5000000,-45000000,152000000,195000000,100000000,13.47,14.47,12.47,-0.2845,-0.0597,5.68,2.58,None,2.76,None,1.7274,0.1863,None,0.4,0.32,0.7482
1998-09-30,157164916,314329832,2,9531000000,877000000,7794000000,1423000000,1737000000,0,97000000,0,2924000000,1166000000,136000000,136000000,0.81,0.81,0.25,154000000,-78000000,-69000000,7000000,43000000,55000000,12.09,13.19,11,-0.2623,-0.0616,5.22,2.25,None,2.63,None,1.7829,0.1721,None,0.39,0.31,0.6163
1998-06-30,168266320,336532640,2,9199000000,772000000,7292000000,1038000000,1907000000,0,97000000,0,2833000000,838000000,-894000000,-894000000,-5.34,-5.34,0.4175,107000000,-219000000,0,-112000000,36000000,70000000,11.31,12.19,10.44,-0.2723,-0.0716,5.38,1.37,13.46,2.51,None,1.5652,0.1968,None,0.35,0.11,0.7437
1998-03-31,167562113,335124226,2,9778000000,894000000,6922000000,966000000,2856000000,0,97000000,0,2744000000,880000000,101000000,101000000,0.6,0.6,0.4175,174000000,-183000000,107000000,98000000,148000000,79000000,11.49,12.13,10.85,0.1066,0.0293,8.23,1.41,12.77,2.3,0.9937,0.9946,0.2822,0.0891,0.33,0.28,0.9255
1997-12-31,166855280,333710560,2,9485000000,695000000,6676000000,769000000,2809000000,0,97000000,0,2698000000,799000000,72000000,72000000,0.44,None,0.42,198000000,-80000000,-117000000,1000000,50000000,110000000,11.07,12.13,10,0.1174,0.0308,8.13,1.36,12.23,2.09,0.9352,0.9948,0.2859,0.0971,0.32,0.26,0.9038
1997-09-30,165873877,331747754,2,9485000000,657000000,6695000000,846000000,2790000000,0,97000000,0,2576000000,778000000,42000000,42000000,0.25,None,0.4175,272000000,-187000000,-81000000,4000000,49000000,57000000,10.63,11.53,9.72,0.1231,0.0308,8.12,1.5,10.37,1.88,0.927,0.9566,0.2839,0.0994,0.31,0.65,0.7766
1997-06-30,165110665,330221330,2,9508000000,724000000,6703000000,849000000,2805000000,0,466000000,0,2591000000,686000000,65000000,65000000,0.39,None,0.4175,105000000,0,-132000000,-27000000,45000000,71000000,9.97,10.44,9.5,0.1453,0.0345,7.08,1.4,9.77,1.67,0.8198,1.1077,0.246,0.1142,0.3,0.1,0.8528
1997-03-31,164188649,328377298,2,9902000000,959000000,7098000000,758000000,2804000000,0,466000000,0,2975000000,786000000,117000000,117000000,0.72,None,0.4175,202000000,-24000000,-207000000,-29000000,72000000,72000000,11,12,10,0.1456,0.034,7.12,1.58,10.73,1.46,0.8252,1.2725,0.2361,0.1135,0.3,0.4,1.2652
1996-12-31,163319461,326638922,2,9636000000,749000000,6891000000,621000000,2745000000,0,466000000,0,2968000000,737000000,73000000,73000000,0.45,None,0.42,161000000,-11000000,-149000000,1000000,101000000,110000000,11.59,12.25,10.94,0.1475,0.0342,6.98,1.68,None,1.25,0.8233,1.3023,0.2365,0.1131,0.3,0.16,1.2061
1996-09-30,162280159,324560318,2,9627000000,695000000,6924000000,489000000,2703000000,0,466000000,0,2966000000,715000000,79000000,79000000,0.49,None,0.4175,278000000,-274000000,-105000000,-101000000,100000000,95000000,11.41,12,10.81,None,None,6.89,1.67,None,1.04,None,1.3259,0.2324,None,None,0.56,1.4213
1996-06-30,161474843,322949686,2,9645000000,951000000,6970000000,709000000,2675000000,0,466000000,0,2972000000,669000000,61000000,61000000,0.38,None,0.4175,134000000,-69000000,114000000,179000000,201000000,87000000,11.63,12.25,11,None,None,6.84,1.7,None,0.83,None,1.3454,0.229,None,None,0.15,1.3413
1996-03-31,160729489,321458978,2,9531000000,787000000,6867000000,611000000,2664000000,0,466000000,0,2954000000,789000000,116000000,116000000,0.73,None,0.4175,220000000,-78000000,-140000000,2000000,22000000,68000000,12.38,13,11.75,None,None,6.84,1.86,None,0.63,None,1.3439,0.2306,None,None,0.47,1.2881
1995-12-31,160006440,320012880,2,9491686000,692606000,6894577000,600289000,2597109000,0,466375000,0,2967352000,None,None,None,None,None,0,153362000,-29172000,-113466000,10724000,19883000,84463000,12.03,13.25,10.81,None,None,6.66,1.84,None,0.42,None,1.3926,0.2245,None,None,0.22,1.1538
1995-09-30,159060605,318121210,2,9470171000,666985000,6919758000,634963000,2550413000,0,466375000,0,2978090000,682249000,87180000,87180000,0.55,None,0.4175,271832000,-99160000,-171075000,1597000,9159000,95946000,10.53,11.75,9.31,None,None,6.55,1.63,None,0.42,None,1.429,0.2201,None,None,0.55,1.0504
1995-06-30,158282909,316565818,2,9451075000,728996000,6940758000,703097000,2510317000,0,466375000,0,2979083000,609213000,44719000,44719000,0.28,None,0.4175,None,None,None,None,7562000,0,9.44,9.94,8.94,None,None,6.46,None,None,0.20875,None,1.4575,0.2163,None,None,None,1.0368
