"Quarter end","Shares","Shares split adjusted","Split factor","Assets","Current Assets","Liabilities","Current Liabilities","Shareholders equity","Non-controlling interest","Preferred equity","Goodwill & intangibles","Long-term debt","Revenue","Earnings","Earnings available for common stockholders","EPS basic","EPS diluted","Dividend per share","Cash from operating activities","Cash from investing activities","Cash from financing activities","Cash change during period","Cash at end of period","Capital expenditures","Price","Price high","Price low","ROE","ROA","Book value of equity per share","P/B ratio","P/E ratio","Cumulative dividends per share","Dividend payout ratio","Long-term debt to equity ratio","Equity to assets ratio","Net margin","Asset turnover","Free cash flow per share","Current ratio"
2019-06-30,374103607,374103607,1,26354000000,8185000000,14411000000,3946000000,11943000000,0,0,12946000000,7974000000,3650000000,480000000,480000000,1.29,1.26,0.52,514000000,-247000000,-188000000,80000000,1754000000,165000000,190.28,205.72,174.84,0.314,0.1398,31.92,6.08,20.53,14.08,0.2137,0.6677,0.4532,0.2499,0.56,0.93,2.0743
2019-03-31,373810085,373810085,1,25937000000,7888000000,14244000000,3713000000,11693000000,0,0,12950000000,7950000000,3516000000,412000000,412000000,1.1,1.09,0.52,313000000,-303000000,-1947000000,-1942000000,1674000000,122000000,175.19,198.75,151.63,0.3296,0.1455,31.28,5.57,18.76,13.56,0.2101,0.6799,0.4508,0.2538,0.57,0.51,2.1244
2018-12-31,372664636,372664636,1,27229000000,9733000000,15499000000,4807000000,11730000000,0,0,12726000000,8486000000,3796000000,2068000000,2068000000,5.53,5.44,0.52,1046000000,-1628000000,2280000000,1698000000,3616000000,154000000,161.82,178.9,144.75,0.353,0.1528,31.48,6.14,49.94,13.04,0.2029,0.7234,0.4308,0.2612,0.58,2.39,2.0248
2018-09-30,374187286,374187286,1,22084000000,7918000000,12224000000,4153000000,9860000000,0,0,11097000000,5928000000,3242000000,590000000,590000000,1.58,1.55,0.47,618000000,-156000000,-179000000,277000000,1918000000,140000000,170.46,177.76,163.16,0.1284,0.0562,26.35,6.74,60.23,12.52,0.5691,0.6012,0.4465,0.0931,0.6,1.28,1.9066
2018-06-30,373990494,373990494,1,21570000000,7413000000,12110000000,4046000000,9460000000,0,0,11203000000,5925000000,3322000000,452000000,452000000,1.21,1.19,0.47,649000000,-224000000,-917000000,-538000000,1641000000,157000000,166.8,179.84,153.76,0.1106,0.0494,25.29,6.76,62.47,12.05,0.634,0.6263,0.4386,0.0828,0.6,1.32,1.8322
2018-03-31,373710934,373710934,1,22133000000,7851000000,12910000000,4800000000,9214000000,9000000,0,11412000000,5920000000,3241000000,443000000,443000000,1.18,1.16,0.47,297000000,-849000000,145000000,-363000000,2179000000,121000000,158.4,170,146.8,0.1028,0.0468,24.66,5.95,59.1,11.58,0.6536,0.6425,0.4163,0.08,0.58,0.47,1.6356
2017-12-31,374642060,374642060,1,22197000000,7993000000,12217000000,3485000000,9966000000,14000000,0,10645000000,6590000000,3471000000,-249000000,-249000000,-0.66,-0.66,0.47,679000000,-460000000,-272000000,-50000000,2542000000,186000000,151.15,160.62,141.68,0.1017,0.0477,26.6,5.43,32.3,11.11,0.6365,0.6612,0.449,0.082,0.58,1.32,2.2935
2017-09-30,374237631,374237631,1,21485000000,7710000000,11060000000,3258000000,10425000000,0,0,10496000000,6593000000,3006000000,434000000,434000000,1.16,1.14,0.42,79000000,-815000000,-345000000,-1057000000,2592000000,142000000,143.27,148.84,137.7,0.1792,0.085,27.86,5.34,31.98,10.64,0.354,0.6324,0.4852,0.1467,0.58,-0.17,2.3665
2017-06-30,374063294,374063294,1,21292000000,8478000000,11257000000,3552000000,10035000000,0,0,9853000000,6592000000,3012000000,391000000,391000000,1.04,1.03,0.42,650000000,-192000000,-40000000,436000000,3649000000,131000000,137.72,145.62,129.82,0.1761,0.0825,26.83,5.31,30.95,10.22,0.3617,0.6569,0.4713,0.1422,0.58,1.39,2.3868
2017-03-31,373765028,373765028,1,20517000000,7889000000,10813000000,2554000000,9704000000,0,0,9839000000,7184000000,2955000000,444000000,444000000,1.19,1.17,0.425,151000000,-146000000,-137000000,-103000000,3213000000,139000000,125.05,133.59,116.5,0.1793,0.0827,25.96,4.88,28.75,9.8,0.3552,0.7403,0.473,0.1433,0.58,0.03,3.0889
2016-12-31,372878298,372878298,1,20435000000,7861000000,10885000000,3148000000,9550000000,0,0,9864000000,6686000000,3157000000,510000000,510000000,1.35,1.34,0.42,648000000,-177000000,-42000000,363000000,3316000000,143000000,114.16,121.84,106.48,0.1791,0.0815,25.61,4.58,25.95,9.38,0.3541,0.7001,0.4673,0.1454,0.56,1.35,2.4971
2016-09-30,374451718,374451718,1,20187000000,7366000000,10855000000,3026000000,9332000000,0,0,10083000000,6713000000,2833000000,355000000,355000000,0.95,0.94,0.38,493000000,-102000000,-939000000,-537000000,2953000000,118000000,116.65,123.55,109.75,0.1856,0.0866,24.92,4.8,27.45,8.96,0.3426,0.7194,0.4623,0.1524,0.57,1,2.4342
2016-06-30,374302065,374302065,1,20520000000,7824000000,11422000000,3605000000,9098000000,0,0,10100000000,6717000000,2840000000,380000000,380000000,1.02,1,0.38,468000000,-3969000000,24000000,-3486000000,3490000000,114000000,113.05,119.83,106.26,0.1839,0.0887,24.31,4.8,26.41,8.58,0.3462,0.7383,0.4434,0.1533,0.58,0.95,2.1703
2016-03-31,373981097,373981097,1,19668000000,11325000000,10860000000,3186000000,8808000000,0,0,5945000000,6706000000,2495000000,402000000,402000000,1.08,1.07,0.38,203000000,57000000,3318000000,3597000000,6976000000,115000000,97.31,107.95,86.68,0.1885,0.0942,23.55,4.26,25.68,8.2,0.336,0.7614,0.4478,0.1607,0.59,0.24,3.5546
2015-12-31,372982213,372982213,1,16247000000,7944000000,7736000000,3503000000,8511000000,0,0,5930000000,3253000000,2715000000,522000000,522000000,1.39,1.39,0.38,671000000,-585000000,161000000,216000000,3379000000,79000000,95.41,100.51,90.3,0.1702,0.0878,22.82,4.22,31.08,7.82,0.3695,0.3822,0.5239,0.1447,0.61,1.59,2.2678
2015-09-30,375522232,375522232,1,15917000000,8033000000,7433000000,3553000000,8484000000,0,0,6021000000,2511000000,2420000000,301000000,301000000,0.8,0.79,0.345,-509000000,315000000,-251000000,-463000000,3163000000,77000000,98.53,105.34,91.73,0.1389,0.0702,22.59,4.36,40.38,7.44,0.4408,0.296,0.533,0.1195,0.59,-1.56,2.2609
2015-06-30,376558214,376558214,1,16819000000,8936000000,8314000000,3723000000,8505000000,0,0,6050000000,3242000000,2432000000,392000000,392000000,1.04,1.03,0.345,357000000,1900000000,-317000000,1952000000,3626000000,68000000,94.06,97.94,90.19,0.1096,0.0544,22.59,4.28,54.06,7.09,0.5409,0.3812,0.5057,0.095,0.57,0.77,2.4002
2015-03-31,378409144,378409144,1,16580000000,8727000000,8259000000,3695000000,8321000000,0,0,6059000000,3257000000,2379000000,224000000,224000000,0.59,0.58,0.345,380000000,326000000,-734000000,-121000000,1674000000,46000000,93,96.18,89.81,0.0775,0.0388,21.99,4.1,69.4,6.75,0.7327,0.3914,0.5019,0.0686,0.56,0.88,2.3618
2014-12-31,378749951,378749951,1,17713000000,9673000000,9118000000,4464000000,8595000000,0,0,6204000000,3246000000,2618000000,260000000,260000000,0.67,0.67,0.34,675000000,-88000000,-78000000,439000000,1795000000,61000000,88.06,98.24,77.87,0.0584,0.03,22.69,3.86,52.42,6.4,0.9228,0.3777,0.4852,0.0532,0.56,1.62,2.1669
2014-09-30,378320513,378320513,1,17515000000,9326000000,8891000000,4211000000,8624000000,0,0,6365000000,3231000000,2389000000,57000000,57000000,0.16,0.16,0.305,535000000,-424000000,-67000000,37000000,1356000000,48000000,82.41,85.91,78.91,0.0717,0.0385,22.8,3.47,46.04,6.06,0.7233,0.3747,0.4924,0.0673,0.57,1.29,2.2147
2014-06-30,378582992,378582992,1,17229000000,9381000000,8227000000,3713000000,9002000000,0,0,6191000000,3237000000,2363000000,128000000,128000000,0.34,0.33,0.305,366000000,-1015000000,588000000,-62000000,1319000000,54000000,81.36,86.93,75.78,0.0767,0.0429,23.78,3.4,40.28,5.76,0.6529,0.3596,0.5225,0.074,0.58,0.82,2.5265
2014-03-31,379093934,379093934,1,16159000000,8446000000,7096000000,3558000000,9063000000,0,0,6082000000,2244000000,2305000000,70000000,70000000,0.19,0.18,0.305,206000000,-351000000,186000000,42000000,1381000000,70000000,78.94,83.86,74.02,0.0871,0.0505,23.91,3.3,30.02,5.45,0.5612,0.2476,0.5609,0.0845,0.6,0.36,2.3738
2013-12-31,377870936,377870936,1,15743000000,8335000000,6696000000,2657000000,9047000000,0,0,5833000000,2739000000,2468000000,386000000,386000000,1.03,1.01,0.31,672000000,-291000000,-153000000,229000000,1339000000,56000000,71.24,75.55,66.93,0.1155,0.0681,23.94,3.09,30.58,5.15,0.4153,0.3028,0.5747,0.1115,0.61,1.63,3.137
2013-09-30,378418945,378418945,1,14883000000,9187000000,6146000000,2324000000,8737000000,0,0,4142000000,2743000000,2151000000,103000000,103000000,0.27,0.27,0.265,622000000,-368000000,-105000000,139000000,1110000000,43000000,67.83,71.94,63.71,0.1035,0.0629,23.09,2.98,22.76,4.84,0.4533,0.314,0.587,0.1001,0.63,1.53,3.9531
2013-06-30,378132187,378132187,1,14382000000,8689000000,5779000000,1971000000,8603000000,0,0,4118000000,2742000000,2212000000,213000000,213000000,0.56,0.56,0.265,356000000,-1198000000,-93000000,-942000000,971000000,47000000,66.67,70,63.35,0.1341,0.0837,22.75,2.98,20.39,4.57,0.3368,0.3187,0.5982,0.1297,0.65,0.82,4.4084
2013-03-31,378056811,378056811,1,14089000000,8421000000,5633000000,1808000000,8456000000,0,0,4112000000,2738000000,2190000000,304000000,304000000,0.8,0.79,0.265,236000000,-360000000,651000000,518000000,1913000000,49000000,61.08,66.92,55.24,0.1501,0.0957,22.37,2.7,18.02,4.31,0.2912,0.3238,0.6002,0.1441,0.66,0.49,4.6576
2012-12-31,380512172,380512172,1,13206000000,8148000000,4609000000,1876000000,8597000000,0,0,3566000000,1746000000,2338000000,270000000,270000000,0.71,0.71,0.27,596000000,-569000000,-63000000,-28000000,1395000000,49000000,54.17,56.75,51.6,0.1577,0.1024,22.59,2.46,14.56,4.04,0.266,0.2031,0.651,0.1499,0.68,1.44,4.3433
2012-09-30,380200593,380200593,1,12777000000,7640000000,4416000000,1576000000,8361000000,0,0,3402000000,1751000000,2052000000,353000000,353000000,0.93,0.92,0.2125,569000000,-428000000,-110000000,30000000,1423000000,58000000,53.42,56.79,50.05,0.1786,0.1146,21.99,2.56,14.68,3.77,0.2257,0.2094,0.6544,0.1675,0.68,1.34,4.8477
2012-06-30,380444166,380444166,1,12262000000,7198000000,4310000000,1489000000,7952000000,0,0,3377000000,1750000000,2106000000,325000000,325000000,0.85,0.85,0.2125,457000000,384000000,-148000000,703000000,1393000000,51000000,53.28,57.14,49.43,0.1799,0.1141,20.9,2.53,14.88,3.56,0.2214,0.2201,0.6485,0.1649,0.69,1.07,4.8341
2012-03-31,380933033,380933033,1,12459000000,7229000000,4437000000,1549000000,8022000000,0,0,3507000000,1751000000,2161000000,350000000,350000000,0.92,0.91,0.2125,35000000,-123000000,-128000000,-215000000,690000000,52000000,53.16,55.9,50.41,0.1788,0.1143,21.06,2.64,15.41,3.35,0.216,0.2183,0.6439,0.1642,0.7,-0.04,4.6669
2011-12-31,381020353,381020353,1,12405000000,7211000000,4722000000,1828000000,7683000000,0,0,3514000000,1751000000,2215300000,401500000,401500000,1.05,1.04,0.21,627300000,-380500000,-139000000,94500000,905000000,64200000,47.84,51.13,44.56,0.1766,0.1137,20.16,2.42,15.19,3.14,0.2146,0.2279,0.6193,0.1619,0.7,1.48,3.9447
2011-09-30,382672989,382672989,1,12083000000,6931000000,4526000000,1562000000,7557000000,0,0,3496000000,1755000000,2031000000,327000000,327000000,0.85,0.84,0.18,446000000,-497000000,388000000,313000000,810000000,56000000,52.19,60.64,43.73,0.1653,0.1082,19.75,2.61,16.52,2.93,0.2253,0.2322,0.6254,0.1532,0.71,1.02,4.4373
2011-06-30,388328148,388328148,1,11596400000,6502700000,3818400000,1603500000,7778000000,0,0,3425700000,996700000,2045500000,309100000,309100000,0.79,0.79,0.18,156200000,-379500000,-21100000,-238000000,497100000,44100000,60.59,64.61,56.58,0.1682,0.1123,20.03,3.15,19.11,2.75,0.2159,0.1281,0.6707,0.1597,0.7,0.29,4.0553
2011-03-31,388004426,388004426,1,11231000000,6501200000,3778600000,1586800000,7452400000,0,0,3165500000,996600000,2015200000,307400000,307400000,0.79,0.78,0.18,204500000,-878000000,-388900000,-1022500000,735100000,-5300000,59.35,65.2,53.5,0.1756,0.1172,19.21,3.24,18.61,2.57,0.206,0.1337,0.6636,0.1671,0.7,0.54,4.0971
2010-12-31,391246163,391246163,1,10895100000,7631400000,3721500000,1605000000,7173600000,0,0,1775300000,996500000,1995100000,295000000,295000000,0.75,0.74,0.18,517600000,702100000,-349000000,832000000,1757600000,48200000,51.56,55,48.13,0.1826,0.1218,18.34,2.8,16.11,2.39,0.1956,0.1389,0.6584,0.174,0.7,1.2,4.7548
2010-09-30,397120134,397120134,1,10771900000,7543700000,3465900000,1406000000,7306000000,0,0,1604500000,996400000,1767600000,337700000,337700000,0.85,0.85,0.15,428300000,-195600000,-123800000,140400000,925600000,4700000,48.02,53.29,42.74,0.1881,0.1284,18.4,2.83,16.45,2.21,0.2165,0.1364,0.6782,0.1794,0.72,1.07,5.3654
2010-06-30,396940168,396940168,1,10060100000,6899800000,3314600000,1295100000,6745500000,0,0,1586900000,996300000,1758200000,319000000,319000000,0.8,0.8,0.15,326700000,-696600000,-15100000,-417300000,785200000,37200000,54.24,59.72,48.76,0.1778,0.1248,16.99,3.22,19.03,2.06,0.1859,0.1477,0.6705,0.1669,0.75,0.73,5.3276
2010-03-31,396698933,396698933,1,10098400000,6875400000,3427600000,1404800000,6670800000,0,0,1617500000,996200000,1799100000,321700000,321700000,0.81,0.8,0.15,274800000,-605400000,898000000,543800000,1202500000,31100000,54.17,58.49,49.85,0.1782,0.1292,16.82,3.27,19.63,1.91,0.1385,0.1493,0.6606,0.1659,0.78,0.61,4.8942
2009-12-31,398051370,398051370,1,9071300000,5851200000,2476200000,1441000000,6595100000,0,0,1591500000,0,1834200000,306000000,306000000,0.77,0.75,0.25,540100000,-824800000,-14000000,-301600000,658700000,41700000,47.7,52.66,42.74,0.1792,0.1341,16.57,2.95,17.73,1.76,0.0899,0,0.727,0.1647,0.81,1.25,4.0605
2009-09-30,397738563,397738563,1,8459200000,5761800000,2018300000,1198000000,6440900000,0,0,954900000,0,1653300000,229000000,229000000,0.58,0.57,0,465800000,-180300000,-19000000,294000000,960300000,28000000,42.62,48.1,37.14,0.1834,0.1367,16.19,2.8,15.33,1.51,0.147,0,0.7614,0.1633,0.84,1.1,4.8095
2009-06-30,397547322,397547322,1,7923500000,5240300000,1866000000,1075100000,6057500000,0,0,942000000,0,1634300000,291300000,291300000,0.73,0.73,0,182400000,-192600000,-26600000,-19500000,666300000,30200000,37.03,41.73,32.34,0.1969,0.1465,15.24,2.62,13.32,1.51,0.1411,0,0.7645,0.1701,0.86,0.38,4.8742
2009-03-31,397149898,397149898,1,7585200000,4999900000,1960100000,1181800000,5625100000,0,0,909500000,0,1601300000,281100000,281100000,0.71,0.71,0,272400000,-130700000,-133700000,-15300000,685800000,29900000,37.71,44.46,30.96,0.198,0.1479,14.16,2.77,13.61,1.51,0.1393,0,0.7416,0.1703,0.87,0.61,4.2307
2008-12-31,396531769,396531769,1,7603300000,4979300000,2196600000,1462100000,5406700000,0,0,935500000,0,1718200000,277700000,277700000,0.68,0.68,0.4,419300000,-5000000,-365100000,33100000,701100000,37900000,49.32,63.26,35.38,0.197,0.1483,13.63,3.47,18,1.51,0.1382,0,0.7111,0.1708,0.87,0.96,3.4056
2008-09-30,403734601,403734601,1,7574600000,4991200000,1829500000,1143400000,5745100000,0,0,909200000,0,1653000000,273800000,273800000,0.67,0.66,0,325500000,506100000,-557500000,246400000,668000000,36800000,64.75,69,60.5,0.197,0.1493,14.23,4.29,24.62,1.11,0.1184,0,0.7585,0.1738,0.86,0.72,4.3652
2008-06-30,412312013,412312013,1,8025300000,5354900000,1806200000,1124000000,6219100000,0,0,942600000,0,1712600000,305800000,305800000,0.74,0.73,0,240300000,-245600000,6800000,-1900000,421600000,41100000,64.36,67.5,61.22,0.1941,0.1469,15.08,4.47,25.24,1.11,0.1232,0,0.7749,0.1722,0.85,0.48,4.7641
2008-03-31,411793508,411793508,1,7754100000,5063900000,1821300000,1149200000,5932800000,0,0,957600000,0,1634400000,290500000,290500000,0.71,0.7,0,190800000,54600000,-130300000,133000000,423500000,30800000,66.69,74.94,58.45,0.2001,0.15,14.41,5.1,27.33,1.11,0.1275,0,0.7651,0.1732,0.87,0.39,4.4065
2007-12-31,411183514,411183514,1,7354000000,4904900000,1975500000,1333000000,5378500000,0,0,925500000,0,1594300000,276100000,276100000,0.66,0.65,0.33,367500000,-280400000,30400000,119600000,290500000,63600000,72.25,76.89,67.61,0.2052,0.1524,13.08,5.75,30.88,1.11,0.1334,0,0.7314,0.1696,0.9,0.74,3.6796
2007-09-30,410484057,410484057,1,6858700000,4439100000,1697400000,1087100000,5161300000,0,0,922000000,0,1453200000,228700000,228700000,0.56,0.55,0,297200000,-314600000,14300000,900000,170900000,42700000,66.32,70.49,62.15,0.208,0.1537,12.57,5.66,29.48,0.78,0.0927,0,0.7525,0.1651,0.93,0.62,4.0834
2007-06-30,409927028,409927028,1,6419900000,4062300000,1618500000,1039900000,4801400000,0,0,905300000,0,1463700000,269100000,269100000,0.66,0.65,0,210900000,-364300000,27700000,-124300000,170000000,39000000,66.38,70.26,62.5,0.2127,0.1563,11.71,6.05,31.31,0.78,0.0967,0,0.7479,0.1627,0.96,0.42,3.9064
2007-03-31,409078946,409078946,1,6076700000,3698100000,1588700000,1061400000,4488000000,0,0,933000000,100000,1489300000,243500000,243500000,0.6,0.59,0,152700000,-218900000,-58800000,-122300000,294300000,41700000,61.02,67.14,54.89,0.2126,0.1556,10.97,5.95,32.29,0.78,0.1028,0,0.7386,0.1567,0.99,0.27,3.4842
2006-12-31,408450841,408450841,1,5873800000,3534300000,1682800000,1351500000,4191000000,0,0,937000000,184200000,1462800000,227900000,227900000,0.56,0.55,0.22,370400000,-161600000,25600000,233900000,416600000,64600000,52.38,55.92,48.83,0.2015,0.1455,10.26,5.34,29.26,0.78,0.1155,0.044,0.7135,0.1439,1.01,0.75,2.6151
2006-09-30,407167041,407167041,1,5399100000,3115300000,1408600000,1112000000,3990500000,0,0,927400000,600000,1294000000,188400000,188400000,0.46,0.46,0,280400000,-224700000,-3700000,53000000,182700000,48500000,46.53,51,42.06,0.2029,0.1439,9.8,5.02,28.2,0.56,0.0607,0.0002,0.7391,0.1409,1.02,0.57,2.8015
2006-06-30,406559317,406559317,1,5109000000,2862200000,1339900000,1058000000,3769100000,0,0,928800000,700000,1327900000,213900000,213900000,0.53,0.52,0,195800000,-146400000,-120600000,-68700000,129700000,52200000,44.26,47.75,40.77,0.1994,0.1397,9.27,5.15,28.01,0.56,0.0657,0.0002,0.7377,0.1332,1.05,0.35,2.7053
2006-03-31,406137562,406137562,1,4994200000,2821400000,1505600000,1133400000,3488600000,0,0,917500000,99600000,1320900000,147500000,147500000,0.36,0.36,0,20700000,-209600000,-104500000,-292800000,198400000,51800000,47.34,50.9,43.77,0.2023,0.1404,8.59,5.91,28.87,0.56,0.0687,0.0286,0.6985,0.1302,1.08,-0.08,2.4893
2005-12-31,405842341,405842341,1,4944100000,2870100000,1692300000,1248800000,3251800000,0,0,922900000,184200000,1278500000,185700000,185700000,0.45,0.45,0.11,381600000,-327300000,239100000,290800000,491200000,83100000,44.74,49.74,39.74,0.2205,0.1537,8.01,5.82,28.14,0.56,0.0661,0.0566,0.6577,0.1386,1.11,0.74,2.2983
2005-09-30,404986762,404986762,1,4396800000,2365200000,1283100000,1035600000,3113700000,0,0,939600000,900000,1171900000,132100000,132100000,0.33,0.32,0,263000000,-193700000,14300000,82000000,200400000,69200000,51.56,56.32,46.8,0.222,0.1561,7.69,6.96,39.36,0.45,0.0556,0.0003,0.7082,0.1373,1.14,0.48,2.2839
2005-06-30,403507233,403507233,1,4167800000,2171400000,1179000000,951700000,2988800000,0,0,954200000,700000,1218600000,184300000,184300000,0.46,0.45,0,187200000,-286800000,-11200000,-126300000,118400000,70900000,47.23,50.95,43.51,0.1919,0.1345,7.41,6.58,38.4,0.45,0.0678,0.0002,0.7171,0.1161,1.16,0.29,2.2816
2005-03-31,403128314,403128314,1,4068200000,2081800000,1172300000,950400000,2895900000,0,0,987600000,700000,1202500000,173100000,173100000,0.43,0.42,0,32000000,-95200000,-40300000,-104700000,244700000,45100000,47.82,52.64,43,0.1895,0.1323,7.18,7,41.95,0.45,0.0721,0.0002,0.7118,0.1135,1.17,-0.03,2.1904
2004-12-31,402903237,402903237,1,4083800000,2142600000,1331800000,1113500000,2752000000,0,0,963200000,700000,1155500000,162700000,162700000,0.4,0.4,0.09,304600000,-71200000,20800000,257800000,349400000,65600000,44.55,48.81,40.3,0.1862,0.1297,6.83,7.15,41.64,0.45,0.0779,0.0003,0.6739,0.1093,1.19,0.59,1.9242
2004-09-30,402022991,402022991,1,3579800000,1760500000,1076900000,905400000,2502900000,0,0,934300000,3900000,1028700000,14400000,14400000,0.04,0.04,0,186100000,-171500000,7500000,29000000,91600000,47300000,50.69,57.66,43.71,0.1858,0.1301,6.23,8.26,39.14,0.36,0.064,0.0016,0.6992,0.1064,1.22,0.35,1.9444
2004-06-30,401251753,401251753,1,3469600000,1674300000,1007000000,843000000,2462600000,0,0,943100000,3900000,1043000000,152700000,152700000,0.38,0.37,0,44700000,-48200000,14200000,13700000,62600000,43100000,50.08,55.94,44.21,0.2395,0.1653,6.14,8.76,42.08,0.36,0.0528,0.0016,0.7098,0.1338,1.24,0,1.9861
2004-03-31,400186718,400186718,1,3231700000,1458500000,943800000,798300000,2287900000,0,0,953700000,5400000,1035100000,135900000,135900000,0.34,0.33,0,57900000,-33100000,-31900000,-17000000,48900000,23300000,44.48,47.2,41.77,0.2363,0.1568,5.72,8.25,39.89,0.36,0.0577,0.0024,0.708,0.1273,1.23,0.09,1.827
2003-12-31,199890391,399780782,2,3159100000,1397600000,1004300000,850500000,2154800000,0,0,965500000,18800000,1001300000,134100000,134100000,0.68,0.66,0.14,208000000,-50400000,-145400000,20600000,65900000,46100000,40.01,42.68,37.34,0.2395,0.1504,5.39,8.17,38.29,0.36,0.0617,0.0087,0.6821,0.1251,1.2,0.4,1.6433
2003-09-30,199485749,398971498,2,2979500000,1248700000,1026500000,734200000,1953000000,0,0,954500000,163600000,885400000,107800000,107800000,0.54,0.53,0,215200000,-32500000,-183500000,-1800000,45300000,34800000,36.76,39.63,33.88,0.2461,0.1453,4.9,8.04,38.29,0.29,0.0559,0.0838,0.6555,0.1232,1.18,0.45,1.7008
2003-06-30,199144729,398289458,2,3006000000,1278900000,1187400000,708200000,1818600000,0,0,953400000,358900000,891700000,107500000,107500000,0.54,0.53,0,121100000,-35300000,-76800000,7500000,47100000,30800000,34.1,36.72,31.48,0.2461,0.1362,4.57,8.22,37.68,0.29,0.061,0.1973,0.605,0.1178,1.16,0.23,1.8058
2003-03-31,198531542,397063084,2,2915300000,1224900000,1268300000,708900000,1647000000,0,0,942700000,441400000,846900000,104100000,104100000,0.52,0.51,0,104200000,-33400000,-70600000,1800000,39600000,29100000,32.54,35.25,29.83,0.2523,0.1334,4.15,8.61,38.28,0.29,0.0646,0.268,0.565,0.1168,1.14,0.19,1.7279
2002-12-31,198324029,396648058,2,2815500000,1151300000,1317300000,707500000,1498200000,0,0,935100000,491000000,829200000,106100000,106100000,0.53,0.52,0.12,183100000,-77700000,-110600000,-900000,37800000,50600000,31.05,33.73,28.38,0.259,0.1305,3.78,8.92,39.81,0.29,0.0689,0.3277,0.5321,0.1148,1.14,0.33,1.6273
2002-09-30,197958426,395916852,2,2723100000,1132400000,1344300000,643200000,1378800000,0,0,892800000,595100000,745600000,72500000,72500000,0.37,0.36,0,148000000,-169700000,9900000,-13500000,38700000,34500000,26.09,30.25,21.93,0.2583,0.1239,3.48,7.81,34.79,0.23,0.0624,0.4316,0.5063,0.1093,1.13,0.29,1.7606
2002-06-30,197677108,395354216,2,2599600000,1109900000,1279700000,569200000,1319900000,0,0,826500000,596300000,733900000,85900000,85900000,0.44,0.42,0,110100000,-37900000,-90300000,-8700000,52200000,31700000,27.88,30.32,25.45,0.2675,0.123,3.34,9.65,39.83,0.23,0.0648,0.4518,0.5077,0.11,1.12,0.2,1.9499
2002-03-31,197342344,394684688,2,2454800000,1039800000,1314000000,504100000,1140800000,0,0,790000000,703300000,702900000,81100000,81100000,0.41,0.4,0,62700000,-26500000,-21600000,10800000,60900000,21400000,29.06,31.5,26.63,0.2722,0.1173,2.89,10.84,44.03,0.23,0.0694,0.6165,0.4647,0.1063,1.1,0.1,2.0627
2001-12-31,197155220,394310440,2,2423600000,993100000,1367400000,533400000,1056200000,0,0,411430000,720900000,709800000,76600000,76600000,0.39,0.38,0.1,183200000,-115500000,-77900000,-13900000,50100000,104900000,27.64,29.7,25.59,0.2725,0.1109,2.68,10.51,42.52,0.23,0.0738,0.6825,0.4358,0.1026,1.08,0.2,1.8618
2001-09-30,196609965,393219930,2,2413200000,1041900000,1380800000,609900000,1032400000,0,0,799700000,671500000,619300000,60600000,60600000,0.31,0.3,0,133100000,-39700000,-75500000,21400000,64000000,11300000,27,31.6,22.39,0.2764,0.1066,2.63,11.25,43.2,0.18,0.061,0.6504,0.4278,0.1026,1.04,0.31,1.7083
2001-06-30,196291806,392583612,2,2390300000,1022700000,1446700000,613400000,943600000,0,0,791300000,745200000,639000000,65700000,65700000,0.33,0.32,0,77400000,-23700000,-68800000,-18500000,42600000,22200000,27.25,29.98,24.52,0.2833,0.1009,2.4,12.06,45.8,0.18,0.0636,0.7897,0.3948,0.1012,1,0.14,1.6673
2001-03-31,196123177,392246354,2,2405000000,1014700000,1517900000,599600000,887100000,0,0,814400000,831200000,634200000,64100000,64100000,0.33,0.32,0,74600000,-17000000,-55400000,7100000,61100000,14500000,25.07,28.5,21.65,0.2842,0.0937,2.26,11.5,44.37,0.18,0.0672,0.937,0.3689,0.0988,0.95,0.15,1.6923
2000-12-31,195940893,391881786,2,2430800000,997000000,1575900000,617400000,854900000,0,0,839300000,876500000,612400000,66500000,66500000,0.33,0.36,0.08,118500000,-32400000,-91700000,-9700000,54000000,17400000,24.06,28.88,19.25,0.2853,0.0874,2.18,11.91,48.36,0.18,0.0709,1.0253,0.3517,0.0965,0.91,0.26,1.6148
2000-09-30,195589235,391178470,2,2538400000,1115100000,1746400000,673000000,792000000,0,0,852900000,992400000,548400000,50000000,50000000,0.26,0.25,0,103800000,-21900000,-68400000,11000000,63700000,21900000,22.16,25,19.32,0.2721,0.0773,2.02,11.54,59.49,0.14,0.0637,1.253,0.312,0.0887,0.87,0.21,1.6569
2000-06-30,195177034,390354068,2,2582700000,1133000000,1833000000,680400000,749700000,0,0,883700000,1072300000,566500000,52700000,52700000,0.27,0.26,0,81200000,-23900000,-71700000,-12000000,52700000,21200000,19.03,22.5,15.56,0.2143,0.057,1.92,10.57,81.85,0.14,0.0852,1.4303,0.2903,0.0679,0.84,0.15,1.6652
2000-03-31,194858082,389716164,2,2562200000,1106100000,1860000000,642500000,702200000,0,0,888800000,1140100000,562100000,51800000,51800000,0.27,0.26,0,28300000,-15100000,-26900000,-15300000,64700000,15400000,16.27,20.33,12.2,0.1403,0.0351,1.8,9.4,325.4,0.14,0.1374,1.6236,0.2741,0.0429,0.82,0.03,1.7216
1999-12-31,97226909,388907636,4,2580500000,1110400000,1909000000,669600000,671500000,0,0,898900000,1181100000,559100000,43800000,43800000,0.45,0.45,0.13,180500000,-28500000,-147900000,-7500000,80000000,32000000,15.23,18.32,12.15,0.0305,0.0073,1.73,9.12,None,0.14,0.6515,1.7589,0.2602,0.0092,0.79,0.38,1.6583
1999-09-30,96979532,387918128,4,2691700000,1183100000,2045600000,643500000,646100000,0,0,889600000,1347600000,498900000,100000,100000,0,0,0,83600000,-19600000,-39000000,22900000,91100000,14700000,14.83,17.19,12.47,-0.1107,-0.0257,1.67,9.51,None,0.1,None,2.0857,0.24,None,0.68,0.18,1.8385
1999-06-30,96924776,387699104,4,2645200000,1188200000,2041900000,588100000,603300000,0,0,862400000,1400300000,523300000,-3700000,-3700000,-0.04,-0.04,0,38800000,-26000000,-55300000,-34400000,68200000,20300000,14.2,16.45,11.94,-0.0545,-0.0153,1.56,8.87,2840,0.1,None,2.3211,0.2281,None,0.7,0.05,2.0204
1999-03-31,96845924,387383696,4,2763800000,1279500000,2142400000,618100000,621400000,0,0,904400000,1478800000,522400000,-20800000,-20800000,-0.21,-0.21,0,-18900000,-5300000,11600000,-22300000,102600000,9200000,13.37,15.63,11.11,0.0047,0.0017,1.6,7.68,89.13,0.1,3.6404,2.3798,0.2248,0.0023,0.71,-0.07,2.0701
1998-12-31,96775224,387100896,4,2875332000,1301323000,2186093000,668505000,672505000,16734000,0,422512000,1487971000,321382000,-46010000,-46010000,-0.48,-0.48,0.12,78338000,None,None,-96970000,124951000,15430000,10.84,13.94,7.75,0.0881,0.0403,1.74,5.77,29.7,0.1,0.1936,2.2126,0.2339,0.0544,0.74,0.16,1.9466
1998-09-30,96433309,385733236,4,1071675000,818750000,316670000,284341000,725770000,29235000,0,0,3874000,260965000,34750000,34750000,0.36,0.35,0,48658000,None,None,167229000,223069000,16382000,9.63,11.28,7.97,0.2146,0.1405,1.88,5.47,27.32,0.07,0.074,0.0053,0.6772,0.138,1.02,0.08,2.8795
1998-06-30,96329771,385319084,4,1015541000,772815000,303179000,270136000,678263000,34099000,0,0,4369000,267273000,35250000,35250000,0.37,0.36,0,15215000,None,None,-16334000,55364000,11383000,10.7,12.17,9.22,0.2171,0.1385,1.76,6.37,31.47,0.07,0.0771,0.0064,0.6679,0.1354,1.02,0.01,2.8608
1998-03-31,96274401,385097604,4,997288000,769540000,315397000,282791000,647319000,34572000,0,0,3754000,253588000,36010000,36010000,0.37,0.37,0,12304000,None,None,-83001000,70680000,8049000,10.48,12.28,8.69,0.2179,0.1352,1.68,6.59,32.25,0.07,0.0805,0.0058,0.6491,0.1321,1.02,0.01,2.7212
1997-12-31,96115065,384460260,4,985075000,756608000,336628000,303011000,612775000,35672000,0,46110000,4449000,254420000,36950000,36950000,0.38,None,0.11,41065000,None,None,1489000,154027000,9218000,9.82,10.89,8.75,0.2182,0.1312,1.59,6.42,31.68,0.07,0.0844,0.0073,0.6221,0.1279,1.03,0.08,2.497
1997-09-30,96122551,384490204,4,963794000,724617000,323360000,210790000,589385000,51049000,0,0,82086000,238143000,28970000,28970000,0.3,None,0,46898000,None,None,-26414000,153731000,10396000,10.04,11.33,8.75,0.2152,0.1245,1.53,6.88,33.75,0.05,0.0813,0.1393,0.6115,0.123,1.01,0.09,3.4376
1997-06-30,96040424,384161696,4,938830000,701766000,323482000,203226000,560626000,54722000,0,0,90382000,248036000,29380000,29380000,0.31,None,0,26848000,None,None,36546000,179690000,8549000,7.77,9.47,6.06,0.2142,0.1212,1.46,5.59,27.5,0.05,0.0847,0.1612,0.5972,0.1198,1.01,0.05,3.4531
1997-03-31,96004692,384018768,4,931788000,694999000,319154000,199949000,534675000,77959000,0,0,84589000,239536000,30020000,30020000,0.31,None,0,-22944000,None,None,-33267000,143609000,7050000,7.14,8.1,6.19,0.2125,0.1183,1.39,5.21,26.44,0.05,0.0885,0.1582,0.5738,0.1174,1.01,-0.08,3.4759
1996-12-31,96890416,387561664,4,993506000,753537000,377277000,251741000,530361000,85868000,0,45375000,89502000,243437000,30800000,30800000,0.32,None,0.1,125867000,None,None,61947000,175673000,6423000,7.39,8.03,6.75,0.2086,0.1147,1.37,5.6,28.84,0.05,0.0928,0.1688,0.5338,0.1148,1,0.31,2.9933
1996-09-30,96748533,386994132,4,910451000,635781000,301698000,182751000,510206000,98547000,0,0,96641000,223587000,24150000,24150000,0.25,None,0,37635000,None,None,30909000,114258000,5964000,6.29,7.53,5.06,0.2062,0.1134,1.32,4.99,25.54,0.02,0.044,0.1894,0.5604,0.1115,1.02,0.08,3.4789
1996-06-30,96675354,386701416,4,866371000,637169000,280909000,168221000,485534000,99928000,0,0,91394000,225413000,24490000,24490000,0.25,None,0,17658000,None,None,18859000,83136000,6534000,5.81,6.66,4.97,0.2066,0.1115,1.26,4.72,24.59,0.02,0.0459,0.1882,0.5604,0.1092,1.02,0.03,3.7877
1996-03-31,96651638,386606552,4,871958000,640319000,293198000,176793000,476734000,102026000,0,0,93511000,217623000,25020000,25020000,0.26,None,0,23182000,None,None,-5091000,63927000,7803000,6.55,7.27,5.84,0.2074,0.1075,1.23,5.6,29.11,0.02,0.0479,0.1961,0.5467,0.1042,1.03,0.04,3.6219
1995-12-31,48575841,388606728,8,854891000,623253000,295619000,174438000,454279000,104993000,0,18193000,96967000,224067000,25670000,25670000,0.53,None,0.09,47070000,None,None,-5433000,69049000,15107000,6.4,7.31,5.5,0.2097,0.1047,1.17,5.82,29.94,0.02,0.0502,0.2135,0.5314,0.0998,1.05,0.08,3.5729
1995-09-30,48519452,388155616,8,825032000,590164000,287786000,159631000,428797000,108449000,0,0,103693000,205363000,20130000,20130000,0.42,None,0,38137000,None,None,7925000,74315000,5835000,5.43,6.11,4.75,0.2114,0.1021,1.1,5.27,26.49,0.01,0.0468,0.2418,0.5197,0.097,1.05,0.08,3.6971
1995-06-30,48496625,387973000,8,842222000,588919000,316502000,166553000,399578000,126142000,0,0,121944000,228509000,20410000,20410000,0.42,None,0,21566000,None,None,3933000,65986000,7650000,5.36,6.02,4.69,0.2147,0.1008,1.03,5.53,27.31,0.01,0.0488,0.3052,0.4744,0.0965,1.05,0.04,3.5359
1995-03-31,48441382,387531056,8,802254000,557389000,308475000,161938000,377265000,116514000,0,0,119060000,214013000,20800000,20800000,0.43,None,0,4763000,None,None,-54157000,62336000,7707000,5.3,6.09,4.52,0.2167,None,0.97,5.7,28.27,0.01,0.051,0.3156,0.4703,0.1015,1.07,-0.01,3.442
1994-12-31,48385411,387083288,8,767971000,540529000,309732000,179211000,358266000,99973000,0,17272000,95276000,204619000,21320000,21320000,0.44,None,0.08,35320000,None,None,10634000,116781000,9308000,4.39,4.69,4.09,0.2176,None,0.93,4.99,None,0.01,0.0535,0.2659,0.4665,0.1062,1.11,0.07,3.0162
1994-09-30,48351069,386808552,8,731555000,511583000,291479000,156441000,341770000,98306000,0,17005000,99250000,174316000,16730000,16730000,0.35,None,0,44409000,None,None,44794000,105248000,7631000,4.05,4.69,3.41,None,None,0.88,4.82,None,0,None,0.2904,0.4672,None,None,0.1,3.2701
1994-06-30,48342551,386740408,8,489561000,355753000,166559000,123011000,323002000,0,0,0,35382000,154226000,17010000,17010000,0.35,None,0,23447000,None,None,17738000,60942000,5102000,3.41,3.84,2.97,None,None,0.84,4.32,None,0,None,0.1095,0.6598,None,None,0.05,2.892
1994-03-31,48449134,387593072,8,468260000,347138000,160389000,123063000,307871000,0,0,0,34033000,148759000,17340000,17340000,0.36,None,0,-5483000,None,None,-6097000,43516000,7198000,3.85,4.44,3.25,None,None,0.79,5.2,None,0,None,0.1105,0.6575,None,None,-0.03,2.8208
1993-12-31,48415669,387325352,8,454204000,343851000,165770000,129886000,288434000,0,0,7795000,31282000,None,None,None,None,None,0,None,None,None,None,49712000,0,3.3,3.69,2.91,None,None,0.74,None,None,0,None,0.1085,0.635,None,None,None,2.6473
