"Quarter end","Shares","Shares split adjusted","Split factor","Assets","Current Assets","Liabilities","Current Liabilities","Shareholders equity","Non-controlling interest","Preferred equity","Goodwill & intangibles","Long-term debt","Revenue","Earnings","Earnings available for common stockholders","EPS basic","EPS diluted","Dividend per share","Cash from operating activities","Cash from investing activities","Cash from financing activities","Cash change during period","Cash at end of period","Capital expenditures","Price","Price high","Price low","ROE","ROA","Book value of equity per share","P/B ratio","P/E ratio","Cumulative dividends per share","Dividend payout ratio","Long-term debt to equity ratio","Equity to assets ratio","Net margin","Asset turnover","Free cash flow per share","Current ratio"
2019-06-30,163336240,163336240,1,24337000000,None,15206000000,None,9131000000,0,0,0,847000000,1913000000,428000000,428000000,2.62,2.59,0.56,276000000,-160000000,-115000000,1000000,803000000,8000000,95.61,106.4,84.82,0.1443,0.0532,55.9,1.81,15.55,32.29,0.2904,0.0928,0.3752,0.1828,0.29,1.64,None
2019-03-31,163229828,163229828,1,23352000000,None,14722000000,None,8630000000,0,0,0,845000000,2159000000,695000000,695000000,4.27,4.22,0.56,200000000,-56000000,-126000000,18000000,802000000,5000000,80.86,87.46,74.26,0.1239,0.0453,52.87,1.68,46.47,31.73,0.3457,0.0979,0.3696,0.1597,0.28,1.19,None
2018-12-31,162937899,162937899,1,21935000000,None,14102000000,None,7833000000,0,0,0,834000000,710000000,-452000000,-452000000,-2.77,-2.77,0.53,355000000,-71000000,-116000000,168000000,784000000,6000000,76.94,82.86,71.01,0.0358,0.0131,48.07,1.5,9.17,31.17,1.2049,0.1065,0.3571,0.0531,0.25,2.14,None
2018-09-30,162737705,162737705,1,22480000000,None,14146000000,None,8334000000,0,0,0,830000000,1915000000,553000000,553000000,3.4,3.38,0.53,362000000,-115000000,-152000000,95000000,616000000,5000000,73.12,79.67,66.56,0.1703,0.0631,51.21,1.5,13.01,30.64,0.3066,0.0996,0.3707,0.2261,0.28,2.19,None
2018-06-30,162652281,162652281,1,21760000000,None,13844000000,None,7916000000,0,0,0,828000000,1558000000,217000000,217000000,1.33,1.32,0.53,310000000,-211000000,-182000000,-83000000,521000000,6000000,71.14,75.96,66.33,0.1176,0.0429,48.67,1.47,14.52,30.11,0.4508,0.1046,0.3638,0.1659,0.26,1.87,None
2018-03-31,164145978,164145978,1,21470000000,None,13524000000,None,7946000000,0,0,0,829000000,1224000000,-31000000,-31000000,-0.19,-0.19,0.53,154000000,-54000000,-153000000,-53000000,604000000,3000000,73.95,78.04,69.86,0.1046,0.0378,48.41,1.47,11.74,29.58,0.5105,0.1043,0.3701,0.1496,0.25,0.92,None
2017-12-31,163988318,163988318,1,21843000000,None,13600000000,None,8243000000,0,0,0,827000000,1411000000,642000000,642000000,3.91,3.88,1,306000000,-99000000,-224000000,-17000000,657000000,2000000,73.91,77.76,70.07,0.1375,0.0489,50.27,1.61,24.47,29.05,0.3927,0.1003,0.3774,0.1823,0.27,1.85,None
2017-09-30,164071775,164071775,1,21592000000,None,14069000000,None,7523000000,0,0,0,826000000,1412000000,102000000,102000000,0.62,0.61,0.5,301000000,-126000000,-107000000,68000000,674000000,5000000,76.79,81.98,71.6,0.0689,0.024,45.85,1.71,22,28.05,0.647,0.1098,0.3484,0.0893,0.27,1.8,None
2017-06-30,163982422,163982422,1,21238000000,None,13865000000,None,7373000000,0,0,0,826000000,1386000000,100000000,100000000,0.61,0.6,0.5,309000000,-87000000,-159000000,63000000,606000000,7000000,71.23,73.98,68.49,0.0807,0.0281,44.96,1.62,19.62,27.55,0.555,0.112,0.3472,0.1033,0.27,1.84,None
2017-03-31,164688145,164688145,1,20753000000,None,13497000000,None,7256000000,0,0,0,825000000,1523000000,201000000,201000000,1.22,1.21,0.5,136000000,-246000000,-124000000,-234000000,543000000,2000000,72.47,76.71,68.24,0.085,0.0296,44.06,1.69,20.41,27.05,0.5289,0.1137,0.3496,0.1077,0.27,0.81,None
2016-12-31,164717550,164717550,1,20386000000,None,13326000000,None,7060000000,0,0,0,826000000,1312000000,100000000,100000000,0.61,0.6,0.48,279000000,-70000000,-132000000,77000000,777000000,4000000,73.85,79.6,68.11,0.0848,0.0294,42.86,1.71,18.94,26.55,0.5348,0.117,0.3463,0.1085,0.27,1.67,None
2016-09-30,164748584,164748584,1,20455000000,None,13334000000,None,7121000000,0,0,0,827000000,1402000000,180000000,180000000,1.09,1.08,0.48,334000000,-79000000,-102000000,153000000,700000000,2000000,75.98,78.09,73.88,0.095,0.0328,43.22,1.79,19.63,26.07,0.6,0.1161,0.3481,0.1198,0.27,2.02,None
2016-06-30,164575858,164575858,1,20151000000,None,13180000000,None,6971000000,0,0,0,825000000,1371000000,123000000,123000000,0.75,0.74,0.48,233000000,-199000000,-100000000,-66000000,547000000,4000000,69.38,74.89,63.87,0.0968,0.0332,42.36,1.69,16.56,25.59,0.5999,0.1183,0.3459,0.1215,0.27,1.39,None
2016-03-31,164479622,164479622,1,19447000000,None,12712000000,None,6735000000,0,0,0,825000000,1364000000,188000000,188000000,1.14,1.13,0.48,257000000,-108000000,-80000000,69000000,613000000,3000000,59.8,65.97,53.64,0.1067,0.0365,40.95,1.53,15.61,25.11,0.549,0.1225,0.3463,0.1329,0.27,1.54,None
2015-12-31,164339638,164339638,1,18888000000,None,12461000000,None,6427000000,0,0,0,0,1263000000,156000000,156000000,0.96,0.95,0.92,309000000,-4000000,-180000000,125000000,544000000,3000000,57.11,61.59,52.63,0.098,0.0336,39.11,1.47,14.68,24.63,0.5957,0,0.3403,0.1233,0.27,1.86,None
2015-09-30,163851889,163851889,1,18751000000,None,12401000000,None,6350000000,0,0,0,0,1278000000,174000000,174000000,1.06,1.05,0.46,285000000,-231000000,-122000000,-68000000,419000000,2000000,53.33,56.94,49.72,0.0991,0.0343,38.75,1.35,13.5,23.71,0.4631,0,0.3386,0.1255,0.27,1.73,None
2015-06-30,164092853,164092853,1,18888000000,None,12391000000,None,6497000000,0,0,0,0,1316000000,176000000,176000000,1.07,1.06,0.46,255000000,-301000000,-107000000,-153000000,487000000,4000000,52,54.25,49.74,0.1004,0.0349,39.59,1.29,15.29,23.25,0.4515,0,0.344,0.1272,0.27,1.53,None
2015-03-31,164358202,164358202,1,18897000000,None,12289000000,None,6608000000,0,0,0,0,1285000000,128000000,128000000,0.78,0.77,0.46,215000000,-88000000,-78000000,49000000,640000000,1000000,52.52,54.92,50.12,0.0868,0.0302,40.2,1.31,16.52,22.79,0.5192,0,0.3497,0.1115,0.27,1.3,None
2014-12-31,164166327,164166327,1,18753000000,None,12180000000,None,6573000000,0,0,0,0,1262000000,167000000,167000000,1.02,1.01,0.44,240000000,20000000,-81000000,179000000,591000000,3000000,50.22,55.35,45.09,0.0825,0.0286,40.04,1.29,17.32,22.33,0.5488,0,0.3505,0.1062,0.27,1.44,None
2014-09-30,163490441,163490441,1,18474000000,None,12098000000,None,6376000000,0,0,0,0,1280000000,183000000,183000000,1.12,1.11,0.44,282000000,-234000000,-98000000,-50000000,412000000,1000000,47.27,48.86,45.69,0.0769,0.0265,39,1.22,18.32,21.89,0.5928,0,0.3451,0.0989,0.27,1.72,None
2014-06-30,163651181,163651181,1,18335000000,None,11992000000,None,6343000000,0,0,0,0,1214000000,84000000,84000000,0.51,0.51,0.44,222000000,-136000000,-145000000,-59000000,462000000,2000000,48.36,49.73,47,0.0702,0.024,38.76,1.28,17.71,21.45,0.6576,0,0.346,0.0905,0.27,1.34,None
2014-03-31,163519128,163519128,1,17942000000,None,11774000000,None,6168000000,0,0,0,0,1189000000,91000000,91000000,0.56,0.55,0.44,129000000,39000000,-80000000,88000000,521000000,3000000,48.55,52.19,44.9,0.0765,0.026,37.72,1.31,15.56,21.01,0.6082,0,0.3438,0.0983,0.26,0.77,None
2013-12-31,163506115,163506115,1,17662000000,None,11592000000,None,6070000000,0,0,0,0,1172000000,122000000,122000000,0.74,0.73,0.42,258000000,-189000000,-147000000,-78000000,433000000,2000000,50.17,53.74,46.61,0.0885,0.0299,37.12,1.41,14.13,20.57,0.5237,0,0.3437,0.1141,0.26,1.57,None
2013-09-30,163830717,163830717,1,17339000000,None,11523000000,None,5816000000,0,0,0,0,1152000000,131000000,131000000,0.8,0.79,0.42,287000000,-90000000,-68000000,129000000,511000000,2000000,46.81,50.01,43.62,0.1032,0.0346,35.5,1.34,13.61,20.15,0.4583,0,0.3354,0.1325,0.26,1.74,None
2013-06-30,163668282,163668282,1,17034000000,None,11335000000,None,5699000000,0,0,0,0,1104000000,110000000,110000000,0.67,0.66,0.4075,194000000,-128000000,-64000000,2000000,382000000,2000000,47.56,50.6,44.53,0.1017,0.0338,34.82,1.34,15.96,19.73,0.47,0,0.3346,0.1315,0.26,1.17,None
2013-03-31,163435801,163435801,1,17037000000,None,11252000000,None,5785000000,0,0,0,0,1103000000,154000000,154000000,0.95,0.94,0.4075,57000000,-102000000,-62000000,-107000000,380000000,1000000,43.48,47.35,39.6,0.09,0.0296,35.4,1.3,16.92,19.32,0.5424,0,0.3396,0.1157,0.26,0.34,None
2012-12-31,163227008,163227008,1,16548000000,None,11095000000,None,5453000000,0,0,0,0,1070000000,192000000,192000000,1.17,1.16,0.41,205000000,-47000000,-87000000,71000000,487000000,1000000,38.96,40.96,36.96,0.0796,0.0259,33.41,1.18,17.39,18.91,0.6271,0,0.3295,0.1024,0.25,1.25,None
2012-09-30,162686191,162686191,1,16479000000,None,11120000000,None,5359000000,0,0,0,0,1035000000,111000000,111000000,0.69,0.68,0.4075,168000000,47000000,-62000000,153000000,416000000,1000000,38.36,40.22,36.5,0.0699,0.0226,32.94,1.21,22.83,18.5,0.7217,0,0.3252,0.0908,0.25,1.03,None
2012-06-30,162521638,162521638,1,16089000000,None,10945000000,None,5144000000,0,0,0,0,1020000000,32000000,32000000,0.2,0.2,0.4025,117000000,-204000000,-74000000,-161000000,263000000,2000000,35.59,38.12,33.06,0.0537,0.0172,31.65,1.11,30.16,18.1,0.9629,0,0.3197,0.0694,0.25,0.71,None
2012-03-31,162409106,162409106,1,16022000000,None,10815000000,None,5207000000,0,0,0,0,986000000,86000000,86000000,0.53,0.53,0.4025,148000000,-100000000,-62000000,-14000000,424000000,2000000,33.05,36.05,30.06,0.0378,0.0121,32.06,1.06,32.09,17.69,1.3725,0,0.325,0.0492,0.25,0.9,None
2011-12-31,162281098,162281098,1,15668000000,None,10613000000,None,5055000000,0,0,0,0,955000000,134000000,134000000,0.82,0.83,0.4,99000000,63000000,-32000000,130000000,438000000,-5000000,27.73,30.79,24.66,0.0332,0.0107,31.15,0.94,28.59,17.29,1.5701,0,0.3226,0.0436,0.24,0.64,None
2011-09-30,162078694,162078694,1,15412000000,None,10626000000,None,4786000000,0,0,0,0,944000000,19000000,19000000,0.12,0.12,0.4025,144000000,-97000000,-52000000,-5000000,308000000,8000000,26.59,29.54,23.65,0.0316,0.0103,29.53,0.86,14.77,16.89,1.6617,0,0.3105,0.0418,0.25,0.84,None
2011-06-30,163146137,163146137,1,15702000000,None,10645000000,None,5057000000,0,0,0,0,975000000,-49000000,-49000000,-0.3,-0.3,0.4,-53000000,56000000,-69000000,-66000000,313000000,2000000,30.67,33.55,27.8,0.0584,0.0193,31,0.98,13.51,16.49,0.8895,0,0.3221,0.0754,0.26,-0.34,None
2011-03-31,163070453,163070453,1,15369000000,None,10251000000,None,5118000000,0,0,0,0,929000000,62000000,62000000,0.38,0.38,0.4,57000000,-30000000,-33000000,-6000000,379000000,2000000,32.88,34.33,31.43,0.0746,0.0247,31.39,1.07,14.23,16.09,0.7068,0,0.333,0.0973,0.25,0.34,None
2010-12-31,163000007,163000007,1,15095000000,None,10063000000,None,5032000000,0,0,0,0,936000000,126000000,126000000,0.78,0.77,0.41,114000000,-127000000,-47000000,-60000000,385000000,3000000,30.48,32.27,28.68,0.0768,0.0254,30.87,0.99,10.03,15.69,0.6933,0,0.3334,0.0999,0.25,0.68,None
2010-09-30,162736024,162736024,1,15070000000,None,10060000000,None,5010000000,0,0,0,0,1071000000,156000000,156000000,0.95,0.95,0.4,164000000,13000000,-57000000,120000000,445000000,3000000,27.32,29.39,25.25,0.1024,0.0338,30.79,0.94,8.7,15.28,0.5236,0,0.3324,0.125,0.27,0.99,None
2010-06-30,162674119,162674119,1,14607000000,None,9870000000,None,4737000000,0,0,0,0,878000000,27000000,27000000,0.17,0.17,0.4,143000000,-176000000,-44000000,-77000000,325000000,3000000,28.02,30.38,25.65,0.1076,0.0353,29.12,0.94,9.83,14.88,0.5066,0,0.3243,0.1309,0.27,0.86,None
2010-03-31,162984380,162984380,1,14616000000,None,9751000000,None,4865000000,0,0,0,0,887000000,68000000,68000000,0.42,0.42,0.395,110000000,-239000000,-26000000,-155000000,402000000,8000000,27.57,29.65,25.5,0.1011,0.0327,29.85,0.94,10.4,14.48,0.5532,0,0.3329,0.1192,0.27,0.63,None
2009-12-31,162926458,162926458,1,14440000000,None,9680000000,None,4760000000,0,0,0,0,1132000000,245000000,245000000,1.51,1.5,0.4,163000000,-31000000,-23000000,109000000,557000000,11000000,25.97,26.89,25.05,0.0992,0.0313,29.22,0.91,12.02,14.08,0.5932,0,0.3296,0.1107,0.28,0.93,None
2009-09-30,162701291,162701291,1,14226000000,None,9600000000,None,4626000000,0,0,0,0,1007000000,171000000,171000000,1.05,1.05,0.395,205000000,1000000,-12000000,194000000,448000000,11000000,23.8,26.31,21.3,0.0827,0.0257,28.43,0.93,9.12,13.68,0.7312,0,0.3252,0.0919,0.28,1.19,None
2009-06-30,162635200,162635200,1,13522000000,None,9378000000,None,4144000000,0,0,0,0,874000000,-19000000,-19000000,-0.12,-0.12,0.39,117000000,-327000000,-51000000,-261000000,254000000,12000000,24.17,26.94,21.4,0.1004,0.0312,25.48,1.01,7.77,13.29,0.598,0,0.3065,0.1069,0.29,0.65,None
2009-03-31,162560900,162560900,1,13108000000,None,9227000000,None,3881000000,0,0,0,0,890000000,35000000,35000000,0.22,0.22,0.39,40000000,-458000000,-76000000,-494000000,515000000,8000000,23.75,29.66,17.84,0.1159,0.0364,23.87,0.92,9.03,12.9,0.5009,0,0.2961,0.1262,0.29,0.2,None
2008-12-31,162502547,162502547,1,13369000000,None,9187000000,None,4182000000,0,0,0,0,1017000000,161000000,161000000,1.01,1.01,0.39,2000000,752000000,-92000000,662000000,1009000000,8000000,25.26,31.71,18.8,0.0902,0.0294,25.73,0.88,9.29,12.51,0.5913,0,0.3128,0.1122,0.26,-0.04,None
2008-09-30,162382939,162382939,1,14303000000,None,9616000000,None,4687000000,0,0,0,0,1186000000,247000000,247000000,1.51,1.5,0.39,148000000,473000000,-607000000,14000000,347000000,8000000,27.71,33.6,21.83,0.0874,0.0294,28.86,0.96,14.28,12.12,0.5467,0,0.3277,0.12,0.25,0.86,None
2008-06-30,162381212,162381212,1,14811000000,None,10104000000,None,4707000000,0,0,0,0,917000000,63000000,63000000,0.38,0.38,0.39,156000000,163000000,-223000000,96000000,333000000,9000000,32.69,39.97,25.4,0.0585,0.0204,28.99,0.98,9.13,11.73,0.7366,0,0.3178,0.0925,0.22,0.91,None
2008-03-31,163163257,163163257,1,15945000000,None,10496000000,None,5449000000,0,0,0,0,704000000,-42000000,-42000000,-0.26,-0.26,0.39,178000000,121000000,-288000000,11000000,237000000,11000000,37.41,39.71,35.1,0.1001,0.0362,33.4,1.04,7.56,11.34,0.3901,0,0.3417,0.1574,0.23,1.02,None
2007-12-31,165466108,165466108,1,16637000000,None,10708000000,None,5929000000,0,0,0,0,976000000,186000000,186000000,1.11,1.1,0.35,185000000,105000000,-247000000,43000000,226000000,19000000,41.61,44.84,38.37,0.1315,0.0483,35.83,1.06,9.05,10.95,0.2793,0,0.3564,0.2008,0.24,1,None
2007-09-30,165998910,165998910,1,17622000000,None,11084000000,None,6538000000,0,0,0,0,982000000,124000000,124000000,0.72,0.72,0.355,185000000,224000000,-348000000,61000000,183000000,17000000,40.85,44.79,36.91,0.119,0.0449,39.39,1.03,9,10.6,0.2974,0,0.371,0.187,0.24,1.01,None
2007-06-30,171830691,171830691,1,18264000000,None,11438000000,None,6826000000,0,0,0,0,1270000000,351000000,351000000,2.04,2.02,0.355,117000000,-92000000,-100000000,-75000000,122000000,17000000,45.09,47.62,42.57,0.118,0.0443,39.73,1.15,13.75,10.24,0.2996,0,0.3737,0.1856,0.24,0.58,None
2007-03-31,171681890,171681890,1,18221000000,None,11513000000,None,6708000000,0,0,0,0,1031000000,194000000,194000000,1.12,1.11,0.355,218000000,-1099000000,876000000,-5000000,197000000,17000000,44.08,45.92,42.24,0.0878,0.0327,39.07,1.12,8.32,9.89,0.4092,0,0.3681,0.1439,0.23,1.17,None
2006-12-31,172835849,172835849,1,17222000000,None,10414000000,None,6808000000,0,0,0,0,995000000,131000000,131000000,0.75,0.75,0.33,195000000,878000000,-1110000000,-37000000,202000000,15000000,46.66,49.07,44.25,0.1456,0.0542,39.39,1.25,8.35,9.53,0.2486,0,0.3953,0.2044,0.27,1.04,None
2006-09-30,173247863,173247863,1,17671000000,None,11207000000,None,6464000000,0,0,0,0,967000000,115000000,115000000,0.67,0.66,0.335,181000000,-188000000,43000000,36000000,239000000,9000000,47.19,48.44,45.93,0.1583,0.0583,37.31,1.35,8.44,9.2,0.2323,0,0.3658,0.2172,0.27,0.99,None
2006-06-30,173224905,173224905,1,16936000000,None,10871000000,None,6065000000,0,0,0,0,981000000,132000000,132000000,0.77,0.76,0.335,-108000000,-443000000,548000000,-3000000,203000000,10000000,44.22,47.01,41.43,0.1615,0.0599,35.01,1.24,7.73,8.87,0.227,0,0.3581,0.2187,0.27,-0.68,None
2006-03-31,173275940,173275940,1,16763000000,None,10559000000,None,6204000000,0,0,0,0,1607000000,552000000,552000000,3.17,3.13,0.335,347000000,-461000000,201000000,87000000,206000000,18000000,43.81,45.56,42.07,0.1653,0.0624,35.8,1.25,12.89,8.53,0.2165,0,0.3701,0.2266,0.28,1.9,None
2005-12-31,174106280,174106280,1,16003000000,None,9917000000,None,6086000000,0,0,0,0,967000000,183000000,183000000,1.05,1.04,0.31,240000000,-149000000,-70000000,21000000,119000000,10000000,42.93,45.95,39.91,0.0993,0.0377,34.96,1.25,12.46,8.2,0.3512,0,0.3803,0.1598,0.24,1.32,None
2005-09-30,174709436,174709436,1,15984000000,None,9969000000,None,6015000000,0,0,0,0,944000000,117000000,117000000,0.67,0.66,0.305,233000000,-262000000,-45000000,-74000000,98000000,11000000,40.82,42.64,39,0.1003,0.0383,34.43,1.16,12.41,7.89,0.3338,0,0.3763,0.1635,0.23,1.27,None
2005-06-30,174792770,174792770,1,16024000000,None,9892000000,None,6132000000,0,0,0,0,940000000,158000000,158000000,0.9,0.89,0.305,182000000,-53000000,-74000000,55000000,172000000,13000000,40.75,43.12,38.38,0.0956,0.0367,35.08,1.19,12.47,7.58,0.3371,0,0.3827,0.1591,0.23,0.97,None
2005-03-31,175433843,175433843,1,15798000000,None,9791000000,None,6007000000,0,0,0,0,916000000,144000000,144000000,0.82,0.81,0.29,150000000,-307000000,-32000000,-189000000,117000000,10000000,42.38,43.92,40.84,0.0952,0.0368,34.24,1.19,12.95,7.28,0.3268,0,0.3802,0.159,0.23,0.8,None
2004-12-31,167249902,175612397,1.05,16107000000,None,9858000000,None,6249000000,0,0,0,0,942000000,193000000,193000000,1.14,1.14,0.28,47000000,-300000000,248000000,-5000000,306000000,6000000,40.05,43.52,36.57,0.0948,0.037,35.58,1.16,13.75,6.99,0.314,0,0.388,0.1616,0.23,0.23,None
2004-09-30,168048062,176450465,1.05,15806000000,None,9722000000,None,6084000000,0,0,0,0,879000000,90000000,90000000,0.54,0.53,0.275,344000000,-231000000,-87000000,26000000,311000000,22000000,39.58,41.7,37.46,0.0846,0.0332,34.48,1.15,13.24,6.72,0.3397,0,0.3849,0.1481,0.22,1.82,None
2004-06-30,168307665,176723048,1.05,15530000000,None,9427000000,None,6103000000,0,0,0,0,923000000,155000000,155000000,0.92,0.91,0.275,132000000,113000000,-122000000,123000000,285000000,1000000,39.84,41.78,37.9,0.088,0.0346,34.53,1.14,15.36,6.46,0.3193,0,0.393,0.1539,0.22,0.74,None
2004-03-31,160243937,176668940,1.1025,15738000000,None,9539000000,None,6199000000,0,0,0,0,870000000,146000000,146000000,0.91,0.9,0.275,300000000,-183000000,-46000000,71000000,162000000,4000000,39.31,41.61,37.02,0.077,0.0303,35.09,1.12,18.76,6.2,0.355,0,0.3939,0.1385,0.22,1.68,None
2003-12-31,160269974,176697646,1.1025,15509000000,None,9305000000,None,6204000000,0,0,0,0,839000000,129000000,129000000,0.81,0.8,0.25,120000000,-199000000,-50000000,-129000000,91000000,24000000,36.99,38.01,35.97,0.065,0.0254,35.11,1.13,21.93,5.95,0.429,0,0.4,0.1176,0.22,0.54,None
2003-09-30,160427727,176871569,1.1025,14958000000,None,9192000000,None,5766000000,0,0,0,0,837000000,104000000,104000000,0.64,0.64,0.25,272000000,-128000000,-27000000,117000000,220000000,3000000,35.52,37.84,33.2,0.0538,0.0209,32.6,1.07,23.73,5.72,0.5124,0,0.3855,0.0982,0.21,1.52,None
2003-06-30,160421516,176864721,1.1025,14930000000,None,9060000000,None,5870000000,0,0,0,0,798000000,84000000,84000000,0.53,0.52,0.25,205000000,-169000000,-61000000,-25000000,103000000,6000000,33.77,35.7,31.84,0.0486,0.0191,33.19,1.16,27.78,5.5,0.5623,0,0.3932,0.0909,0.21,1.13,None
2003-03-31,160729799,177204603,1.1025,13553000000,None,8394000000,None,5159000000,0,0,0,0,707000000,57000000,57000000,0.35,0.35,0.25,219000000,-146000000,-57000000,16000000,128000000,5000000,32.89,35.78,30,0.0392,0.0158,29.11,1.04,25.01,5.27,0.6672,0,0.3807,0.0768,0.21,1.21,None
2002-12-31,161075902,177586181,1.1025,14059000000,None,8461000000,None,5598000000,0,0,0,0,722000000,56000000,56000000,0.35,0.35,0.21,108000000,-189000000,67000000,-14000000,112000000,7000000,32.71,35.77,29.65,0.0402,0.0167,31.52,1.06,27.32,5.04,0.5996,0,0.3982,0.0837,0.2,0.57,None
2002-09-30,161490000,178042725,1.1025,13684000000,None,8167000000,None,5517000000,0,0,0,0,731000000,72000000,72000000,0.44,0.43,0.23,254000000,-147000000,-57000000,50000000,171000000,2000000,37.09,42.1,32.08,0.0361,0.0153,30.99,1.07,36.84,4.85,0.6414,0,0.4032,0.0784,0.2,1.42,None
2002-06-30,161975000,178577437,1.1025,14533000000,None,8363000000,None,6170000000,0,0,0,0,703000000,35000000,35000000,0.22,0.21,0.22,113000000,-34000000,-39000000,40000000,121000000,7000000,41.02,42.67,39.37,0.0296,0.0128,34.55,1.14,37.69,4.64,0.7519,0,0.4246,0.0675,0.19,0.59,None
2002-03-31,162262000,178893855,1.1025,14742000000,None,8331000000,None,6411000000,0,0,0,0,687000000,75000000,75000000,0.46,0.46,0.2225,192000000,-167000000,-37000000,-12000000,81000000,11000000,36.45,39.6,33.3,0.0321,0.014,35.84,1.08,34.06,4.44,0.6894,0,0.4349,0.0743,0.19,1.01,None
2001-12-31,161797960,178382250,1.1025,13959000000,None,7961000000,None,5998000000,0,0,0,0,653858000,35679000,35679000,0.22,0.22,0.19,41599000,-58424000,-27146000,-43971000,93000000,2622000,35.95,38.94,32.95,0.0329,0.0144,33.62,1.08,55.82,4.24,0.6858,0,0.4297,0.0754,0.19,0.22,None
2001-09-30,161527000,178083517,1.1025,13558917000,None,7633367000,None,5925550000,0,0,0,0,643870000,35740000,35740000,0.23,0.22,0.21,199115000,-58211000,-46573000,94331000,137225000,5087000,34.73,38.28,31.17,0.0198,0.0087,33.27,1.03,75.08,4.07,1.1113,0,0.437,0.0466,0.19,1.09,None
2001-06-30,161628000,178194870,1.1025,13557676000,None,7545335000,None,6012341000,0,0,0,0,645390000,48968000,48968000,0.3,0.3,0.21,105051000,-105703000,-23733000,-24385000,42894000,2769000,34.88,38.93,30.84,0.0149,0.0067,33.74,1.12,57.4,3.88,1.4625,0,0.4435,0.0351,0.19,0.57,None
2001-03-31,160714000,177187185,1.1025,12695248000,None,7163964000,None,5531284000,0,0,0,0,617882000,72613000,72613000,0.45,0.44,0.21,194235000,-136662000,-50548000,7025000,67279000,4522000,34.46,37.41,31.52,0.0204,0.0092,31.22,1.02,53.51,3.69,1.0954,0,0.4357,0.0469,0.2,1.07,None
2000-12-31,160940141,177436505,1.1025,13287091000,None,7292096000,None,5994995000,0,0,0,0,581127000,-41269000,-41269000,-0.25,-0.25,0.17,39537000,18458000,-21610000,36385000,60254000,16999000,33.25,36.34,30.16,0.0224,0.0102,33.79,1.07,29.56,3.5,1.0058,0,0.4512,0.0508,0.2,0.13,None
2000-09-30,160868000,177356970,1.1025,11789235000,None,6284897000,None,5504338000,0,0,0,0,599790000,5577000,5577000,0.04,0.02,0.19,106305000,-68796000,-50887000,-13378000,23869000,8841000,32.77,36.45,29.08,0.0401,0.0186,31.04,1.19,23.46,3.34,0.5608,0,0.4669,0.0913,0.2,0.55,None
2000-06-30,160967000,177466117,1.1025,10701468000,None,5832930000,None,4868538000,0,0,0,0,578807000,74694000,74694000,0.46,0.46,0.19,36565000,-53610000,-181000,-17226000,37247000,3023000,33.7,38.89,28.52,0.0513,0.024,27.43,1.24,23.37,3.17,0.4386,0,0.4549,0.1173,0.2,0.19,None
2000-03-31,160780000,177259950,1.1025,10563908000,None,5760800000,None,4803108000,0,0,0,0,571270000,79363000,79363000,0.49,0.48,0.19,174191000,-409275000,-49997000,-285081000,54473000,14861000,29.17,34.13,24.21,0.0518,0.0248,27.1,0.95,21.58,3,0.4104,0,0.4547,0.1247,0.2,0.9,None
1999-12-31,160951892,177449460,1.1025,11380214000,None,5958930000,None,5421284000,0,0,0,0,511942000,46945000,46945000,0.29,0.28,0.15,414771000,-43674000,-79262000,291835000,339554000,47319000,30.47,33.61,27.33,0.0476,0.0233,30.55,1.09,22.85,2.83,0.4247,0,0.4764,0.1197,0.19,2.07,None
1999-09-30,164113000,180934582,1.1025,10405485000,None,5363837000,None,5041648000,0,0,0,0,538301000,57046000,57046000,0.35,0.32,0.17,108941000,-95491000,-31983000,-18533000,47719000,30504000,35.83,38.32,33.33,0.0469,0.0233,27.86,1.18,27.82,2.69,0.4233,0,0.4845,0.1193,0.2,0.43,None
1999-06-30,165048000,181965420,1.1025,11063535000,None,5530023000,None,5533512000,0,0,0,0,541321000,86254000,86254000,0.52,0.51,0.17,31928000,-11827000,-14036000,6065000,66252000,-21403000,35.27,37.61,32.93,0.0465,0.0232,30.41,1.19,30.86,2.54,0.4188,0,0.5002,0.1186,0.2,0.29,None
1999-03-31,165112000,182035980,1.1025,10855205000,None,5448244000,None,5406961000,0,0,0,0,536659000,64477000,64477000,0.39,0.38,0.17,132163000,-54294000,-76293000,1576000,60187000,45721000,31.8,35.6,28.01,0.0419,0.0209,29.7,1.03,25.59,2.38,0.4646,0,0.4981,0.1067,0.2,0.47,None
1998-12-31,165906871,182912325,1.1025,11086503000,None,5465567000,None,5620936000,0,0,0,0,508392000,45624000,45624000,0.28,0.26,0.14,103900000,-104505000,-38593000,-39198000,58611000,34769000,32.48,36.28,28.69,0.0463,0.0232,30.73,1.22,22.47,2.23,0.4164,0,0.507,0.1176,0.2,0.38,None
1998-09-30,166968082,184082310,1.1025,9938969000,None,5046195000,None,4892774000,0,0,0,0,514766000,52915000,52915000,0.31,0.27,0.15,88149000,-99357000,-35310000,-46518000,97809000,3244000,31.69,35.49,27.89,0.0538,0.0269,26.58,1.11,19.67,2.1,0.3647,0,0.4923,0.1323,0.2,0.46,None
1998-06-30,167170440,184305410,1.1025,10484047000,None,5215964000,None,5268083000,0,0,0,0,518577000,58850000,58850000,0.35,0.35,0.16,-42176000,-6249000,116857000,68432000,144327000,3791000,37.17,41.12,33.22,0.061,0.0303,28.58,1.35,21.91,1.97,0.326,0,0.5025,0.1459,0.21,-0.25,None
1998-03-31,166753020,183845204,1.1025,10060723000,None,4995308000,None,5065415000,0,0,0,0,512554000,84178000,84178000,0.51,0.49,0.1533,123704000,-110549000,-17428000,-4273000,75895000,5946000,39.33,41.16,37.49,0.0701,0.0342,27.55,1.53,23.91,1.82,0.2947,0,0.5035,0.157,0.22,0.64,None
1997-12-31,55562285,183772257,3.3075,9493425000,None,4776460000,None,4716965000,0,0,0,0,482406080,72497996,72497996,1.45,None,0.37,91045708,-74359566,-14571780,2114362,80168000,5665249,33.96,42.55,25.37,0.0747,0.0356,25.67,1.49,22.07,1.68,0.2951,0,0.4969,0.1541,0.23,0.46,None
1997-09-30,54899262,181579309,3.3075,8640653265,None,4496391747,None,4144261518,0,0,0,0,492038405,76999717,76999717,1.36,None,0.41,131473503,-79481453,-37375203,14616847,78054123,3540056,24.53,25.32,23.74,0.0801,0.0372,22.82,1.19,17.79,1.57,0.3083,0,0.4796,0.151,0.25,0.7,None
1997-06-30,55098564,182238500,3.3075,7978994691,None,4237626113,None,3741368578,0,0,0,0,484202638,75830286,75830286,1.33,None,0.41,65547492,-679255,-31766575,33101662,63437276,4647502,22.65,24.94,20.36,0.0784,0.0356,20.53,1.21,17.92,1.45,0.3367,0,0.4689,0.138,0.26,0.33,None
1997-03-31,55327338,182995170,3.3075,7480482679,None,4046561074,None,3433921605,0,0,0,0,483736877,74047001,74047001,1.3,None,0.41,138890297,-128016726,-40471442,-29597871,30335614,2632193,20.59,22.15,19.02,0.0774,0.0346,18.77,1.19,17.37,1.32,0.3587,0,0.4591,0.1295,0.27,0.74,None
1996-12-31,55323481,182982413,3.3075,7045514000,None,3882625000,None,3162889000,0,0,0,0,459227482,62966857,62966857,1.1,None,0.39,35507445,-14740114,-16204424,4562907,59933000,6499526,18.05,19.71,16.4,0.0763,0.0338,17.29,1.14,16.11,1.2,0.368,0,0.4489,0.1237,0.27,0.16,None
1996-09-30,55704822,184243698,3.3075,6652223995,None,3732443385,None,2919780610,0,0,0,0,455681375,46948700,46948700,0.83,None,0.37,143778974,-74223453,-24302315,45253206,55370552,4923168,17.05,17.78,16.33,0.0753,0.033,15.85,1.12,14.44,1.08,0.3682,0,0.4389,0.1194,0.28,0.75,None
1996-06-30,55766615,184448079,3.3075,6405967599,None,3600580069,None,2805387530,0,0,0,0,442041695,54396061,54396061,0.95,None,0.37,41901445,-57317795,12320324,-3096026,10117346,4274421,18.27,19.2,17.35,0.0834,0.0363,15.21,1.19,15.47,0.97,0.3373,0,0.4379,0.1288,0.28,0.2,None
1996-03-31,55749977,184393048,3.3075,6412770886,None,3577105065,None,2835665821,0,0,0,0,451798448,59448382,59448382,1.04,None,0.35,87151136,-78469638,-15487585,-6806087,13213372,2857885,18.43,19.43,17.42,0.0882,0.038,15.38,1.28,15.31,0.86,0.3246,0,0.4422,0.1321,0.29,0.46,None
1995-12-31,53090056,184375128,3.472875,6109298000,None,3451327000,None,2657971000,0,0,0,0,419282853,50361921,50361921,0.93,None,0.32,89490957,-115112228,6763534,-18857737,20019000,3595409,17.41,19.22,15.59,0.0966,0.041,14.42,1.34,14.13,0.75,0.3079,0,0.4351,0.1373,0.3,0.47,None
1995-09-30,53027672,184158476,3.472875,5656653726,None,3263443006,None,2393210720,0,0,0,0,416657553,58602900,58602900,1.08,None,0.34,107215011,-93308825,-17784360,-3878174,38877201,1583266,15.48,16.19,14.76,0.1027,0.0429,13,1.26,13.54,0.66,0.3214,0,0.4231,0.1387,0.31,0.57,None
1995-06-30,53031628,184172215,3.472875,5367060457,None,3109665055,None,2257395402,0,0,0,0,405022795,55140580,55140580,1,None,0.34,78941202,-110325983,40980029,9595248,42755375,3292345,15.88,16.78,14.97,0.1023,0.0425,12.26,1.39,13.56,0.56,0.3291,0,0.4206,0.1347,0.32,0.41,None
1995-03-31,53003715,184075276,3.472875,5056616121,None,2955508242,None,2101107879,0,0,0,0,414687799,63244599,63244599,1.17,None,0.32,109731830,-121039964,-3786203,-15094337,33160127,2334980,14.76,15.59,13.93,0.1083,None,11.41,1.33,13.52,0.46,0.3143,0,0.4155,0.1396,0.32,0.58,None
1994-12-31,50465998,175262102,3.472875,4734279000,None,2794232000,None,1940047000,0,0,0,0,372256663,46095772,46095772,1.03,None,0.37,108152642,-95154515,-5448355,7549772,48254000,2993608,14.37,15.48,13.25,0.1034,None,11.07,1.32,None,0.37,0.3331,0,0.4098,0.133,0.32,0.6,None
1994-09-30,50388499,183742606,3.646519,4777419506,None,2782373349,None,1995046157,0,0,0,0,381726266,47551880,47551880,0.81,None,0.32,89374511,-64161593,-4918324,20294594,40703867,2439481,15.59,16.27,14.9,None,None,10.86,1.48,None,0.26,None,0,0.4176,None,None,0.47,None
1994-06-30,50363728,183652278,3.646519,4632224155,None,2692793957,None,1939430198,0,0,0,0,378820551,59082878,59082878,1.15,None,0.32,44935410,-58552245,4772791,-8844044,20409273,2732613,15.01,15.62,14.4,None,None,10.56,1.44,None,0.18,None,0,0.4187,None,None,0.23,None
1994-03-31,50342537,183575005,3.646519,4579588592,None,2669422110,None,1910166482,0,0,0,0,379702520,48499470,48499470,0.94,None,0.32,83357437,-99710647,-2507112,-18860322,29253317,3190298,15.77,16.77,14.76,None,None,10.41,1.49,None,0.09,None,0,0.4171,None,None,0.44,None
1993-12-31,50328235,183522852,3.646519,4602288000,None,2654950000,None,1947338000,0,0,0,0,None,None,None,None,None,0,None,None,None,None,48114000,0,15.93,17.03,14.83,None,None,10.61,None,None,0,None,0,0.4231,None,None,None,None
