"Quarter end","Shares","Shares split adjusted","Split factor","Assets","Current Assets","Liabilities","Current Liabilities","Shareholders equity","Non-controlling interest","Preferred equity","Goodwill & intangibles","Long-term debt","Revenue","Earnings","Earnings available for common stockholders","EPS basic","EPS diluted","Dividend per share","Cash from operating activities","Cash from investing activities","Cash from financing activities","Cash change during period","Cash at end of period","Capital expenditures","Price","Price high","Price low","ROE","ROA","Book value of equity per share","P/B ratio","P/E ratio","Cumulative dividends per share","Dividend payout ratio","Long-term debt to equity ratio","Equity to assets ratio","Net margin","Asset turnover","Free cash flow per share","Current ratio"
2019-06-30,288844120,288844120,1,48074000000,19557000000,35197000000,18014000000,12877000000,0,0,22119000000,8975000000,9555000000,806000000,806000000,2.8,2.77,1.02,291000000,-176000000,-67000000,29000000,702000000,181000000,176.66,193.11,160.21,0.267,0.0705,44.58,4.17,15.87,36.48,0.3421,0.697,0.2679,0.0865,0.82,0.38,1.0857
2019-03-31,288871990,288871990,1,47466000000,18867000000,35232000000,15382000000,12234000000,0,0,22186000000,11451000000,9261000000,745000000,745000000,2.59,2.56,1.02,-795000000,-187000000,697000000,-290000000,673000000,181000000,164.3,176.16,152.44,0.2702,0.0704,42.35,4.04,14.64,35.46,0.3384,0.936,0.2577,0.0868,0.81,-3.38,1.2266
2018-12-31,288235928,288235928,1,45408000000,18189000000,33676000000,14739000000,11732000000,0,0,22179000000,11699000000,10378000000,909000000,909000000,3.1,5.5,0.93,None,None,None,-47000000,963000000,243000000,175.8,207.72,143.87,0.2773,0.0757,40.7,4.08,22.45,34.44,0.3274,0.9972,0.2584,0.0924,0.82,None,1.2341
2018-09-30,296149755,296149755,1,46963000000,19958000000,34208000000,15689000000,12755000000,0,0,22153000000,11403000000,9094000000,851000000,851000000,2.88,2.85,0.93,None,None,None,-858000000,1010000000,168000000,195.51,206.38,184.65,0.2562,0.0739,43.07,4.83,26.07,33.51,0.3505,0.894,0.2716,0.0901,0.82,None,1.2721
2018-07-01,296281432,296281432,1,47152000000,19827000000,35158000000,16573000000,11994000000,0,0,22476000000,11397000000,9186000000,786000000,786000000,2.65,0.22,0.93,None,None,None,-2464000000,1862000000,175000000,206.98,229.74,184.21,0.2553,0.0774,40.48,5.22,21.27,32.58,0.3524,0.9502,0.2544,0.0916,0.84,None,1.1963
2018-04-01,297033427,297033427,1,37219000000,20464000000,25445000000,15242000000,11774000000,0,0,12657000000,3981000000,7535000000,799000000,799000000,2.7,2.65,0.93,-496000000,-105000000,1952000000,1349000000,4332000000,104000000,214.75,230,199.5,0.2579,0.0836,39.64,5.58,22.46,31.65,0.3487,0.3381,0.3163,0.0949,0.88,-2.02,1.3426
2017-12-31,296933621,296933621,1,35046000000,18328000000,23611000000,13099000000,11435000000,0,0,12616000000,3982000000,8277000000,636000000,636000000,2.14,2.11,0.84,None,None,None,301000000,2983000000,155000000,205.25,214.81,195.69,0.2616,0.085,38.51,5.3,20.48,30.72,0.3452,0.3482,0.3263,0.094,0.9,None,1.3992
2017-10-01,298582883,298582883,1,34914000000,18080000000,23350000000,13209000000,11564000000,0,0,12633000000,3979000000,7580000000,764000000,764000000,2.56,2.52,0.84,871000000,-389000000,395000000,866000000,2722000000,120000000,200.22,207.6,192.84,0.2789,0.0912,38.73,5.47,20.62,29.88,0.3139,0.3441,0.3312,0.0994,0.92,2.52,1.3688
2017-07-02,299461802,299461802,1,33793000000,17126000000,22841000000,13503000000,10952000000,0,0,12364000000,2989000000,7675000000,749000000,749000000,2.5,2.45,0.84,477000000,-110000000,-670000000,-312000000,1856000000,91000000,195.4,205.17,185.64,0.2731,0.0903,36.57,5.57,20.14,29.04,0.3159,0.2729,0.3241,0.0963,0.94,1.29,1.2683
2017-04-02,301685448,301685448,1,33211000000,16614000000,22628000000,13165000000,10583000000,0,0,12211000000,2988000000,7441000000,763000000,763000000,2.53,2.48,0.84,533000000,-85000000,-606000000,-166000000,2168000000,62000000,183.22,194,172.43,0.2736,0.092,35.08,5.05,19.25,28.2,0.3085,0.2823,0.3187,0.0966,0.95,1.56,1.262
2016-12-31,302742234,302742234,1,32872000000,15447000000,21896000000,12846000000,10976000000,0,0,12123000000,3888000000,8233000000,797000000,797000000,2.63,2.57,0.69,826000000,-144000000,-641000000,31000000,2334000000,148000000,164.43,180.09,148.76,0.2694,0.0916,36.26,4.42,17.59,27.36,0.3061,0.3542,0.3339,0.0942,0.97,2.24,1.2025
2016-10-02,304519550,304519550,1,32668000000,15297000000,21351000000,11893000000,11317000000,0,0,12296000000,3885000000,7731000000,683000000,683000000,2.25,2.21,0.76,499000000,-97000000,12000000,404000000,2303000000,110000000,146.84,156.97,136.71,0.2679,0.0912,37.16,4.08,15.59,26.67,0.3116,0.3433,0.3464,0.0945,0.97,1.28,1.2862
2016-07-03,305278868,305278868,1,31769000000,14386000000,20774000000,12135000000,10995000000,0,0,12305000000,2899000000,7665000000,758000000,758000000,2.49,2.44,0.76,434000000,-67000000,-347000000,-8000000,1899000000,69000000,138.36,147.16,129.55,0.2762,0.0926,36.02,4,14.96,25.91,0.3019,0.2637,0.3461,0.0953,0.97,1.2,1.1855
2016-04-03,305646967,305646967,1,31702000000,14188000000,21120000000,12423000000,10582000000,0,0,12354000000,2899000000,7724000000,717000000,717000000,2.33,2.3,0.76,439000000,-118000000,-1193000000,-878000000,1907000000,65000000,130.07,138.53,121.61,0.2738,0.091,34.62,3.77,14.31,25.15,0.2993,0.274,0.3338,0.0944,0.96,1.22,1.1421
2015-12-31,311161810,311161810,1,31997000000,14571000000,21259000000,12445000000,10738000000,0,0,12206000000,3399000000,7809000000,764000000,764000000,2.44,2.4,0.69,329000000,-218000000,-686000000,-587000000,2785000000,209000000,144.3,152.51,136.08,0.2679,0.0892,34.51,4.25,16.45,24.39,0.2976,0.3165,0.3356,0.0942,0.95,0.39,1.1708
2015-10-04,316128160,316128160,1,32980000000,15288000000,22246000000,13178000000,10734000000,0,0,12333000000,3413000000,7994000000,733000000,733000000,2.31,2.28,0.69,822000000,-133000000,-1334000000,-660000000,3372000000,170000000,142.89,153.76,132.02,0.2559,0.0851,33.95,4.09,16.71,23.7,0.3009,0.318,0.3255,0.0908,0.94,2.06,1.1601
2015-07-05,322727167,322727167,1,33654000000,15773000000,22378000000,12708000000,11276000000,0,0,12485000000,3413000000,7882000000,752000000,752000000,2.31,2.27,0.69,603000000,55000000,-1030000000,-380000000,4032000000,92000000,138.97,147.03,130.91,0.2406,0.0826,34.94,3.97,17.68,23.01,0.3004,0.3027,0.3351,0.0903,0.91,1.58,1.2412
2015-04-05,328732777,328732777,1,34385000000,16352000000,22865000000,13112000000,11520000000,0,0,12592000000,3411000000,7784000000,716000000,716000000,2.18,2.14,0.69,745000000,496000000,-1209000000,24000000,4412000000,98000000,136.94,142.55,131.33,0.2146,0.0762,35.04,3.84,18.43,22.32,0.3185,0.2961,0.335,0.0848,0.9,1.97,1.2471
2014-12-31,331704599,331704599,1,35355000000,17407000000,23526000000,13751000000,11829000000,0,0,12643000000,3911000000,8303000000,701000000,701000000,2.12,2.08,0.62,-70000000,-276000000,-381000000,-717000000,4388000000,184000000,130.43,146.13,114.73,0.1962,0.0727,35.66,3.32,19.32,21.63,0.3281,0.3306,0.3346,0.0821,0.89,-0.77,1.2659
2014-09-28,331389741,331389741,1,35311000000,18169000000,22301000000,14670000000,13010000000,0,0,12685000000,3911000000,7751000000,696000000,696000000,2.1,2.06,0.62,2504000000,-681000000,-561000000,1264000000,5105000000,175000000,122.1,130.17,114.04,0.1714,0.0667,39.26,3.11,18.7,21.01,0.3511,0.3006,0.3684,0.0759,0.88,7.03,1.2385
2014-06-29,334315950,334315950,1,34332000000,17183000000,21213000000,13222000000,13119000000,0,0,12910000000,3910000000,7474000000,541000000,541000000,1.61,1.58,0.62,866000000,-68000000,-1286000000,-455000000,3841000000,75000000,112.95,121.68,104.22,0.1693,0.0654,39.24,2.83,16.71,20.39,0.3544,0.298,0.3821,0.0743,0.88,2.37,1.2996
2014-03-30,342860725,342860725,1,34382000000,16964000000,20692000000,12623000000,13690000000,0,0,13130000000,3911000000,7324000000,595000000,595000000,1.74,1.71,0.62,428000000,-77000000,-1347000000,-1005000000,4296000000,87000000,103.71,113.57,93.85,0.1812,0.068,39.93,2.45,15.55,19.77,0.3349,0.2857,0.3982,0.0765,0.89,0.99,1.3439
2013-12-31,342250398,342250398,1,35448000000,17886000000,20947000000,12194000000,14501000000,0,0,13194000000,3909000000,8107000000,495000000,495000000,1.42,1.4,0.56,1556000000,-151000000,-165000000,1236000000,5301000000,169000000,89.69,95.76,83.61,0.1869,0.0672,42.37,2.51,None,19.15,0.332,0.2696,0.4091,0.0755,0.89,4.05,1.4668
2013-09-29,352198231,352198231,1,35471000000,17118000000,22866000000,12065000000,12605000000,0,0,13256000000,3936000000,7796000000,651000000,651000000,1.86,1.84,0.56,467000000,-52000000,-105000000,308000000,4065000000,103000000,83.67,89.94,77.4,-0.0226,-0.0077,35.79,2.49,None,18.59,None,0.3123,0.3554,None,0.9,1.03,1.4188
2013-06-30,349867839,349867839,1,34731000000,16538000000,22975000000,11841000000,11756000000,0,0,13179000000,3908000000,7911000000,640000000,640000000,1.82,1.81,0.56,579000000,-88000000,-479000000,12000000,3757000000,139000000,72.43,79.48,65.37,-0.026,-0.0092,33.6,2.21,None,18.03,None,0.3324,0.3385,None,0.9,1.26,1.3967
2013-03-31,353186716,353186716,1,34609000000,16350000000,23027000000,11769000000,11582000000,0,0,13244000000,3910000000,7404000000,571000000,571000000,1.62,1.62,0.56,504000000,-76000000,24000000,449000000,3745000000,29000000,68.24,72.01,64.47,-0.0255,-0.0093,32.79,2.12,None,17.47,None,0.3376,0.3347,None,0.9,1.34,1.3892
2012-12-31,353442904,353442904,1,34309000000,15744000000,22919000000,11620000000,11390000000,0,0,13431000000,3909000000,8078000000,-2130000000,-2130000000,-6.07,-6.07,0.51,780000000,12000000,-370000000,422000000,3296000000,328000000,66.15,70.59,61.7,-0.025,-0.0095,32.23,1.64,9.86,16.91,None,0.3432,0.332,None,0.9,1.28,1.3549
2012-09-30,353069806,353069806,1,35503000000,15593000000,21231000000,12193000000,14272000000,0,0,15720000000,3925000000,7934000000,600000000,600000000,1.71,1.7,0.51,None,None,None,334000000,2874000000,220000000,64.19,67.29,61.09,0.1746,0.0682,40.42,1.66,9.43,16.4,0.2964,0.275,0.402,0.0737,0.92,None,1.2788
2012-07-01,352778253,352778253,1,35203000000,15527000000,21541000000,12179000000,13662000000,0,0,15500000000,3933000000,7922000000,634000000,634000000,1.79,1.77,0.51,None,None,None,-92000000,2540000000,172000000,68.04,74.54,61.54,0.1805,0.0707,38.73,1.77,10.01,15.89,0.2849,0.2879,0.3881,0.0755,0.94,None,1.2749
2012-04-01,360606640,360606640,1,35309000000,15510000000,21455000000,10953000000,13854000000,0,0,15542000000,3908000000,7579000000,564000000,564000000,1.58,1.57,0.51,414000000,-264000000,-166000000,-17000000,2632000000,180000000,70.46,74.15,66.76,0.181,0.0722,38.42,1.9,10.26,15.38,0.2787,0.2821,0.3924,0.0762,0.95,0.65,1.4161
2011-12-31,356821649,356821649,1,34883000000,15368000000,21651000000,11145000000,13232000000,0,0,15389000000,3930000000,9147000000,603000000,603000000,1.7,1.67,0.47,2026000000,-517000000,-375000000,1109000000,2649000000,185000000,61.04,67.36,54.72,0.1849,0.075,37.08,1.6,8.53,14.87,0.2692,0.297,0.3793,0.0773,0.97,5.16,1.3789
2011-10-02,356112755,356112755,1,33408000000,14040000000,19789000000,10482000000,13619000000,0,0,15498000000,4129000000,7853000000,652000000,652000000,1.81,1.8,0.47,None,None,None,-617000000,1540000000,121000000,64.88,75.81,53.95,0.1938,0.0801,38.24,1.69,9.19,14.4,0.2662,0.3032,0.4077,0.0825,0.97,None,1.3394
2011-07-03,361764830,361764830,1,33361000000,14673000000,19436000000,11493000000,13925000000,0,0,14833000000,3181000000,7879000000,653000000,653000000,1.77,1.76,0.47,749000000,-113000000,-963000000,-327000000,2157000000,91000000,72.56,75.93,69.2,0.1938,0.0812,38.49,1.95,10.41,13.93,0.2631,0.2284,0.4174,0.0821,0.99,1.82,1.2767
2011-04-03,372000435,372000435,1,33104000000,14795000000,19227000000,11252000000,13877000000,0,0,14666000000,3203000000,7798000000,618000000,618000000,1.66,1.64,0.47,327000000,-138000000,-318000000,-129000000,2484000000,61000000,73.86,78.27,69.45,0.1973,0.0827,37.3,2.07,10.77,13.46,0.2598,0.2308,0.4192,0.0813,1.02,0.72,1.3149
2010-12-31,372704788,372704788,1,32545000000,14186000000,19229000000,11177000000,13316000000,0,0,14641000000,3203000000,8601000000,729000000,729000000,1.94,1.96,0.52,None,None,None,770000000,2613000000,151000000,66.47,71.44,61.51,0.1999,0.0833,35.73,1.85,10.27,12.99,0.2364,0.2405,0.4092,0.0808,1.03,None,1.2692
2010-10-03,377743896,377743896,1,31483000000,13390000000,17901000000,10311000000,13582000000,0,0,14555000000,3204000000,8011000000,650000000,650000000,1.71,1.7,0.42,879000000,185000000,-1074000000,-10000000,1843000000,96000000,60.03,64.6,55.46,0.1944,0.0806,35.96,1.78,9.62,12.47,0.2284,0.2359,0.4314,0.079,1.02,2.07,1.2986
2010-07-04,380374362,380374362,1,30872000000,13166000000,18033000000,9795000000,12839000000,0,0,14334000000,3862000000,8104000000,648000000,648000000,1.69,1.67,0.42,477000000,-164000000,-485000000,-172000000,1853000000,63000000,68.34,79,57.68,0.1954,0.0792,33.75,2.06,11.08,12.05,0.2307,0.3008,0.4159,0.0772,1.03,1.09,1.3442
2010-04-04,385728673,385728673,1,31059000000,13353000000,18280000000,9937000000,12779000000,0,0,14320000000,3159000000,7750000000,597000000,597000000,1.55,1.53,0.28,207000000,-282000000,-163000000,-238000000,2025000000,60000000,71.96,78.62,65.3,0.2004,0.0795,33.13,2.23,11.66,11.63,0.228,0.2472,0.4114,0.0763,1.04,0.38,1.3438
2009-12-31,385725209,385725209,1,31077000000,13249000000,18654000000,10371000000,12423000000,0,0,14367000000,3159000000,7898000000,614000000,614000000,1.6,1.57,0.38,1495000000,-471000000,-170000000,854000000,2263000000,91000000,66.52,70.84,62.19,0.2109,0.0812,32.21,2.19,10.8,11.35,0.2447,0.2543,0.3997,0.0749,1.08,3.64,1.2775
2009-10-04,385801290,385801290,1,29775000000,12228000000,18057000000,9827000000,11718000000,0,0,14256000000,3159000000,7719000000,572000000,572000000,1.48,1.47,0.38,591000000,-634000000,-162000000,-205000000,1409000000,81000000,57.58,65.32,49.85,0.2223,0.083,30.37,2.02,9.17,10.97,0.2401,0.2696,0.3936,0.0749,1.11,1.32,1.2443
2009-07-05,385090596,385090596,1,28858000000,12298000000,17857000000,9260000000,11001000000,0,0,13305000000,3860000000,8100000000,618000000,618000000,1.6,1.6,0.38,606000000,-2000000,-116000000,488000000,1614000000,89000000,51.71,61.12,42.3,0.2259,0.088,28.57,1.94,8.23,10.59,0.2299,0.3509,0.3812,0.0783,1.12,1.34,1.3281
2009-04-05,385018267,385018267,1,28279000000,11830000000,18008000000,10080000000,10271000000,0,0,13135000000,3112000000,8264000000,590000000,590000000,1.53,1.53,0.38,148000000,-285000000,-358000000,-495000000,1126000000,81000000,48.37,61.46,35.28,0.2219,0.0911,26.68,1.86,7.84,10.21,0.2248,0.303,0.3632,0.0811,1.12,0.17,1.1736
2008-12-31,386068301,386068301,1,28373000000,11950000000,18320000000,10360000000,10053000000,0,0,13030000000,3113000000,7852000000,612000000,612000000,1.57,1.56,0.35,796000000,-3052000000,1260000000,-996000000,1621000000,176000000,61.33,74.85,47.81,0.2131,0.0926,26.04,1.97,10.17,9.83,0.2237,0.3097,0.3543,0.0839,1.1,1.61,1.1535
2008-09-28,389848193,389848193,1,26046000000,12259000000,13912000000,8553000000,12134000000,0,0,10058000000,2117000000,7140000000,634000000,634000000,1.6,1.59,0.35,863000000,-314000000,-672000000,-123000000,2617000000,114000000,83.77,94.41,73.12,0.2027,0.0937,31.12,2.73,14.49,9.48,0.2191,0.1745,0.4659,0.0838,1.12,1.92,1.4333
2008-06-29,397260758,397260758,1,26089000000,12448000000,13905000000,8706000000,12184000000,0,0,9906000000,2117000000,7303000000,641000000,641000000,1.61,1.6,0.35,1021000000,-172000000,-714000000,135000000,2740000000,115000000,88.8,95.13,82.47,0.2005,0.0922,30.67,3.01,16.32,9.13,0.2189,0.1738,0.467,0.0816,1.13,2.28,1.4298
2008-03-30,398490987,398490987,1,25707000000,12190000000,13930000000,9056000000,11777000000,0,0,9933000000,2117000000,7005000000,572000000,572000000,1.43,1.42,0.35,430000000,-124000000,-592000000,-286000000,2605000000,85000000,81.94,89.88,74.01,0.1961,0.0895,29.55,2.8,16.13,8.78,0.2219,0.1798,0.4581,0.0791,1.13,0.87,1.3461
2007-12-31,402225356,402225356,1,25733000000,12298000000,13965000000,9164000000,11768000000,0,0,9914000000,2118000000,7515000000,579000000,579000000,1.43,1.42,0.29,1067000000,-162000000,-47000000,858000000,2891000000,180000000,88.48,94.55,82.41,0.1911,0.0866,29.26,3.26,18.99,8.43,0.2261,0.18,0.4573,0.0761,1.14,2.21,1.342
2007-09-30,402367552,402367552,1,23883000000,10887000000,12973000000,8337000000,10910000000,0,0,9948000000,2140000000,6834000000,546000000,546000000,1.35,1.34,0.29,939000000,-311000000,-389000000,239000000,2033000000,128000000,78.16,85.7,70.61,0.1835,0.0823,27.11,2.99,17.76,8.14,0.2341,0.1962,0.4568,0.0725,1.13,2.02,1.3059
2007-07-01,405707840,405707840,1,23407000000,10551000000,12785000000,8138000000,10622000000,0,0,9931000000,2283000000,6591000000,513000000,513000000,1.27,1.26,0.29,406000000,-38000000,-66000000,302000000,1794000000,113000000,79.21,82.41,76.01,0.1793,0.0796,26.18,3.18,16.85,7.85,0.235,0.2149,0.4538,0.0705,1.13,0.72,1.2965
2007-04-01,404829171,404829171,1,22732000000,9958000000,12657000000,7669000000,10075000000,0,0,9868000000,2782000000,6300000000,434000000,434000000,1.07,1.06,0.29,513000000,-341000000,-284000000,-112000000,1492000000,53000000,77.44,81.28,73.59,0.1993,0.0867,24.89,3.2,16.98,7.56,0.207,0.2761,0.4432,0.0773,1.12,1.14,1.2985
2006-12-31,405728088,405728088,1,22376000000,9880000000,12549000000,7824000000,9827000000,0,0,9725000000,2774000000,6490000000,408000000,408000000,1,1,0.23,801000000,72000000,-232000000,641000000,1604000000,123000000,73.64,77.98,69.29,0.2015,0.0864,24.22,3.15,16.13,7.27,0.2004,0.2823,0.4392,0.0771,1.12,1.67,1.2628
2006-10-01,404644310,404644310,1,21577000000,9014000000,12105000000,7526000000,9472000000,0,0,9809000000,2778000000,6069000000,438000000,438000000,1.09,1.08,0.23,534000000,-396000000,-574000000,-436000000,963000000,94000000,68.71,72.92,64.5,0.2109,0.0891,23.41,3.05,15.6,7.04,0.1935,0.2933,0.439,0.0792,1.13,1.09,1.1977
2006-07-02,403407109,403407109,1,21732000000,9253000000,12651000000,8126000000,9081000000,0,0,9754000000,2778000000,5934000000,636000000,636000000,1.58,1.56,0.23,328000000,-1779000000,251000000,-1200000000,1399000000,63000000,65.66,69.62,61.69,0.2127,0.0891,22.51,3.13,17.75,6.81,0.1934,0.3059,0.4179,0.0788,1.13,0.66,1.1387
2006-04-02,403680790,403680790,1,20289000000,9834000000,11822000000,7388000000,8467000000,0,0,7698000000,2778000000,5570000000,374000000,374000000,0.93,0.92,0.23,465000000,-213000000,16000000,268000000,2599000000,54000000,61.31,65.95,56.68,0.1864,0.0783,20.97,3.01,16.98,6.58,0.2227,0.3281,0.4173,0.0682,1.15,1.02,1.3311
2005-12-31,200144251,400288502,2,19591000000,9173000000,11446000000,6907000000,8145000000,0,0,7585000000,2781000000,5831000000,406000000,406000000,2.02,2.01,0.4,900000000,-109000000,-214000000,577000000,2331000000,112000000,58.12,61.14,55.09,0.188,0.0788,20.35,2.94,16.92,6.35,0.2198,0.3414,0.4158,0.0688,1.15,1.97,1.3281
2005-10-02,201302713,402605426,2,18750000000,8386000000,10777000000,6331000000,7973000000,0,0,7600000000,2790000000,5380000000,374000000,374000000,1.86,1.84,0.4,599000000,-233000000,-50000000,316000000,1754000000,72000000,57.02,60.39,53.66,0.1846,0.0771,19.8,3.03,17.2,6.15,0.2251,0.3499,0.4252,0.0685,1.13,1.31,1.3246
2005-07-03,201019710,402039420,2,17937000000,7869000000,10361000000,5941000000,7576000000,0,0,7338000000,2791000000,5214000000,345000000,345000000,1.72,1.71,0.4,199000000,-136000000,-136000000,-73000000,1438000000,54000000,53.41,56.45,50.36,0.1851,0.0759,18.84,2.89,16.66,5.95,0.2276,0.3684,0.4224,0.068,1.12,0.36,1.3245
2005-04-03,200375466,400750932,2,17905000000,7720000000,10509000000,5583000000,7396000000,0,0,7390000000,3290000000,4819000000,336000000,336000000,1.68,1.66,0.4,358000000,297000000,-120000000,535000000,1511000000,41000000,51.89,54.98,48.8,0.1861,0.0746,18.46,2.89,17.04,5.75,0.229,0.4448,0.4131,0.0673,1.11,0.79,1.3828
2004-12-31,200129860,400259720,2,17544000000,7287000000,10355000000,5374000000,7189000000,0,0,7405000000,3291000000,4903000000,336000000,336000000,1.67,1.66,0.36,803000000,-105000000,-408000000,290000000,976000000,88000000,51.56,54.99,48.13,0.1842,0.0721,17.96,3.05,17.72,5.55,0.2345,0.4578,0.4098,0.064,1.13,1.79,1.356
2004-10-03,200287628,400575256,2,17165000000,6868000000,10388000000,5597000000,6777000000,0,0,7495000000,3296000000,4754000000,322000000,322000000,1.61,1.6,0.36,309000000,-540000000,-184000000,-415000000,686000000,60000000,49.2,51.6,46.81,0.1844,0.0701,16.92,3.05,17.76,5.37,0.2386,0.4864,0.3948,0.0612,1.15,0.62,1.2271
2004-07-04,199920335,399840670,2,16730000000,6869000000,10272000000,5444000000,6458000000,0,0,7135000000,3297000000,4761000000,300000000,300000000,1.51,1.49,0.36,361000000,-70000000,-60000000,231000000,1100000000,65000000,47.76,50.39,45.13,0.1836,0.0678,16.15,3.06,18.13,5.19,0.2435,0.5105,0.386,0.0591,1.15,0.74,1.2618
2004-04-04,199053358,398106716,2,16668000000,6772000000,10451000000,5723000000,6217000000,0,0,7163000000,3297000000,4760000000,269000000,269000000,1.36,1.34,0.36,329000000,-68000000,-252000000,9000000,869000000,53000000,45.49,48.5,42.48,0.1819,0.0671,15.62,3.04,18.05,5.01,0.2485,0.5303,0.373,0.0586,1.15,0.69,1.1833
2003-12-31,198200263,396400526,2,16183000000,6394000000,10262000000,5616000000,5921000000,0,0,7113000000,3296000000,4834000000,279000000,279000000,1.41,1.39,0.32,897000000,-140000000,-594000000,163000000,860000000,109000000,42.19,45.4,38.97,0.1824,0.0672,14.94,2.99,19.09,4.83,0.252,0.5567,0.3659,0.0604,1.11,1.99,1.1385
2003-09-28,197736891,395473782,2,15880000000,6324000000,10294000000,5581000000,5586000000,0,0,6898000000,3310000000,4427000000,262000000,262000000,1.33,1.32,0.32,368000000,-1904000000,1422000000,-114000000,697000000,48000000,39.91,43.73,36.1,0.1656,0.0638,14.12,2.91,18.06,4.67,0.2819,0.5926,0.3518,0.0562,1.13,0.81,1.1331
2003-06-29,197219751,394439502,2,13993000000,6155000000,8586000000,4563000000,5407000000,0,0,5203000000,2720000000,3935000000,242000000,242000000,1.23,1.22,0.32,257000000,-76000000,-118000000,63000000,811000000,36000000,32.43,38.76,26.1,0.1705,0.0689,13.71,2.51,14.45,4.51,0.2766,0.5031,0.3864,0.061,1.13,0.56,1.3489
2003-03-30,197366567,394733134,2,13703000000,6001000000,8595000000,6580000000,5108000000,0,0,5056000000,720000000,3421000000,221000000,221000000,1.11,1.11,0.32,201000000,-1112000000,1331000000,420000000,748000000,31000000,32.95,40.9,25,0.1781,0.0737,12.94,2.5,14.61,4.35,0.2675,0.141,0.3728,0.0643,1.15,0.43,0.912
2002-12-31,196967084,393934168,2,11731000000,5098000000,6532000000,4582000000,5199000000,0,0,4070000000,718000000,3908000000,157000000,157000000,0.77,0.77,0.3,533000000,-17000000,-653000000,-137000000,328000000,118000000,39.87,42.7,37.04,0.1829,0.0781,13.2,3.13,16.11,4.19,0.2622,0.1381,0.4432,0.0663,1.18,1.05,1.1126
2002-09-29,200933489,401866978,2,12090000000,5491000000,6969000000,4958000000,5121000000,0,0,4076000000,728000000,3289000000,268000000,268000000,1.33,1.32,0.3,254000000,-102000000,-60000000,92000000,468000000,46000000,45.52,54.4,36.63,0.2076,0.0869,12.74,3.69,19.13,4.04,0.2363,0.1422,0.4236,0.0749,1.16,0.52,1.1075
2002-06-30,201993929,403987858,2,11829000000,5344000000,6840000000,4877000000,4989000000,0,0,4008000000,725000000,3511000000,263000000,263000000,1.3,1.29,0.3,424000000,-266000000,-159000000,-1000000,376000000,56000000,50.55,55.59,45.51,0.2072,0.0856,12.35,4.3,22.03,3.89,0.2417,0.1453,0.4218,0.0736,1.16,0.91,1.0958
2002-03-31,201699846,403399692,2,11315000000,5162000000,6574000000,4610000000,4741000000,0,0,3736000000,724000000,3121000000,229000000,229000000,1.14,1.13,0.3,-86000000,-15000000,36000000,-65000000,377000000,44000000,42.95,48.4,37.5,0.2081,0.0868,11.75,3.82,18.47,3.74,0.2465,0.1527,0.419,0.0739,1.17,-0.32,1.1197
2001-12-31,201285731,402571462,2,11069000000,4893000000,6541000000,4579000000,4528000000,0,0,3758000000,724000000,3508000000,246000000,246000000,1.22,1.21,0.28,440000000,-121000000,-456000000,-137000000,442000000,119000000,42.9,48,37.8,0.2195,0.093,11.25,3.91,18.9,3.59,0.2391,0.1599,0.4091,0.0775,1.2,0.8,1.0686
2001-09-30,201785369,403570738,2,11015000000,5034000000,6585000000,4443000000,4430000000,0,0,3601000000,739000000,3020000000,230000000,230000000,1.14,1.13,0.28,294000000,-871000000,993000000,416000000,579000000,127000000,40.99,45.1,36.88,0.2224,0.0978,10.98,3.92,16.8,3.45,0.2415,0.1668,0.4022,0.0807,1.21,0.41,1.133
2001-07-01,201376039,402752078,2,9560000000,4436000000,5346000000,3992000000,4214000000,0,0,2925000000,219000000,2962000000,227000000,227000000,1.13,1.12,0.28,290000000,-414000000,7000000,-117000000,163000000,57000000,36.8,42.14,31.47,0.2509,0.113,10.46,3.69,15.43,3.31,0.221,0.052,0.4408,0.0905,1.25,0.58,1.1112
2001-04-01,200948888,401897776,2,8918000000,4046000000,4908000000,3612000000,4010000000,0,0,2771000000,225000000,2673000000,240000000,240000000,1.2,1.19,0.28,79000000,-340000000,364000000,103000000,280000000,53000000,34.67,39.09,30.25,0.26,0.1155,9.98,3.64,15.44,3.17,0.2213,0.0561,0.4497,0.0913,1.27,0.06,1.1202
2000-12-31,200368867,400737734,2,7987000000,3551000000,4167000000,2901000000,3820000000,0,0,2531000000,162000000,2691000000,219000000,219000000,1.1,1.1,0.26,376000000,-77000000,-489000000,-190000000,177000000,69000000,34.44,39.5,29.38,0.2578,0.1115,9.53,3.84,16.32,3.03,0.2305,0.0424,0.4783,0.087,1.28,0.77,1.2241
2000-10-01,199243840,398487680,2,8231000000,3791000000,4654000000,3383000000,3577000000,0,0,2540000000,171000000,2502000000,294000000,294000000,1.48,1.47,0.26,246000000,-39000000,-115000000,92000000,367000000,41000000,29.2,32.47,25.94,0.3024,0.1256,8.98,3.5,15.96,2.9,0.1983,0.0478,0.4346,0.0865,1.45,0.51,1.1206
2000-07-02,198444072,396888144,2,8007000000,3625000000,4692000000,3518000000,3315000000,0,0,2487000000,170000000,2617000000,204000000,204000000,1.02,1.01,0.26,447000000,-125000000,-283000000,39000000,275000000,99000000,27.3,30.59,24,0.281,0.1126,8.35,3.35,15.78,2.77,0.2186,0.0513,0.414,0.079,1.42,0.88,1.0304
2000-04-02,200658744,401317488,2,8101000000,3779000000,4831000000,3693000000,3270000000,0,0,2503000000,170000000,2546000000,184000000,184000000,0.92,0.91,0.26,2000000,-88000000,52000000,-34000000,236000000,79000000,23.45,28.78,18.13,0.2654,0.1106,8.15,2.98,10.15,2.64,0.2194,0.052,0.4037,0.0789,1.4,-0.19,1.0233
1999-12-31,201281676,402563352,2,7774000000,3491000000,4603000000,3453000000,3171000000,0,0,2513000000,169000000,3988000000,326000000,326000000,0.84,0.83,0.22,546000000,-37000000,-353000000,156000000,270000000,80000000,27.3,31.5,23.09,0.3126,0.1359,7.88,3.63,12.05,2.51,0.1747,0.0533,0.4079,0.0982,1.38,1.16,1.011
1999-10-03,200973331,401946662,2,8031000000,3744000000,5004000000,3638000000,3027000000,0,0,2623000000,164000000,2215000000,184000000,184000000,0.92,0.91,0.24,159000000,-1108000000,720000000,-229000000,69000000,48000000,32.53,35.47,29.59,0.2522,0.1145,7.53,3.22,14.92,2.4,0.2076,0.0542,0.3769,0.101,1.13,0.28,1.0291
1999-07-04,127613202,255226404,2,4991000000,2260000000,2416000000,1380000000,2575000000,0,0,1527000000,169000000,1379000000,105000000,105000000,0.82,0.81,0.24,242000000,-44000000,-71000000,127000000,260000000,41000000,34.59,37.72,31.47,0.2382,0.119,10.09,3.54,16.2,2.28,0.2046,0.0656,0.5159,0.1038,1.15,0.79,1.6377
1999-04-04,127544577,255089154,2,5106000000,2414000000,2617000000,1574000000,2489000000,0,0,1528000000,162000000,1377000000,265000000,265000000,2.09,2.07,0.24,69000000,-34000000,-29000000,6000000,133000000,28000000,29.48,32.47,26.5,0.2461,0.1221,9.76,3.38,20.69,2.16,0.2044,0.0651,0.4875,0.1053,1.16,0.16,1.5337
1998-12-31,127400863,254801726,2,4572000000,1873000000,2353000000,1461000000,2219000000,0,0,1525000000,167000000,1466000000,96000000,96000000,0.76,0.74,0.2,225000000,-116000000,-93000000,16000000,127000000,70000000,27.81,31,24.63,0.1735,0.0858,8.71,3.32,20.08,2.04,0.2995,0.0753,0.4853,0.0732,1.17,0.61,1.282
1998-09-27,126718344,253436688,2,4153000000,1623000000,2033000000,1210000000,2120000000,0,0,1251000000,149000000,1172000000,94000000,94000000,0.74,0.74,0.22,92000000,-65000000,-54000000,-27000000,111000000,23000000,24.47,27.5,21.44,0.1736,0.0852,8.37,3,18.26,1.94,0.3099,0.0703,0.5105,0.0762,1.12,0.27,1.3413
1998-06-28,126573474,253146948,2,4096000000,1597000000,2032000000,1144000000,2064000000,0,0,1210000000,160000000,1178000000,92000000,92000000,0.73,0.72,0.22,37000000,-7000000,-136000000,-106000000,138000000,20000000,22.16,24.19,20.13,0.1733,0.0857,8.15,2.82,17.05,1.83,0.3147,0.0775,0.5039,0.0767,1.12,0.07,1.396
1998-03-29,126380243,252760486,2,4145000000,1644000000,2157000000,1252000000,1988000000,0,0,1217000000,157000000,1154000000,82000000,82000000,0.65,0.65,0.22,16000000,-81000000,-27000000,-92000000,244000000,45000000,21.88,22.88,20.89,0.1732,0.0865,7.87,2.89,17.4,1.72,0.3199,0.079,0.4796,0.0765,1.13,-0.11,1.3131
1997-12-31,126236874,252473748,2,4091000000,1689000000,2176000000,1291000000,1915000000,0,0,1204000000,157000000,1101000000,83000000,83000000,0.66,None,0.2,622000000,-680000000,192000000,134000000,336000000,33000000,20.6,22.22,18.98,0.173,0.0877,7.58,2.79,17.1,1.61,0.324,0.082,0.4681,0.0778,1.13,2.33,1.3083
1997-09-28,62879061,251516244,4,3492000000,1888000000,1636000000,887000000,1856000000,0,0,475000000,40000000,988000000,82000000,82000000,1.3,None,0.41,-121000000,145000000,-27000000,-3000000,202000000,13000000,20.69,22.88,18.5,0.1706,0.0889,7.38,2.9,18.03,1.51,0.4196,0.0216,0.5315,0.0786,1.13,-0.53,2.1285
1997-06-29,62840627,251362508,4,3391000000,1674000000,1599000000,879000000,1792000000,0,0,480000000,40000000,1032000000,80000000,80000000,1.28,None,0.41,44000000,140000000,-44000000,140000000,205000000,27000000,17.63,19.47,15.78,None,None,7.13,2.53,16.14,1.41,0.4401,0.0223,0.5285,0.0775,None,0.07,1.9044
1997-03-30,62444820,249779280,4,3444000000,1540000000,1700000000,917000000,1744000000,0,0,481000000,40000000,941000000,71000000,71000000,1.13,None,0.41,12000000,-413000000,-50000000,-451000000,65000000,10000000,17.23,18.06,16.41,None,None,6.98,2.55,16.14,1.31,0.4611,0.0229,0.5064,0.0761,None,0.01,1.6794
1996-12-31,63267990,253071960,4,3299000000,1858000000,1585000000,833000000,1714000000,0,0,0,38000000,896000000,70000000,70000000,1.11,None,0.79,None,None,None,None,516000000,0,17.79,18.88,16.69,None,None,6.77,None,15.61,1.2,0.4642,0.0222,0.5196,0.0754,None,None,2.2305
1996-09-29,63000000,252000000,4,None,1858000000,None,833000000,None,0,0,0,0,862000000,68000000,68000000,1.07,1.07,0.41,None,None,None,None,None,0,15.89,17.41,14.38,None,None,None,None,12.89,1.01,0.345,None,None,0.0805,None,None,2.2305
1996-06-30,63028555,252114220,4,3258000000,1741000000,1617000000,863000000,1641000000,0,0,0,38000000,930000000,67000000,67000000,1.06,None,0.41,623000000,-666000000,-31000000,-74000000,131000000,29000000,15.28,16.31,14.25,0.1978,0.0975,6.51,2.41,11.82,0.9,0.3124,0.0232,0.5037,0.0906,1.08,2.36,2.0174
1996-03-31,63155674,252622696,4,3222000000,2099000000,1621000000,869000000,1601000000,0,0,0,38000000,893000000,65000000,65000000,1.03,None,0.375,77000000,-63000000,-24000000,-10000000,205000000,10000000,15.07,15.72,14.41,0.2152,0.1069,6.34,2.43,11.84,0.8,0.2912,0.0237,0.4969,0.1017,1.05,0.27,2.4154
1995-12-31,63180206,252720824,4,3164000000,2013000000,1597000000,859000000,1567000000,0,0,0,38000000,893000000,88000000,88000000,1.4,None,0.38,105000000,-3000000,-30000000,72000000,215000000,10000000,14.29,15.75,12.84,0.221,0.1103,6.2,2.43,12.4,0.71,0.2906,0.0243,0.4953,0.1047,1.05,0.38,2.3434
1995-10-01,62979722,251918888,4,3117000000,1970000000,1637000000,858000000,1480000000,0,0,0,38000000,718000000,91000000,91000000,1.44,None,0.375,96000000,-298000000,-26000000,-228000000,143000000,8000000,12.53,14.03,11.03,0.2094,0.1044,5.87,2.24,12.47,0.61,0.3138,0.0257,0.4748,0.1004,1.04,0.35,2.296
1995-07-02,62968113,251872452,4,2700000000,1874000000,1289000000,546000000,1411000000,0,0,0,38000000,703000000,82000000,82000000,1.3,None,0.375,-143000000,11000000,-28000000,-160000000,371000000,9000000,11.35,12.06,10.63,0.1894,0.095,5.6,2.11,11.82,0.52,0.3576,0.0269,0.5226,0.0878,1.08,-0.6,3.4322
1995-04-02,62957742,251830968,4,2663000000,1842000000,1310000000,588000000,1353000000,0,0,0,39000000,753000000,60000000,60000000,0.95,None,0.35,172000000,-2000000,-21000000,149000000,531000000,5000000,11.23,11.88,10.59,0.1869,None,5.37,2.15,11.98,0.42,0.3674,0.0288,0.5081,0.0807,1.13,0.66,3.1327
1994-12-31,62996594,251986376,4,2673000000,1797000000,1357000000,626000000,1316000000,0,0,0,39000000,724000000,58000000,58000000,0.92,None,0.35,358000000,5000000,-26000000,337000000,382000000,8000000,10.42,11.28,9.56,0.1878,None,5.22,2.15,None,0.34,0.3623,0.0296,0.4923,0.0778,1.15,1.39,2.8706
1994-10-02,66066148,264264592,4,2654000000,1787000000,1371000000,652000000,1283000000,0,0,0,40000000,714000000,54000000,54000000,0.85,None,0.35,-55000000,-5000000,-24000000,-84000000,45000000,5000000,10.58,11.66,9.5,None,None,4.85,2.14,None,0.25,None,0.0312,0.4834,None,None,-0.23,2.7408
1994-07-03,63080147,252320588,4,2713000000,1788000000,1463000000,733000000,1250000000,0,0,0,40000000,820000000,71000000,71000000,1.12,None,0.35,-119000000,205000000,-48000000,38000000,129000000,4000000,10.5,11.25,9.75,None,None,4.95,2.18,None,0.16,None,0.032,0.4607,None,None,-0.49,2.4393
1994-04-03,63224826,252899304,4,2630000000,1716000000,1410000000,754000000,1220000000,0,0,0,41000000,800000000,55000000,55000000,0.86,None,0.3,-45000000,48000000,-6000000,-3000000,91000000,6000000,11.11,11.91,10.3,None,None,4.82,2.39,None,0.07,None,0.0336,0.4639,None,None,-0.2,2.2759
1993-12-31,63340390,253361560,4,2635000000,1654000000,1458000000,775000000,1177000000,0,0,0,38000000,None,None,None,None,None,0,None,None,None,None,94000000,0,11.74,12.39,11.09,None,None,4.65,None,None,0,None,0.0323,0.4467,None,None,None,2.1342
