"Quarter end","Shares","Shares split adjusted","Split factor","Assets","Current Assets","Liabilities","Current Liabilities","Shareholders equity","Non-controlling interest","Preferred equity","Goodwill & intangibles","Long-term debt","Revenue","Earnings","Earnings available for common stockholders","EPS basic","EPS diluted","Dividend per share","Cash from operating activities","Cash from investing activities","Cash from financing activities","Cash change during period","Cash at end of period","Capital expenditures","Price","Price high","Price low","ROE","ROA","Book value of equity per share","P/B ratio","P/E ratio","Cumulative dividends per share","Dividend payout ratio","Long-term debt to equity ratio","Equity to assets ratio","Net margin","Asset turnover","Free cash flow per share","Current ratio"
2019-03-31,304887983,304887983,1,80449000000,None,58547000000,None,19037000000,2865000000,0,682000000,11229000000,3757000000,394000000,394000000,1.27,1.27,0.0625,81000000,300000000,-449000000,-66000000,339000000,223000000,46.55,48.94,44.17,0.0391,0.0093,62.44,0.78,23.63,5.28,0.1046,0.5899,0.2366,0.0517,0.18,-0.47,None
2018-12-31,311299326,311299326,1,78316000000,2050000000,56930000000,109000000,18518000000,2868000000,0,739000000,11359000000,3287000000,-165000000,-165000000,-0.52,-0.52,0.06,827000000,-727000000,-260000000,-166000000,405000000,261000000,46.56,51.07,42.06,0.034,0.008,59.49,0.77,11.88,5.22,0.1227,0.6134,0.2365,0.0452,0.18,1.82,18.8073
2018-09-30,314190649,314190649,1,78725000000,None,56839000000,None,18952000000,2934000000,0,657000000,11311000000,3608000000,278000000,278000000,0.88,0.88,0.0625,1244000000,520000000,-1647000000,118000000,571000000,143000000,50.17,52.35,48,0.0678,0.016,60.32,0.84,14.33,5.16,0.0617,0.5968,0.2407,0.0894,0.18,3.5,None
2018-06-30,315982102,315982102,1,80732000000,None,58874000000,None,18911000000,2947000000,0,658000000,11290000000,3590000000,230000000,230000000,0.72,0.72,0.0625,1638000000,-1293000000,-337000000,2000000,453000000,250000000,50.31,53.04,47.59,0.0614,0.0145,59.85,0.87,14.5,5.09,0.0693,0.597,0.2342,0.0815,0.18,4.39,None
2018-03-31,319322226,319322226,1,80786000000,None,56938000000,None,18532000000,5316000000,0,661000000,11255000000,3581000000,293000000,293000000,0.89,0.89,0.0625,513000000,56000000,-591000000,-21000000,451000000,228000000,49.56,53.59,45.52,0.0615,0.0146,58.04,0.85,14.37,5.03,0.0704,0.6073,0.2294,0.0829,0.18,0.89,None
2017-12-31,328825271,328825271,1,79586000000,2755000000,55020000000,182000000,19204000000,5362000000,0,740000000,11253000000,3555000000,481000000,481000000,1.43,1.43,0.06,780000000,-568000000,-156000000,56000000,472000000,221000000,49.33,51.02,47.64,0.0616,0.0148,58.4,0.87,17.19,4.97,0.0712,0.586,0.2413,0.0847,0.17,1.7,15.1374
2017-09-30,336631152,336631152,1,79527000000,None,55166000000,None,19021000000,5340000000,0,648000000,11239000000,3521000000,157000000,157000000,0.46,0.46,0.0625,579000000,-533000000,9000000,59000000,416000000,260000000,47.3,49.58,45.01,0.0523,0.0125,56.5,0.85,13.99,4.91,0.0856,0.5909,0.2392,0.072,0.17,0.95,None
2017-06-30,336601242,336601242,1,79101000000,None,54995000000,None,18816000000,5290000000,0,647000000,11094000000,3359000000,231000000,231000000,0.69,0.69,0.0625,1232000000,-1827000000,536000000,-55000000,357000000,198000000,47,48.39,45.62,0.062,0.0147,55.9,0.86,18.8,4.85,0.0729,0.5896,0.2379,0.086,0.17,3.07,None
2017-03-31,336702111,336702111,1,77114000000,None,53380000000,None,18488000000,5246000000,0,346000000,10534000000,3300000000,295000000,295000000,0.88,0.87,0.0625,-1000000,273000000,-188000000,85000000,412000000,209000000,46.56,47.88,45.25,0.0465,0.0109,54.91,0.86,24.12,4.78,0.0984,0.5698,0.2397,0.064,0.17,-0.62,None
2016-12-31,336632474,336632474,1,76594000000,None,53233000000,None,18163000000,5198000000,0,346000000,10668000000,3338000000,290000000,290000000,0.85,0.85,0.06,537000000,-341000000,-208000000,-17000000,327000000,81000000,44.33,48.05,40.61,0.0362,0.0084,53.95,0.82,86.92,4.72,0.1277,0.5873,0.2371,0.0499,0.17,1.35,None
2016-09-30,336959362,336959362,1,78508000000,None,55102000000,None,18270000000,5136000000,0,347000000,10737000000,3287000000,327000000,327000000,0.97,0.97,0.0625,945000000,-729000000,-218000000,-4000000,344000000,287000000,40.87,42.07,39.67,0.0091,0.0021,54.22,0.77,1021.75,4.66,0.5132,0.5877,0.2327,0.0124,0.17,1.95,None
2016-06-30,337106639,337106639,1,79183000000,None,56152000000,None,17945000000,5086000000,0,348000000,10735000000,3307000000,-65000000,-65000000,-0.19,-0.19,0.0625,622000000,-960000000,383000000,40000000,348000000,470000000,39.17,41.09,37.25,0.001,0.0002,53.23,0.74,56.77,4.6,4.708,0.5982,0.2266,0.0014,0.17,0.45,None
2016-03-31,339016271,339016271,1,77224000000,None,54099000000,None,17833000000,5292000000,0,350000000,10584000000,3173000000,102000000,102000000,0.3,0.3,0.0625,149000000,-157000000,-123000000,-132000000,308000000,72000000,36.73,39.62,33.84,0.0138,0.0033,52.6,0.71,54.01,4.54,0.3414,0.5935,0.2309,0.0193,0.17,0.23,None
2015-12-31,338998280,338998280,1,76029000000,None,53219000000,None,17561000000,5249000000,0,351000000,9543000000,3333000000,-201000000,-201000000,-0.57,-0.57,0.06,1352000000,-348000000,-887000000,112000000,440000000,108000000,36.64,38.88,34.4,0.0139,0.0034,51.8,0.69,20.24,4.47,0.34,0.5434,0.231,0.0194,0.17,3.67,None
2015-09-30,354342618,354342618,1,77532000000,None,53379000000,None,18744000000,5409000000,0,352000000,9492000000,3169000000,182000000,182000000,0.5,0.5,0.0625,1108000000,-553000000,-472000000,79000000,328000000,220000000,37.21,39.21,35.21,0.0351,0.0086,52.9,0.71,20.01,4.41,0.1352,0.5064,0.2418,0.0494,0.17,2.51,None
2015-06-30,363081509,363081509,1,78015000000,None,53683000000,None,18982000000,5350000000,0,373000000,9791000000,3435000000,170000000,170000000,0.46,0.46,0.0625,1045000000,-1128000000,57000000,-22000000,249000000,774000000,40.37,42.59,38.14,0.036,0.0089,52.28,0.78,23.75,4.35,0.1319,0.5158,0.2433,0.05,0.18,0.75,None
2015-03-31,371377009,371377009,1,78623000000,None,53993000000,None,19308000000,5322000000,0,371000000,9863000000,3478000000,109000000,109000000,0.29,0.29,0.0625,42000000,94000000,-223000000,-93000000,271000000,453000000,40.39,42.78,38.01,0.0328,0.0081,51.99,0.78,25.89,4.29,0.1448,0.5108,0.2456,0.0456,0.18,-1.11,None
2014-12-31,373176361,373176361,1,78367000000,None,53717000000,None,19280000000,5370000000,0,374000000,10333000000,3466000000,208000000,208000000,0.56,0.56,0.06,894000000,-505000000,-657000000,-273000000,364000000,1158000000,41.41,43.77,39.04,0.0301,0.0074,51.66,0.79,84.51,4.23,0.1586,0.5359,0.246,0.0413,0.18,-0.71,None
2014-09-30,374144134,374144134,1,78529000000,None,53413000000,None,19657000000,5459000000,0,353000000,10051000000,3523000000,208000000,208000000,0.55,0.55,0.0625,904000000,194000000,-744000000,349000000,637000000,473000000,43.08,44.59,41.57,0.0094,0.0023,52.54,0.83,64.3,4.17,0.5114,0.5113,0.2503,0.0125,0.18,1.15,None
2014-06-30,381108162,381108162,1,82894000000,None,57539000000,None,19857000000,5498000000,0,355000000,9828000000,3593000000,116000000,116000000,0.3,0.3,0.0625,769000000,-522000000,-274000000,-23000000,277000000,375000000,43.86,45.43,42.29,0.0132,0.0032,52.1,0.86,41.38,4.1,0.3684,0.4949,0.2395,0.0173,0.18,1.03,None
2014-03-31,386499603,386499603,1,81803000000,None,56686000000,None,19688000000,5429000000,0,354000000,10456000000,3743000000,59000000,59000000,0.15,0.15,0.0625,423000000,-637000000,233000000,6000000,301000000,747000000,45.39,48.15,42.63,0.0212,0.0051,50.94,0.9,29.67,4.04,0.2325,0.5311,0.2407,0.0274,0.19,-0.84,None
2013-12-31,387403380,387403380,1,79939000000,None,55033000000,None,19458000000,5448000000,0,357000000,10006000000,3890000000,-198000000,-198000000,-0.51,-0.51,0.06,768000000,-1433000000,703000000,38000000,295000000,383000000,47.77,49.43,46.1,0.0307,0.0074,50.23,0.96,24.37,3.98,0.1613,0.5142,0.2434,0.0395,0.19,0.99,None
2013-09-30,387161457,387161457,1,79510000000,None,54689000000,None,19355000000,5466000000,0,991000000,9705000000,3704000000,282000000,282000000,0.73,0.73,0.0625,826000000,-572000000,-166000000,91000000,257000000,281000000,45.98,47.94,44.03,0.0393,0.0095,49.99,0.93,27.37,3.92,0.1264,0.5014,0.2434,0.0512,0.19,1.41,None
2013-06-30,387316565,387316565,1,80046000000,None,55404000000,None,19151000000,5491000000,0,989000000,10039000000,3725000000,269000000,269000000,0.69,0.69,0.0625,-105000000,-660000000,751000000,-13000000,166000000,529000000,44.84,47.1,42.59,0.0337,0.0082,49.45,0.9,39.68,3.86,0.1473,0.5242,0.2392,0.0441,0.19,-1.64,None
2013-03-31,388965441,388965441,1,80614000000,None,55896000000,None,19467000000,5251000000,0,993000000,9418000000,3734000000,242000000,242000000,0.62,0.62,0.0625,608000000,-633000000,-17000000,-49000000,179000000,597000000,42.92,44.78,41.06,0.0226,0.0056,50.05,0.86,30.01,3.79,0.2193,0.4838,0.2415,0.0305,0.18,0.03,None
2012-12-31,391885833,391885833,1,80021000000,None,55345000000,None,19459000000,5217000000,0,996000000,9191000000,3705000000,-32000000,-32000000,-0.08,-0.08,0.06,752000000,-1193000000,499000000,59000000,228000000,970000000,41.47,43.36,39.57,0.029,0.0072,49.65,0.82,18.94,3.73,0.1719,0.4723,0.2432,0.039,0.19,-0.56,None
2012-09-30,393601749,393601749,1,79554000000,None,54692000000,None,19839000000,5023000000,0,939000000,8848000000,3715000000,177000000,177000000,0.45,0.45,0.0625,996000000,-744000000,-222000000,30000000,169000000,483000000,40.95,42.86,39.04,0.0447,0.0112,50.4,0.83,19.14,3.67,0.1128,0.446,0.2494,0.0606,0.19,1.3,None
2012-06-30,395596576,395596576,1,77328000000,None,53087000000,None,19505000000,4736000000,0,908000000,9048000000,3388000000,56000000,56000000,0.14,0.14,0.0625,778000000,-645000000,-95000000,38000000,136000000,352000000,39.97,41.8,38.14,0.0445,0.0111,49.31,0.82,15.26,3.61,0.115,0.4639,0.2522,0.0607,0.18,1.08,None
2012-03-31,396836271,396836271,1,77240000000,None,53119000000,None,19428000000,4693000000,0,908000000,8954000000,3744000000,367000000,367000000,0.93,0.92,0.0625,328000000,-513000000,154000000,-30000000,99000000,197000000,38.59,40.16,37.02,0.0551,0.0138,48.96,0.81,14.73,3.55,0.094,0.4609,0.2515,0.0739,0.19,0.33,None
2011-12-31,396793726,396793726,1,75375000000,None,52102000000,None,18835000000,4438000000,0,908000000,8913000000,3479000000,268000000,268000000,0.67,0.68,0.06,1941000000,-1550000000,-391000000,0,129000000,161000000,37.28,41.66,32.9,0.0564,0.014,47.47,0.78,12.22,3.48,0.0934,0.4732,0.2499,0.0753,0.19,4.49,None
2011-09-30,396566700,396566700,1,76305000000,None,52740000000,None,18974000000,4591000000,0,856000000,8026000000,3438000000,162000000,162000000,0.41,0.4,0.0625,1108000000,-726000000,-399000000,-20000000,128000000,183000000,38.22,42.64,33.79,0.0673,0.0166,47.85,0.81,13.95,3.42,0.0796,0.423,0.2487,0.0879,0.19,2.33,None
2011-06-30,404098555,404098555,1,76069000000,None,52586000000,None,18953000000,4530000000,0,856000000,9163000000,3542000000,252000000,252000000,0.62,0.62,0.0625,-213000000,1189000000,-951000000,25000000,148000000,141000000,42.23,44.46,39.99,0.0606,0.0149,46.9,0.92,14.12,3.36,0.0895,0.4835,0.2492,0.0777,0.19,-0.88,None
2011-03-31,408821504,408821504,1,75967000000,None,52522000000,None,18686000000,4759000000,0,856000000,9296000000,3668000000,382000000,382000000,0.92,0.92,0.0625,1129000000,-816000000,-312000000,3000000,123000000,150000000,42.19,45.31,39.06,0.0674,0.0164,45.71,0.95,13.79,3.3,0.082,0.4975,0.246,0.0858,0.19,2.39,None
2010-12-31,413706490,413706490,1,76277000000,None,53171000000,None,18450000000,4656000000,0,856000000,8830000000,3715000000,466000000,466000000,1.11,1.11,0.06,-942000000,1090000000,-161000000,-13000000,120000000,247000000,38.78,40.34,37.23,0.0705,0.0169,44.6,0.86,13.37,3.24,0.0801,0.4786,0.2419,0.0881,0.19,-2.87,None
2010-09-30,416215016,416215016,1,76821000000,None,53322000000,None,18859000000,4640000000,0,856000000,8829000000,3701000000,36000000,36000000,0.09,0.09,0.0625,95000000,-274000000,218000000,39000000,132000000,788000000,35.75,38.55,32.95,0.0685,0.0162,45.31,0.82,9.19,3.18,0.0846,0.4682,0.2455,0.0832,0.2,-1.67,None
2010-06-30,418252199,418252199,1,75059000000,None,52332000000,None,18205000000,4522000000,0,856000000,8809000000,3486000000,366000000,366000000,0.88,0.87,0.0625,506000000,259000000,-809000000,-44000000,91000000,-330000000,34.84,39.47,30.22,0.0951,0.0221,43.53,0.83,9.17,3.11,0.0631,0.4839,0.2425,0.1123,0.2,2,None
2010-03-31,418496799,418496799,1,75855000000,None,53862000000,None,17546000000,4447000000,0,856000000,9549000000,3713000000,420000000,420000000,0.99,0.99,0.0625,294000000,-411000000,64000000,-55000000,135000000,212000000,36.33,38.41,34.24,0.0981,0.022,41.93,0.91,27.52,3.05,0.0646,0.5442,0.2313,0.1102,0.2,0.2,None
2009-12-31,422433635,422433635,1,74070000000,None,52985000000,None,16899000000,4186000000,0,856000000,9475000000,3822000000,403000000,403000000,0.94,0.95,0.06,1827000000,-2176000000,381000000,34000000,190000000,274000000,34.81,36.84,32.77,0.0362,0.0078,40,0.88,None,2.99,0.1888,0.5607,0.2281,0.04,0.19,3.68,None
2009-09-30,429631666,429631666,1,75112000000,None,53926000000,None,17026000000,4160000000,0,856000000,8695000000,3738000000,468000000,468000000,1.08,1.08,0.0625,1112000000,-1032000000,-63000000,20000000,156000000,790000000,30.38,35.49,25.27,-0.0545,-0.0111,39.63,0.88,None,2.93,None,0.5107,0.2267,None,0.17,0.75,None
2009-06-30,433026621,433026621,1,71630000000,None,52868000000,None,15016000000,3746000000,0,856000000,8647000000,3534000000,340000000,340000000,0.79,0.78,0.0625,514000000,-547000000,24000000,-2000000,136000000,813000000,25.33,29.17,21.49,-0.0979,-0.0197,34.68,0.82,4.57,2.87,None,0.5759,0.2096,None,0.16,-0.69,None
2009-03-31,435185470,435185470,1,69667000000,None,52771000000,None,13371000000,3525000000,0,875000000,8402000000,3023000000,-647000000,-647000000,-1.49,-1.49,0.0625,1138000000,-1108000000,-21000000,7000000,138000000,567000000,24,30.6,17.4,0.2113,0.0433,30.72,0.8,2.97,2.8,0.0346,0.6284,0.1919,0.2658,0.16,1.31,None
2008-12-31,435136670,435136670,1,69857000000,None,52735000000,None,13126000000,3996000000,0,875000000,8187000000,1812000000,-958000000,-958000000,-2.2,-2.2,0.06,1994000000,-2268000000,176000000,-105000000,131000000,1044000000,29.28,39.17,19.39,0.2746,0.0586,30.17,0.81,2.66,2.74,0.0263,0.6237,0.1879,0.326,0.18,2.18,None
2008-09-30,436091267,436091267,1,73417000000,None,53508000000,None,15741000000,4168000000,0,1358000000,7401000000,2970000000,-137000000,-137000000,-0.31,-0.31,0.0625,-1454000000,1494000000,24000000,59000000,236000000,1102000000,42.16,49.32,35,0.3361,0.0752,36.1,1.1,3.49,2.68,0.0211,0.4702,0.2144,0.3568,0.21,-5.86,None
2008-06-30,436267871,436267871,1,74782000000,None,53747000000,None,16781000000,4254000000,0,1357000000,7137000000,3922000000,4859000000,4859000000,9.56,9.54,0.0625,1344000000,-1210000000,-173000000,-39000000,177000000,918000000,45.7,51.51,39.89,0.3603,0.081,38.46,1.4,13.06,2.62,0.0202,0.4253,0.2244,0.3537,0.23,0.98,None
2008-03-31,529714354,529714354,1,76892000000,None,55847000000,None,17257000000,3788000000,0,1354000000,7093000000,4543000000,555000000,555000000,1.05,1.05,0.0625,1487000000,-1230000000,-200000000,56000000,216000000,846000000,44.49,51.33,37.65,0.1074,0.0239,32.58,1.34,12.19,2.56,0.0707,0.411,0.2244,0.1019,0.23,1.21,None
2007-12-31,529694652,529694652,1,76079000000,None,54590000000,None,17591000000,3898000000,0,1353000000,6900000000,4429700000,383600000,383600000,0.74,0.73,0.06,1296800000,-1273100000,-2800000,20900000,160000000,877300000,47.64,51.1,44.18,0.1135,0.0251,33.21,1.46,11.82,2.49,0.0674,0.3922,0.2312,0.1064,0.24,0.79,None
2007-09-30,529600391,529600391,1,78964900000,None,58033300000,None,17279300000,3652300000,0,1346500000,7068000000,4653300000,410000000,410000000,0.77,0.77,0.0625,2049400000,-3765100000,1711000000,-4700000,134100000,650900000,47.62,52.88,42.35,0.1286,0.028,32.63,1.49,11.34,2.43,0.0608,0.409,0.2188,0.1159,0.24,2.64,None
2007-06-30,535189548,535189548,1,79537500000,None,58864100000,None,17139500000,3533900000,0,297400000,4957400000,4637300000,511700000,511700000,0.95,0.95,0.0625,2331000000,-2175000000,-168900000,-12900000,138800000,408400000,49.47,53.46,45.47,0.1374,0.0296,32.03,1.57,12.07,2.37,0.0586,0.2892,0.2155,0.1225,0.24,3.59,None
2007-03-31,537027337,537027337,1,76739600000,None,56416600000,None,16917500000,3405500000,0,297400000,5128100000,4659700000,650700000,650700000,1.2,1.2,0.0625,-6200000,398200000,-414300000,-22300000,151700000,323400000,43.27,46.32,40.21,0.1415,0.0299,31.5,1.43,11.55,2.31,0.0599,0.3031,0.2205,0.1229,0.24,-0.61,None
2006-12-31,543461657,543461657,1,76880900000,None,57482800000,None,16501800000,2896300000,0,298900000,5567800000,4882000000,609400000,609400000,1.1,1.11,0.06,31100000,536900000,-587300000,-19300000,174000000,306400000,39.7,41.92,37.49,0.1382,0.0281,30.36,1.36,14.49,2.25,0.0623,0.3374,0.2146,0.1158,0.24,-0.51,None
2006-09-30,550542767,550542767,1,75778500000,None,57161700000,None,16082500000,2534300000,0,298900000,5372200000,4507200000,517200000,517200000,0.94,0.94,0.0625,93000000,-1764200000,1691200000,20000000,193300000,210100000,36.82,38.79,34.85,0.1075,0.021,29.21,1.43,16.61,2.19,0.0818,0.334,0.2122,0.0888,0.24,-0.21,None
2006-06-30,550712607,550712607,1,71710000000,None,55439500000,None,14143800000,2126700000,0,297200000,4587300000,4277300000,474900000,474900000,0.86,0.85,0.0625,931700000,-1307000000,402700000,27400000,173300000,194700000,35.02,36.79,33.24,0.0927,0.0172,25.68,1.46,17.14,2.12,0.0953,0.3243,0.1972,0.0738,0.23,1.34,None
2006-03-31,185396869,556190607,3,71331400000,None,55973800000,None,13310500000,2047100000,0,298400000,4599900000,4244500000,473400000,473400000,2.55,2.54,0.15,658900000,-102400000,-592600000,-36100000,145900000,199400000,32.5,34.26,30.75,0.0875,0.0157,23.93,1.38,18.86,2.06,0.0977,0.3456,0.1866,0.069,0.23,0.83,None
2005-12-31,185883659,557650977,3,70675600000,None,55524600000,None,13092100000,2058900000,0,297400000,4608600000,4108000000,56500000,56500000,0.31,None,0.15,1569200000,-1918600000,314300000,-35100000,182000000,91000000,31.04,32.9,29.17,0.0754,0.0131,23.48,1.35,12.83,2.01,0.1161,0.352,0.1852,0.06,0.22,2.65,None
2005-09-30,185746595,557239785,3,74636000000,None,60044700000,None,12823000000,1768300000,0,296500000,5167100000,4137900000,232500000,232500000,1.25,1.25,0.15,442000000,-506300000,-59100000,-123400000,203000000,98900000,28.45,31.32,25.57,0.108,0.0182,23.01,1.23,11.82,1.96,0.0825,0.403,0.1718,0.0846,0.22,0.62,None
2005-06-30,185695995,557087985,3,74184900000,None,59532700000,None,12901800000,1750400000,0,284400000,5139600000,4030700000,378100000,378100000,2.04,2.03,0.15,1413400000,641700000,-1914800000,140300000,326400000,143500000,24.87,26.76,22.98,0.1103,0.0183,23.16,1.14,10.41,1.91,0.083,0.3984,0.1739,0.086,0.21,2.28,None
2005-03-31,185642349,556927047,3,74121300000,None,60291300000,None,12154700000,1675300000,0,284400000,4875300000,3741200000,293200000,293200000,1.58,None,0.15,-57500000,8700000,15000000,-33800000,186100000,59400000,23.61,24.87,22.35,0.1146,0.0183,21.82,1.08,12.56,1.86,0.0837,0.4011,0.164,0.0859,0.21,-0.21,None
2004-12-31,185621599,556864797,3,73634900000,None,59799100000,None,12156000000,1679800000,0,294100000,5980200000,4057400000,446700000,446700000,2.4,None,0.15,478100000,-1780100000,1382800000,80800000,219900000,48600000,21.09,23.67,18.51,0.0922,0.0142,21.83,1.02,12.55,1.81,0.1063,0.492,0.1651,0.0686,0.21,0.77,None
2004-09-30,185499300,556497900,3,71456000000,None,58357900000,None,11451500000,1646600000,0,295000000,4776600000,3785400000,224200000,224200000,1.21,None,0.15,1205700000,-1428500000,171200000,-51600000,139100000,56600000,18.91,20.05,17.78,0.0842,0.0125,20.58,0.99,None,1.76,0.1193,0.4171,0.1603,0.0601,0.21,2.06,None
2004-06-30,185489600,556468800,3,71951700000,None,59663400000,None,10681200000,1607100000,0,298300000,5579300000,3914500000,366700000,366700000,1.98,None,0.15,1185600000,-545900000,-582300000,57400000,190700000,50700000,19.46,20.45,18.48,-0.0647,-0.0092,19.19,0.97,None,1.71,None,0.5223,0.1484,None,0.21,2.04,None
2004-03-31,185488800,556466400,3,77555800000,None,64769300000,None,11121800000,1664700000,0,307500000,6105400000,3491200000,9200000,9200000,0.05,None,0.15,-48300000,-222800000,223600000,-47500000,133300000,58400000,18.71,21.07,16.36,-0.0782,-0.0114,19.99,0.94,None,1.66,None,0.549,0.1434,None,0.21,-0.19,None
2003-12-31,185447050,556341150,3,77880900000,None,65155000000,None,11054300000,1671600000,0,311400000,5820200000,4321500000,332600000,332600000,1.8,None,0.15,477900000,-635900000,106900000,-51100000,180800000,75600000,14.71,16.49,12.93,-0.064,-0.0096,19.87,0.78,None,1.61,None,0.5265,0.1419,None,0.22,0.72,None
2003-09-30,185447050,556341150,3,77793600000,None,65600100000,None,10483300000,1710200000,0,442900000,6075200000,3940000000,-1409700000,-1409700000,-7.6,None,0.15,1731300000,-1621600000,-64000000,45700000,233400000,-22000000,14.88,16.39,13.37,-0.0788,-0.0121,18.84,0.68,11.39,1.56,None,0.5795,0.1348,None,0.22,3.15,None
2003-06-30,185447050,556341150,3,75700000000,None,61511400000,None,12232400000,1956200000,0,446700000,6076400000,4250300000,189800000,189800000,1.02,None,0.15,760700000,-1018200000,231700000,-25800000,187700000,109300000,14.54,16.34,12.75,0.0615,0.0096,21.99,0.7,11.63,1.51,0.1569,0.4967,0.1616,0.0436,0.22,1.17,None
2003-03-31,185447050,556341150,3,72296200000,None,58818700000,None,11575300000,1902200000,0,171000000,5528700000,3949200000,161400000,161400000,0.87,None,0.15,-186100000,404100000,-189900000,28100000,213500000,177000000,14.6,15.97,13.22,0.0609,0.0092,20.81,0.72,10.66,1.46,0.1638,0.4776,0.1601,0.0408,0.23,-0.65,None
2002-12-31,185441200,556323600,3,70519600000,None,57389100000,None,11235200000,1895300000,0,177800000,5651900000,3982900000,161900000,161900000,0.97,None,0.15,389900000,-170600000,-342700000,-123400000,185400000,262600000,13.86,15.21,12.5,0.0706,0.0103,20.2,0.69,10.12,1.41,0.1451,0.5031,0.1593,0.0441,0.23,0.23,None
2002-09-30,185441200,556323600,3,75509300000,None,62511000000,None,11107000000,1891300000,0,202300000,5914900000,4077500000,196000000,196000000,1.06,None,0.15,606300000,-337600000,-142000000,126700000,308800000,126600000,15.76,17.96,13.56,0.0758,0.0105,19.96,0.82,12.12,1.36,0.1414,0.5325,0.1471,0.0427,0.25,0.86,None
2002-06-30,186103400,558310200,3,77583700000,None,64953300000,None,10755300000,1875100000,0,262800000,5929500000,4648600000,160500000,160500000,0.85,None,0.15,927800000,-599300000,-275600000,52900000,182100000,87100000,19.05,20.77,17.33,0.0754,0.0101,19.26,1.02,None,1.31,0.1482,0.5513,0.1386,0.0395,0.26,1.51,None
2002-03-31,189032500,567097500,3,76163400000,None,63633800000,None,10577700000,1951900000,0,307200000,5924400000,4786400000,252900000,252900000,1.23,None,0.15,-134800000,-825000000,907700000,-52100000,129200000,9900000,19.34,20.7,17.98,-0.0816,-0.0107,18.65,1.15,None,1.26,None,0.5601,0.1389,None,0.25,-0.26,None
2001-12-31,191135800,573407400,3,75251100000,None,63628400000,None,9649300000,1973400000,0,323800000,5920300000,5153800000,188100000,188100000,0.97,None,0.15,168000000,-549600000,404400000,22800000,181300000,164100000,17.09,19.33,14.85,-0.0577,-0.0079,16.83,1.01,None,1.21,None,0.6135,0.1282,None,0.26,0.01,None
2001-09-30,191493300,574479900,3,75597400000,None,63866500000,None,9710000000,2020900000,0,360200000,5442800000,4840900000,165700000,165700000,0.85,None,0.15,637600000,54600000,-699100000,-6900000,158500000,102700000,17.48,21.27,13.68,-0.0259,-0.0037,16.9,1.07,43.16,1.16,None,0.5605,0.1284,None,0.27,0.93,None
2001-06-30,196822100,590466300,3,74386700000,None,62733100000,None,9681400000,1972200000,0,349800000,5835400000,4318500000,-1415200000,-1415200000,-7.18,None,0.15,-246700000,345200000,-115000000,-16500000,165400000,116000000,21.51,24.17,18.84,0.0222,0.0033,16.4,1.08,5.88,1.11,0.4525,0.6027,0.1301,0.0115,0.28,-0.61,None
2001-03-31,197239900,591719700,3,73523900000,None,59438400000,None,11793400000,2292100000,0,359800000,5887100000,5104000000,472300000,472300000,2.4,None,0.15,-20000000,213800000,-207100000,-13300000,181900000,-158700000,17.32,19.98,14.67,0.199,0.03,19.93,0.92,5.48,1.06,0.0478,0.4992,0.1604,0.0995,0.3,0.23,None
2000-12-31,98619050,591714300,6,70877100000,None,57478100000,None,11191100000,2207900000,0,378700000,6040000000,5555700000,502900000,502900000,5.1,None,0.25,-714200000,839000000,-145900000,-21100000,195200000,120200000,14.95,17.49,12.42,0.1805,0.0261,18.91,0.84,7.61,1.01,0.0525,0.5397,0.1579,0.088,0.3,-1.41,None
2000-09-30,98614000,591684000,6,73452800000,None,60634800000,None,10579400000,2238600000,0,397000000,6025700000,5776400000,679600000,679600000,6.89,None,0.25,467600000,-410600000,-77000000,-20000000,216300000,131300000,12.36,14.79,9.94,0.1155,0.0163,17.88,0.73,9.99,0.97,0.0847,0.5696,0.144,0.0566,0.29,0.57,None
2000-06-30,98614000,591684000,6,71225200000,None,59097600000,None,9964400000,2163200000,0,405200000,6023700000,5331900000,510600000,510600000,5.17,None,0.25,-137300000,7800000,143800000,14300000,236300000,81800000,9.78,11.35,8.21,0.0763,0.0106,16.84,0.59,12.81,0.93,0.1329,0.6045,0.1399,0.0374,0.28,-0.37,None
2000-03-31,98616525,591699150,6,72427800000,None,60306900000,None,9851500000,2269400000,0,414200000,5724400000,4673800000,183600000,183600000,1.81,None,0.25,-82800000,581300000,-460400000,38100000,222000000,333900000,8.29,10.19,6.38,0.0501,0.007,16.65,0.5,15.64,0.89,0.2052,0.5811,0.136,0.0244,0.29,-0.7,None
1999-12-31,99388700,596332200,6,69463700000,None,57135700000,None,9977700000,2350300000,0,409500000,5706300000,4827000000,-207800000,-207800000,-2.08,None,0.25,-2643100000,2726300000,-262200000,-179000000,183900000,216300000,11.03,12.31,9.75,0.0356,0.005,16.73,0.71,27.23,0.84,0.2906,0.5719,0.1436,0.0169,0.3,-4.79,None
1999-09-30,106050300,636301800,6,72611100000,None,60276100000,None,9905500000,2429500000,0,457500000,5699300000,5430500000,271300000,271300000,2.52,None,0.25,-431100000,806900000,-307800000,68000000,362900000,152200000,12.59,13.74,11.43,0.0249,0.0035,15.57,0.79,14.28,0.8,0.4253,0.5754,0.1364,0.0118,0.3,-0.92,None
1999-06-30,107570800,645424800,6,73749800000,None,60892200000,None,10327000000,2530600000,0,462600000,5842800000,5648600000,254300000,254300000,2.33,None,0.25,853600000,-704700000,-254900000,-106000000,294900000,129800000,12.77,14.03,11.5,0.0577,0.0083,16,0.79,14.99,0.76,0.1838,0.5658,0.14,0.0271,0.31,1.12,None
1999-03-31,109244800,655468800,6,73300000000,None,60067300000,None,10625800000,2606900000,0,482100000,5943200000,5559100000,45400000,45400000,0.41,None,0.25,443700000,-80500000,-249700000,113500000,400900000,209900000,14.93,17.42,12.44,0.0577,0.0083,16.21,0.98,22.56,0.72,0.189,0.5593,0.145,0.027,0.31,0.36,None
1998-12-31,111247600,667485600,6,70906400000,None,58227900000,None,10201200000,2477300000,0,489400000,5966700000,5056500000,-315800000,-315800000,-2.83,None,0.25,-81500000,108400000,79500000,106400000,287400000,298800000,15.68,17.68,13.67,0.0464,0.0066,15.28,1.02,10.06,0.68,0.2445,0.5849,0.1439,0.0219,0.3,-0.57,None
1998-09-30,113690800,682144800,6,70999400000,None,57985400000,None,10511100000,2502900000,0,720200000,5701300000,5951900000,617100000,617100000,5.38,None,0.25,535300000,-219600000,-321000000,-5300000,181000000,133400000,14.13,15.25,13,0.1087,0.0152,15.41,0.99,14.9,0.64,0.1068,0.5424,0.148,0.05,0.3,0.59,None
1998-06-30,114711400,688268400,6,71345700000,None,58989600000,None,9803000000,2553100000,0,756700000,5696300000,5404800000,247200000,247200000,2.15,None,0.25,-388100000,363300000,-87700000,-112500000,186300000,112300000,16.02,17.83,14.22,0.0683,0.0093,14.24,1.16,23.5,0.59,0.1757,0.5811,0.1374,0.0317,0.29,-0.73,None
1998-03-31,115000000,690000000,6,70444800000,None,58458300000,None,9529400000,2457100000,0,754000000,5749300000,4795100000,-83700000,-83700000,-0.73,None,0.25,-301900000,140500000,-37600000,-199000000,298800000,99500000,17.2,18.04,16.36,0.0504,0.0067,13.81,1.23,14.96,0.55,0.2444,0.6033,0.1353,0.0235,0.29,-0.58,None
1997-12-31,115000000,690000000,6,69577100000,None,57522600000,None,9665100000,2389400000,0,751400000,5752600000,5339200000,292900000,292900000,2.55,None,0.25,478400000,-379300000,-10500000,88600000,497800000,169300000,17.94,19.27,16.61,0.0871,0.0114,14.01,1.33,16.59,0.51,0.1449,0.5952,0.1389,0.0394,0.29,0.45,None
1997-09-30,115000000,690000000,6,70521700000,None,58954100000,None,9301600000,2266000000,0,708500000,5727100000,5111400000,197600000,197600000,1.72,None,0.25,282600000,-1554900000,1203300000,-69000000,409200000,133300000,17.39,19.02,15.77,0.0843,0.0108,13.48,1.35,12.82,0.47,0.1536,0.6157,0.1319,0.0375,0.29,0.22,None
1997-06-30,115000000,690000000,6,69489400000,None,58572000000,None,8867800000,2049600000,0,548600000,4489900000,4749100000,63800000,63800000,0.55,None,0.25,-29500000,83700000,-34100000,20100000,478200000,269500000,16.04,17.83,14.25,0.1086,0.0137,12.85,1.28,8.88,0.43,0.1224,0.5063,0.1276,0.0469,0.29,-0.43,None
1997-03-31,115000000,690000000,6,69667200000,None,59194900000,None,8615100000,1857200000,0,554800000,4491700000,4939100000,239300000,239300000,2.08,None,0.25,-503700000,568500000,87600000,152400000,458100000,130300000,16.75,18.81,14.69,0.1488,0.0186,12.49,1.32,8.45,0.39,0.0917,0.5214,0.1237,0.0617,0.3,-0.92,None
1996-12-31,115000000,690000000,6,67683000000,None,57070900000,None,8731200000,1880900000,0,562400000,4370700000,5137000000,247800000,247800000,2.14,None,0.25,673400000,-948500000,273900000,-1200000,305700000,194300000,14.41,15.98,12.85,0.1671,0.0206,12.65,1.19,5.38,0.34,0.0835,0.5006,0.129,0.0677,0.3,0.69,None
1996-09-30,115000000,690000000,6,66774700000,None,56638700000,None,8376900000,1759100000,0,531400000,4057500000,5216300000,388600000,388600000,3.37,None,0.25,266200000,-160700000,-139800000,-34300000,306900000,141700000,13.13,13.98,12.27,0.2305,0.0283,12.14,1.13,5.49,0.3,0.0618,0.4844,0.1255,0.0904,0.31,0.18,None
1996-06-30,115040100,690240600,6,66126800000,None,56412600000,None,7992600000,1721600000,0,504400000,4076100000,5044600000,378700000,378700000,3.25,None,0.25,-168100000,290800000,-184800000,-62100000,341200000,113600000,13,13.92,12.08,0.2383,0.028,11.58,1.14,5.32,0.26,0.0506,0.51,0.1209,0.0915,0.31,-0.41,None
1996-03-31,117107900,702647400,6,67917400000,None,58585300000,None,8030700000,1301400000,0,474800000,4019400000,5044500000,368800000,368800000,3.13,None,0.25,172200000,256200000,-266800000,161600000,403300000,95900000,13.55,14.71,12.38,0.2517,0.0286,11.43,1.16,6.09,0.22,0.0423,0.5005,0.1182,0.0959,0.3,0.11,None
1995-12-31,117832800,706996800,6,65058200000,None,55480200000,None,8238700000,1339300000,0,481800000,4248200000,5495249000,745061000,745061000,6.32,None,0.25,588305000,-578458000,-27082000,-17235000,241700000,115986000,12.45,13.31,11.59,0.2476,0.0282,11.65,1.21,9.72,0.18,0.0377,0.5156,0.1266,0.0945,0.3,0.67,None
1995-09-30,58916400,706996800,12,68890988000,None,60493442000,None,7280542000,1117004000,0,0,4242110000,4959582000,386405000,386405000,3.28,None,0.13,34096000,17417000,-2417000,49096000,258892000,56982000,10.95,12.25,9.65,0.1712,0.0186,10.3,1.11,9.17,0.14,0.0471,0.5827,0.1057,0.0664,0.28,-0.03,None
1995-06-30,58916400,706996800,12,66880655000,None,58839936000,None,6963389000,1077330000,0,0,4225267000,4519374000,419764000,419764000,7.12,None,0.25,-103343000,-907958000,1087487000,76186000,209796000,47890000,9.2,10.17,8.23,0.1417,0.0155,9.85,1.08,13.45,0.12,0.0695,0.6068,0.1041,0.056,0.28,-0.21,None
1995-03-31,58916400,706996800,12,49978056000,None,42989838000,None,6043009000,945209000,0,0,2142027000,3703195000,214470000,214470000,3.64,None,0.25,776842000,-780701000,-23088000,-26947000,133610000,37042000,7.77,8.31,7.22,0.0869,None,8.55,1.02,20.86,0.1,0.1213,0.3545,0.1209,0.0348,0.28,1.05,None
1994-12-31,58916400,706996800,12,50335976000,None,44085901000,None,5405314000,844761000,0,0,2144394000,3371400000,79158000,79158000,1.33,None,0.25,256503000,-162372000,-77901000,16230000,160557000,-49508000,7.37,7.63,7.1,0.0484,None,7.65,0.94,None,0.08,0.2225,0.3967,0.1074,0.0198,0.27,0.43,None
1994-09-30,58985400,707824800,12,51272127000,None,44884248000,None,5523198000,864681000,0,0,2146859000,3545304000,134215000,134215000,2.24,None,0.25,603453000,-563963000,-28998000,10492000,144327000,63594000,7.5,7.82,7.18,None,None,7.8,0.98,None,0.06,None,0.3887,0.1077,None,None,0.76,None
1994-06-30,59985000,719820000,12,50702878000,None,44293996000,None,5489971000,918911000,0,0,2138248000,3393397000,60326000,60326000,1,None,0.25,284006000,-64470000,-181777000,37759000,133835000,54335000,7.39,7.74,7.04,None,None,7.63,0.94,None,0.04,None,0.3895,0.1083,None,None,0.32,None
1994-03-31,60468700,725624400,12,51662392000,None,44990700000,None,5706440000,965252000,0,0,2168840000,3205100000,-5865000,-5865000,-0.1,None,0.25,355289000,-374728000,-40188000,-59627000,96076000,42933000,8,8.56,7.44,None,None,7.86,0.96,None,0.02,None,0.3801,0.1105,None,None,0.43,None
1993-12-31,61519700,738236400,12,45849752000,None,38689280000,None,6127198000,1033274000,0,0,2195670000,None,None,None,None,None,0,None,None,None,None,155703000,0,7.88,8.21,7.54,None,None,8.3,None,None,0,None,0.3583,0.1336,None,None,None,None
