"Quarter end","Shares","Shares split adjusted","Split factor","Assets","Current Assets","Liabilities","Current Liabilities","Shareholders equity","Non-controlling interest","Preferred equity","Goodwill & intangibles","Long-term debt","Revenue","Earnings","Earnings available for common stockholders","EPS basic","EPS diluted","Dividend per share","Cash from operating activities","Cash from investing activities","Cash from financing activities","Cash change during period","Cash at end of period","Capital expenditures","Price","Price high","Price low","ROE","ROA","Book value of equity per share","P/B ratio","P/E ratio","Cumulative dividends per share","Dividend payout ratio","Long-term debt to equity ratio","Equity to assets ratio","Net margin","Asset turnover","Free cash flow per share","Current ratio"
2019-03-30,290135955,290135955,1,6969900000,2662400000,3438700000,996600000,3531200000,0,0,3220900000,1617000000,1331400000,117400000,117400000,0.4,0.4,0.3375,3200000,-72200000,-99500000,-161700000,1075300000,67800000,35.16,39.63,30.69,0.2081,0.1028,12.17,2.92,14.01,11.05,0.5544,0.4579,0.5066,0.1178,0.87,-0.22,2.6715
2018-12-29,289978011,289978011,1,7119300000,2828500000,3630900000,1081100000,3488400000,0,0,3225300000,1617400000,1800800000,254800000,254800000,0.88,0.88,0.3375,618300000,-182500000,-93700000,332300000,1237000000,61200000,41.66,51.29,32.03,0.2213,0.1077,12.03,3.65,22.52,10.71,0.5359,0.4637,0.49,0.1218,0.88,1.92,2.6163
2018-09-29,289795992,289795992,1,6703300000,2467500000,3393700000,899400000,3309600000,0,0,3213500000,1617400000,1381200000,122300000,122300000,0.42,0.42,0.3375,-19300000,-223000000,-94100000,-338700000,904700000,55200000,49.26,54.35,44.17,0.1701,0.0783,11.42,4.37,35.96,10.37,0.7238,0.4887,0.4937,0.09,0.87,-0.26,2.7435
2018-06-30,288038993,288038993,1,6678300000,2432600000,3433700000,938200000,3244600000,0,0,3217200000,1627100000,1483700000,211700000,211700000,0.73,0.73,0.34,410200000,-83700000,-91500000,211700000,1243400000,80800000,49.52,55.5,43.54,0.1296,0.0564,11.26,4.54,42.32,10.03,0.9741,0.5015,0.4858,0.0676,0.83,1.14,2.5928
2018-03-31,287817710,287817710,1,6588000000,2288300000,3450000000,860100000,3138000000,0,0,3253800000,1617700000,1322400000,140300000,140300000,0.49,0.48,0.3375,155500000,-92600000,-1098400000,-1033300000,1031700000,60100000,48.9,53.57,44.23,0.1122,0.0494,10.9,4.72,43.66,9.69,1.1418,0.5155,0.4763,0.061,0.81,0.33,2.6605
2017-12-30,284882437,284882437,1,7481200000,3282300000,4531800000,1731400000,2949400000,0,0,3147700000,1906400000,1785000000,63200000,63200000,0.22,0.22,0.3375,534800000,233100000,-82400000,691700000,2065000000,77600000,39.83,40.95,38.7,0.1084,0.0502,10.35,3.85,24.74,9.36,1.1994,0.6464,0.3942,0.0614,0.82,1.6,1.8957
2017-09-30,284375237,284375237,1,7454400000,3022300000,4514400000,1734900000,2940000000,0,0,3163300000,1907800000,1288900000,-17700000,-17700000,-0.06,-0.06,0.3375,-103800000,-2221600000,1022400000,-1299600000,1373300000,48900000,43.98,48.85,39.11,0.1566,0.0806,10.34,4.14,21.04,9.02,0.8371,0.6489,0.3944,0.0962,0.84,-0.54,1.7421
2017-07-01,282584704,282584704,1,5831600000,3953300000,2829700000,753800000,3001900000,0,0,821300000,1600000000,1133800000,151700000,151700000,0.54,0.53,0.34,323800000,30500000,919700000,1278400000,2672900000,88300000,43.11,47.76,38.47,0.2068,0.1197,10.62,4.19,23.3,8.68,0.6435,0.533,0.5148,0.1317,0.91,0.83,5.2445
2017-04-01,281128639,281128639,1,4661000000,2769600000,1769100000,636300000,2891900000,0,0,824000000,600000000,995200000,122200000,122200000,0.44,0.43,0.3375,201900000,-37300000,-83200000,84800000,1394500000,-51100000,38.02,41.7,34.33,0.1874,0.1107,10.29,3.79,20.89,8.34,0.7278,0.2075,0.6204,0.1155,0.96,0.9,4.3527
2016-12-31,280616067,280616067,1,4678700000,2765700000,1867600000,715200000,2811100000,0,0,811900000,600000000,1321700000,199700000,199700000,0.71,0.71,0.3375,366200000,44200000,-89600000,309700000,1309700000,54100000,36.47,38.86,34.07,0.1885,0.1086,10.02,3.75,21.2,8,0.7396,0.2134,0.6008,0.1124,0.97,1.11,3.867
2016-10-01,280365188,280365188,1,4584600000,2505200000,1856100000,697200000,2728500000,0,0,851000000,600000000,1037600000,117400000,117400000,0.42,0.42,0.3375,-38100000,555600000,-377400000,141000000,1000000000,67600000,39.13,43.71,34.55,0.1816,0.1027,9.73,4.07,23.72,7.67,0.783,0.2199,0.5951,0.107,0.96,-0.38,3.5932
2016-07-02,278942860,278942860,1,4892700000,2172900000,2209800000,826700000,2682900000,0,0,849200000,870000000,1154600000,81500000,81500000,0.3,0.29,0.34,249400000,-135100000,-80300000,37400000,859000000,120000000,39.39,42.13,36.64,0.178,0.0984,9.62,4.17,28.14,7.33,0.8166,0.3243,0.5483,0.1025,0.96,0.46,2.6284
2016-03-26,278029674,278029674,1,4676500000,2265100000,2051100000,731500000,2625400000,0,0,803200000,877500000,1033100000,112500000,112500000,0.4,0.4,0.3375,199200000,-129200000,-95700000,-22200000,821600000,100900000,35.01,39.95,30.06,0.1539,0.0845,9.44,3.79,26.52,6.99,0.9605,0.3342,0.5614,0.09,0.94,0.35,3.0965
2015-12-26,277696178,277696178,1,4603700000,2301600000,2036400000,704000000,2567300000,0,0,787800000,881200000,1273800000,170100000,170100000,0.61,0.61,0.3375,302000000,-325300000,-98200000,-122200000,843800000,106000000,30.34,33.45,27.22,0.1455,0.0799,9.24,3.41,22.15,6.65,1.0229,0.3432,0.5577,0.0864,0.92,0.71,3.2693
2015-09-26,277518016,277518016,1,4554400000,2351600000,2080900000,751000000,2473500000,0,0,790300000,885000000,1030300000,96400000,96400000,0.35,0.35,0.3375,8000000,-220400000,-110700000,-325800000,966000000,69500000,31.8,35.98,27.62,0.1516,0.0875,8.91,3.53,21.93,6.31,0.9851,0.3578,0.5431,0.0908,0.96,-0.22,3.1313
2015-06-27,276627052,276627052,1,4666900000,2506500000,2177000000,834700000,2489900000,0,0,794100000,888700000,1004100000,11700000,11700000,0.04,0.04,0.34,186600000,-594700000,-80000000,-490200000,1291800000,74800000,38.73,43.45,34,0.1611,0.0977,9,4.21,23.05,5.98,0.9279,0.3569,0.5335,0.096,1.02,0.4,3.0029
2015-03-28,276287335,276287335,1,4512700000,2898000000,1972400000,691000000,2540300000,0,0,325400000,889200000,929300000,88100000,88100000,0.32,0.32,0.3375,167200000,-5100000,784000000,945700000,1782000000,44900000,39.76,43.87,35.65,0.1879,0.1205,9.19,4.35,19.49,5.64,0.7999,0.35,0.5629,0.1078,1.12,0.44,4.1939
2014-12-27,275831049,275831049,1,3617200000,1947400000,1099200000,715400000,2518000000,0,0,325300000,0,1219400000,183500000,183500000,0.67,0.66,0.3375,444700000,-19100000,-243200000,175400000,836300000,39200000,35.16,37.6,32.72,0.2328,0.1565,9.13,3.97,14.41,5.3,0.6542,0,0.6961,0.1265,1.24,1.47,2.7221
2014-09-27,275590311,275590311,1,3671000000,1938800000,1230900000,817500000,2440100000,0,0,349200000,0,1038800000,119100000,119100000,0.43,0.43,0.3375,138900000,6000000,-71500000,69000000,660900000,40400000,35.55,37.7,33.39,0.282,0.1888,8.85,4.04,12.79,4.96,0.5459,0,0.6647,0.1454,1.3,0.36,2.3716
2014-06-28,274631764,274631764,1,3663131000,1855217000,1242478000,813118000,2420653000,0,0,371195000,0,1136216000,75275000,75275000,0.27,0.27,0.34,316073000,-33823000,-154877000,128460000,591923000,61963000,42.23,50.86,33.6,0.3249,0.2189,8.81,4.85,12.87,4.62,0.479,0,0.6608,0.1626,1.35,0.93,2.2816
2014-03-29,274172356,274172356,1,3580622000,1790089000,1191343000,787946000,2389279000,0,0,373205000,0,1099626000,190740000,190740000,0.69,0.68,0.3375,104867000,-150860000,-57033000,-104765000,463463000,50862000,50.52,56.72,44.31,0.3861,0.2623,8.71,5.77,14.69,4.28,0.4062,0,0.6673,0.1895,1.38,0.2,2.2718
2013-12-28,277581114,277581114,1,3543817000,1787676000,1113090000,702895000,2430727000,0,0,367641000,0,1419624000,297438000,297438000,1.07,1.06,0.3375,400370000,-291644000,-254685000,-146389000,568228000,60862000,52.92,57.95,47.89,0.4124,0.2821,8.76,6.24,14.66,3.94,0.3777,0,0.6859,0.1959,1.44,1.22,2.5433
2013-09-28,280462835,280462835,1,3487390000,1872065000,1108819000,707428000,2378571000,0,0,382664000,485000,1150760000,217883000,217883000,0.77,0.77,0.3375,164100000,-231381000,-281454000,-348168000,714617000,45900000,55.55,59.58,51.53,0.4525,0.3039,8.48,6.5,15.39,3.61,0.3483,0.0002,0.682,0.2035,1.49,0.42,2.6463
2013-06-29,281933908,281933908,1,3531897000,2070947000,1122739000,722510000,2409158000,0,0,354827000,485000,1222688000,221343000,221343000,0.78,0.77,0.34,374567000,-195950000,8346000,186426000,1062785000,81422000,54.44,60.12,48.76,0.474,0.3126,8.55,6.81,14.75,3.27,0.3379,0.0002,0.6821,0.2038,1.53,1.04,2.8663
2013-03-30,280991712,280991712,1,3272120000,1894191000,1028155000,614513000,2243965000,0,0,369468000,485000,1187578000,238932000,238932000,0.85,0.84,0.3,209395000,-106095000,-80477000,17702000,876359000,42832000,53.91,61.94,45.87,0.5122,0.3325,7.99,7.27,14.89,2.93,0.3186,0.0002,0.6858,0.2126,1.56,0.59,3.0824
2012-12-29,280783767,280783767,1,3279429000,1848367000,1197097000,768936000,2082332000,0,0,396487000,485000,1503774000,352764000,352764000,1.25,1.23,0.3,627838000,-166721000,-359290000,97902000,858657000,60809000,56.27,60.33,52.2,0.5247,0.3356,7.42,8,15.76,2.63,0.3042,0.0002,0.635,0.2131,1.57,2.02,2.4038
2012-09-29,283689851,283689851,1,3151378000,1768587000,1157285000,730903000,1994093000,0,0,426243000,985000,1161350000,221381000,221381000,0.78,0.77,0.3,202174000,-101734000,-257685000,-156460000,760755000,56290000,55.74,63.24,48.24,0.5364,0.3388,7.03,7.97,15.79,2.33,0.2871,0.0005,0.6328,0.2145,1.58,0.51,2.4197
2012-06-30,285186057,285186057,1,3104321000,1804528000,1111390000,718160000,1992931000,0,0,385823000,985000,1155191000,251430000,251430000,0.88,0.85,0.3,282822000,-86634000,-211270000,-12455000,917215000,72733000,67.09,79,55.18,0.5456,0.3443,6.99,9.94,20.03,2.03,0.2701,0.0005,0.642,0.2181,1.58,0.74,2.5127
2012-03-31,287370913,287370913,1,2984870000,1759548000,1045968000,623233000,1938902000,0,0,374479000,22607000,1108981000,225002000,225002000,0.78,0.77,0.225,102797000,-90449000,-161140000,-155925000,929670000,41391000,69.72,79.7,59.74,0.5472,0.3414,6.75,10.74,21.79,1.73,0.2642,0.0117,0.6496,0.2134,1.6,0.21,2.8233
2011-12-31,287767818,287767818,1,3100885000,1896006000,1232159000,810996000,1868726000,0,0,361776000,23165000,1448649000,347495000,347495000,1.2,1.18,0.225,611104000,-43853000,-326964000,239876000,1085595000,39290000,57.45,66.54,48.37,0.5403,0.3356,6.49,9.24,19.02,1.51,0.2533,0.0124,0.6026,0.2122,1.58,1.99,2.3379
2011-10-01,291826211,291826211,1,2878078000,1689148000,1061575000,631373000,1816503000,0,0,361766000,23264000,1050359000,214983000,214983000,0.74,0.73,0.225,224966000,-38490000,-42507000,145937000,845719000,30895000,57.45,69.2,45.7,0.525,0.3289,6.22,10.3,19.67,1.28,0.2432,0.0128,0.6312,0.211,1.56,0.67,2.6754
2011-07-02,289023860,289023860,1,2635116000,1452388000,1022547000,593017000,1612569000,0,0,340792000,23360000,1031675000,202481000,202481000,0.7,0.67,0.23,220646000,12767000,-348457000,-112958000,699782000,56766000,58.24,66.14,50.34,0.5277,0.3274,5.58,9.8,20.15,1.06,0.2263,0.0145,0.612,0.2118,1.55,0.57,2.4492
2011-04-02,293603937,293603937,1,2721865000,1562402000,979207000,550029000,1742658000,0,0,328823000,23454000,950706000,186015000,186015000,0.63,0.62,0.15,227409000,36400000,-235122000,28508000,812740000,41780000,53.76,58.28,49.24,0.5321,0.33,5.94,9.14,19.41,0.83,0.1793,0.0135,0.6402,0.2143,1.54,0.63,2.8406
2011-01-01,295774252,295774252,1,2794671000,1622624000,1056213000,593274000,1738458000,0,0,339820000,23550000,1264457000,303428000,303428000,1.02,1,0.15,407760000,-94278000,-151251000,162861000,784232000,26118000,50.41,58.55,42.27,0.5211,0.3217,5.88,9.44,20,0.68,0.1603,0.0135,0.6221,0.2136,1.51,1.29,2.735
2010-10-02,296381251,296381251,1,2609830000,1425250000,1027157000,569651000,1582673000,0,0,331459000,24064000,911669000,188876000,188876000,0.64,0.63,0.15,177456000,-14520000,-140296000,24901000,621371000,23080000,38.8,43.86,33.75,0.4733,0.2958,5.34,7.67,16.65,0.53,0.1465,0.0152,0.6064,0.2084,1.42,0.52,2.502
2010-07-03,297406007,297406007,1,2467115000,1302641000,961822000,529036000,1505293000,0,0,315649000,24159000,950525000,195527000,195527000,0.65,0.64,0.08,181525000,75454000,-366593000,-106308000,596470000,29496000,39.86,44.37,35.36,0.4276,0.2729,5.06,7.31,18.71,0.38,0.1281,0.016,0.6101,0.2037,1.34,0.51,2.4623
2010-03-27,305105043,305105043,1,2641987000,1510084000,978594000,551240000,1663393000,0,0,291029000,24245000,830669000,157636000,157636000,0.51,0.5,0.075,205116000,-219599000,-383978000,-400399000,702778000,14721000,36.78,40.6,32.96,0.3879,0.2521,5.45,6.19,18.48,0.3,0.1352,0.0146,0.6296,0.1995,1.26,0.62,2.7394
2009-12-26,314200811,314200811,1,2869130000,1716392000,1003564000,578461000,1865566000,0,0,293911000,24339000,1065005000,240950000,240950000,0.76,0.75,0.075,363697000,-18065000,-236894000,108497000,1103177000,16865000,34.2,37.35,31.04,0.37,0.2437,5.94,5.93,17.91,0.22,0.1086,0.013,0.6502,0.1921,1.27,1.1,2.9672
2009-09-26,318928322,318928322,1,2794616000,1610473000,953635000,532161000,1840981000,0,0,309019000,24429000,761437000,140827000,140827000,0.44,0.44,0.075,240539000,-20034000,-32434000,194318000,994680000,20034000,28.37,33.8,22.94,0.3779,0.247,5.77,5.32,14.85,0.15,0.0747,0.0133,0.6588,0.1909,1.29,0.69,3.0263
2009-06-27,318081762,318081762,1,2564336000,1396409000,868294000,459652000,1696042000,0,0,293175000,25072000,777744000,145793000,145793000,0.46,0.44,0.07,270196000,-35462000,9232000,249095000,800362000,25569000,22.3,28.28,16.33,0.4118,0.2673,5.33,4.59,10.67,0.07,0.0357,0.0148,0.6614,0.193,1.39,0.77,3.038
2009-03-28,317583813,317583813,1,2316001000,1231315000,774087000,418273000,1541914000,0,0,282729000,24986000,739939000,114859000,114859000,0.36,0.36,0,206942000,-26571000,-50609000,127114000,551267000,26571000,16.83,21.96,11.7,0.4706,0.3058,4.86,3.68,7.68,0,0,0.0162,0.6658,0.2137,1.43,0.57,2.9438
2008-12-27,321030898,321030898,1,2337961000,1220837000,871950000,519309000,1466011000,0,0,303520000,25076000,960256000,216906000,216906000,0.67,0.67,0,255532000,-135819000,-99628000,14643000,424153000,39338000,19.19,24.97,13.41,0.5102,0.3328,4.57,4.65,8.68,0,0,0.0171,0.627,0.2281,1.46,0.67,2.3509
2008-09-27,326923058,326923058,1,2110912000,1211098000,759876000,460940000,1351036000,0,0,262479000,2245000,752529000,145811000,145811000,0.44,0.44,0,76482000,-66877000,-299078000,-289395000,409510000,45551000,27.9,31.11,24.69,0.5242,0.3498,4.13,6.2,12.8,0,0,0.0017,0.64,0.2377,1.47,0.09,2.6275
2008-06-28,336887747,336887747,1,2273844000,1385709000,758024000,450941000,1515820000,0,0,258906000,2580000,781500000,213524000,213524000,0.61,0.62,0,323040000,-54943000,-175510000,90705000,698905000,54943000,33.37,37.45,29.29,0.4773,0.3325,4.5,7.81,16.94,0,0,0.0017,0.6666,0.2462,1.35,0.8,3.0729
2008-03-29,341298693,341298693,1,2156240000,1270953000,697787000,364594000,1458453000,0,0,275566000,2580000,744522000,162408000,162408000,0.47,0.46,0,85418000,-20778000,-329191000,-262050000,608200000,33278000,28.63,32.64,24.62,0.4198,0.3044,4.27,6.36,14.99,0,0,0.0018,0.6764,0.2437,1.25,0.15,3.4859
2007-12-29,351913023,351913023,1,2310722000,1480548000,728869000,427005000,1581853000,0,0,244849000,2580000,978017000,252317000,252317000,0.7,0.69,0,389662000,379825000,-688583000,80904000,870250000,47775000,38.91,47.42,30.41,0.3985,0.2996,4.5,7.14,21.26,0,0,0.0016,0.6846,0.2495,1.2,0.97,3.4673
2007-09-29,368135937,368135937,1,2679031000,1885897000,673198000,402124000,2005833000,0,0,240478000,2580000,676718000,154806000,154806000,0.42,0.41,0,125241000,141336000,-36977000,229600000,786556000,38724000,46.08,50.7,41.46,0.3901,0.2989,5.45,9,26.18,0,0,0.0013,0.7487,0.2533,1.18,0.24,4.6898
2007-06-30,373092893,373092893,1,2449512000,1740196000,539158000,407996000,1910354000,0,0,225659000,2865000,596915000,160612000,160612000,0.43,0.41,0,256764000,42477000,35399000,334640000,556956000,42520000,49.95,53.79,46.1,0.422,0.321,5.12,10.86,29.91,0,0,0.0015,0.7799,0.254,1.26,0.57,4.2652
2007-03-31,371134524,371134524,1,2143195000,1466264000,437749000,338264000,1705446000,0,0,234848000,2865000,625303000,149964000,149964000,0.41,0.4,0,96695000,-183841000,44127000,-43019000,222316000,24511000,47.39,50.96,43.82,0.4458,0.3334,4.6,11.82,30.57,0,0,0.0017,0.7957,0.2453,1.36,0.19,4.3347
2006-12-30,370173392,370173392,1,2000899000,1338707000,518001000,424657000,1482898000,0,0,233165000,2865000,836387000,227473000,227473000,0.62,0.61,0,344898000,-231503000,56388000,169783000,265335000,37540000,39.24,44.28,34.2,0.431,0.323,4.01,12.11,28.23,0,0,0.0019,0.7411,0.2412,1.34,0.83,3.1524
2006-09-30,367476781,367476781,1,1676500000,1023407000,484388000,394943000,1192112000,0,0,234734000,2865000,553851000,125616000,125616000,0.34,0.34,0,80745000,-3059000,-125522000,-47836000,95552000,36145000,30.11,34.65,25.58,0.4005,0.3035,3.24,9.26,23.34,0,0,0.0024,0.7111,0.2374,1.28,0.12,2.5913
2006-07-01,365864183,365864183,1,1626520000,974482000,437786000,341824000,1188734000,0,0,239818000,3100000,514355000,117642000,117642000,0.31,0.32,0,195246000,225189000,-461459000,-41024000,143388000,34076000,31.55,35.35,27.75,0.378,0.2924,3.25,8.01,25.44,0,0,0.0026,0.7308,0.2341,1.25,0.44,2.8508
2006-04-01,384953063,384953063,1,1874430000,1277889000,359584000,296147000,1514846000,0,0,233462000,3100000,497859000,108846000,108846000,0.28,0.28,0,97709000,-117160000,18738000,-713000,184412000,48741000,34.36,36.97,31.75,0.3738,0.2926,3.94,9.68,28.87,0,0,0.002,0.8082,0.2352,1.24,0.13,4.315
2005-12-31,383358779,383358779,1,1759163000,1180982000,399187000,347653000,1359976000,0,0,232999000,3100000,650336000,174174000,174174000,0.46,0.45,0,249014000,-187420000,15241000,76835000,185125000,28937000,32.79,36.64,28.94,0.4115,0.309,3.55,10.68,30.22,0,0,0.0023,0.7731,0.2351,1.31,0.57,3.397
2005-10-01,380068270,380068270,1,1501772000,863548000,335020000,285561000,1166752000,0,0,244754000,3100000,448951000,93615000,93615000,0.25,0.24,0,54634000,-101564000,654000,-46276000,108290000,21885000,33.23,36.22,30.25,0.4148,0.2997,3.07,12.22,32.58,0,0,0.0027,0.7769,0.2284,1.31,0.09,3.024
2005-07-02,380115103,380115103,1,1347132000,709360000,314356000,265780000,1032776000,0,0,248499000,3270000,418660000,97565000,97565000,0.25,0.27,0,145901000,-132457000,-75783000,-62339000,154566000,30853000,29.57,33.92,25.22,0.4346,0.3028,2.72,12.97,32.14,0,0,0.0032,0.7666,0.2272,1.33,0.3,2.669
2005-04-02,377124127,377124127,1,1276772000,838450000,363270000,241188000,859770000,53732000,0,23517000,3270000,415939000,89239000,89239000,0.24,0.23,0,105845000,10281000,-195949000,-79823000,216905000,17282000,28.08,29.75,26.41,0.4342,0.2964,2.28,11.46,33.43,0,0,0.0038,0.6734,0.2189,1.35,0.23,3.4763
2005-01-01,191192535,382385070,2,1407136000,910878000,419674000,337983000,937971000,49491000,0,23716000,3270000,531759000,134123000,134123000,0.71,0.69,0,234649000,-209989000,47254000,71914000,296728000,29670000,24.18,28.53,19.83,0.4252,0.2929,2.45,12.21,32.46,0,0,0.0035,0.6666,0.2134,1.37,0.54,2.695
2004-10-02,188914448,377828896,2,1102690000,795864000,312619000,244990000,746952000,43119000,0,23286000,3270000,344065000,67725000,67725000,0.36,0.35,0,57868000,-39667000,-56107000,-37906000,224814000,16769000,20.55,23.03,18.06,0.4275,0.2942,1.98,10.43,30.22,0,0,0.0044,0.6774,0.2041,1.44,0.11,3.2486
2004-07-03,188067989,376135978,2,1028658000,705616000,246372000,181938000,742088000,40198000,0,23393000,3420000,338145000,65670000,65670000,0.35,0.34,0,146400000,-327825000,-1198000,-182623000,262720000,26102000,21.42,23.09,19.75,0.4348,0.2986,1.97,12.6,36.31,0,0,0.0046,0.7214,0.1981,1.51,0.32,3.8783
2004-03-27,188184635,376369270,2,911659000,724812000,238031000,194178000,638281000,35347000,0,23119000,3420000,313073000,58311000,58311000,0.31,0.3,0,99568000,-11546000,-15454000,72568000,445343000,11546000,19.45,21.84,17.07,0.4364,0.292,1.7,12.97,37.05,0,0,0.0054,0.7001,0.186,1.57,0.23,3.7327
2003-12-27,186664457,373328914,2,861282000,676001000,271613000,232784000,559534000,30135000,0,23048000,3420000,411513000,95438000,95438000,0.52,0.5,0,174164000,-15792000,-40954000,117418000,372775000,15792000,16.75,19.96,13.54,0.4457,0.2888,1.5,13.29,37.64,0,0,0.0061,0.6497,0.1778,1.62,0.42,2.904
2003-09-27,185572862,371145724,2,704490000,529441000,211421000,178125000,468220000,24849000,0,22780000,3420000,258375000,42329000,42329000,0.23,0.22,0,28435000,-14195000,11941000,26181000,255357000,14195000,13.63,14.82,12.44,0.43,0.2697,1.26,12.39,34.51,0,0,0.0073,0.6646,0.1634,1.65,0.04,2.9723
2003-06-28,91954939,367819756,4,617652000,448538000,190723000,161461000,404774000,22155000,0,22398000,3535000,231516000,29864000,29864000,0.33,0.32,0,57015000,-18038000,-2064000,36913000,229176000,18038000,11.25,13.22,9.27,0.4499,0.2677,1.1,11.36,31.25,0,0,0.0087,0.6553,0.1538,1.74,0.11,2.778
2003-03-29,90822728,363290912,4,579376000,404632000,201746000,175030000,357897000,19733000,0,22373000,3535000,220396000,31853000,31853000,0.35,0.34,0,38079000,-12116000,-4841000,21122000,192263000,12116000,8.63,9.98,7.29,0.4685,0.2663,0.99,9.81,28.07,0,0,0.0099,0.6177,0.1501,1.77,0.07,2.3118
2002-12-28,90091911,360367644,4,567290000,400188000,231239000,205529000,317912000,18139000,0,22371000,3535000,308523000,62431000,62431000,0.7,0.68,0,118896000,-13897000,22109000,127108000,171141000,13897000,7.26,8.62,5.9,0.4559,0.2489,0.88,11.52,27.79,0,0,0.0111,0.5604,0.1367,1.82,0.29,1.9471
2002-09-28,88737051,354948204,4,426349000,267920000,187458000,164420000,223028000,15863000,0,22249000,3535000,192791000,22480000,22480000,0.25,0.24,0,7634000,-13034000,-44529000,-49929000,44033000,13034000,5.94,7.34,4.54,0.4356,0.2344,0.63,8.49,25.14,0,0,0.0159,0.5231,0.1258,1.86,-0.02,1.6295
2002-06-29,88116511,352466044,4,440571000,287588000,180215000,159428000,245809000,14547000,0,22395000,3615000,171380000,17306000,17306000,0.19,0.18,0,26583000,-12509000,3610000,17684000,93962000,12508000,6.74,7.49,5.98,0.4296,0.2246,0.7,11.23,None,0,0,0.0147,0.5579,0.1193,1.88,0.04,1.8039
2002-03-30,44352422,354819376,8,398620000,260868000,169270000,147807000,213764000,15586000,0,14002000,3615000,161571000,11817000,11817000,0.27,0.26,0,-201000,-13570000,23526000,9755000,76278000,7779000,5.66,6.57,4.75,None,None,0.6,10.11,None,0,None,0.0169,0.5363,None,None,-0.02,1.7649
2001-12-29,44128833,353030664,8,368786000,242448000,157160000,135629000,196729000,14897000,0,25501000,3615000,235750000,44166000,44166000,1.01,0.99,0,90709000,-11553000,-17366000,61790000,66523000,11553000,3.84,4.83,2.85,None,None,0.56,9.37,None,0,None,0.0184,0.5335,None,None,0.22,1.7876
2001-09-29,43439792,347518336,8,320424000,195988000,163572000,142874000,142757000,14095000,0,28777000,3615000,150702000,12538000,12538000,0.29,0.28,0,-9154000,-18345000,28541000,1042000,4733000,9332000,4.01,5.28,2.74,None,None,0.41,9.55,None,0,None,0.0253,0.4455,None,None,-0.05,1.3718
2001-06-30,43783142,350265136,8,258711000,151567000,110397000,104448000,148314000,0,0,15695000,3690000,None,None,None,None,None,0,17227000,-8689000,-12088000,-3550000,3691000,8689000,3.88,4.81,2.95,None,None,0.42,9.95,None,0,None,0.0249,0.5733,None,None,0.02,1.4511
2001-03-31,43513333,348106664,8,251709000,152767000,115706000,109713000,136003000,0,0,28333000,3690000,130598000,7993000,7993000,0.18,0.18,0,27976000,-6184000,-19882000,1910000,7241000,6184000,3.66,4.5,2.81,None,None,0.39,9.89,None,0,None,0.0271,0.5403,None,None,0.06,1.3924
2000-12-30,43513333,348106664,8,284032000,186091000,156158000,150153000,127874000,0,0,28558000,3730000,214158000,39204000,39204000,0.9,0.88,0,None,None,None,None,5331000,0,2.8,3.6,2,None,None,0.37,None,None,0,None,0.0292,0.4502,None,None,None,1.2393
