"Quarter end","Shares","Shares split adjusted","Split factor","Assets","Current Assets","Liabilities","Current Liabilities","Shareholders equity","Non-controlling interest","Preferred equity","Goodwill & intangibles","Long-term debt","Revenue","Earnings","Earnings available for common stockholders","EPS basic","EPS diluted","Dividend per share","Cash from operating activities","Cash from investing activities","Cash from financing activities","Cash change during period","Cash at end of period","Capital expenditures","Price","Price high","Price low","ROE","ROA","Book value of equity per share","P/B ratio","P/E ratio","Cumulative dividends per share","Dividend payout ratio","Long-term debt to equity ratio","Equity to assets ratio","Net margin","Asset turnover","Free cash flow per share","Current ratio"
2019-03-31,478656189,478656189,1,10883000000,4379000000,8566000000,1082000000,2317000000,0,0,4740000000,6578000000,1455000000,312000000,312000000,0.65,0.65,0.164,389000000,-23000000,-243000000,126000000,1728000000,63000000,91.16,100.94,81.37,0.6463,0.1363,4.84,19.99,31.11,2.44,0.2003,2.839,0.2129,0.2347,0.58,0.68,4.0471
2018-12-31,478771915,478771915,1,10777000000,4399000000,8592000000,1223000000,2185000000,0,0,4565000000,6443000000,1564000000,345000000,345000000,0.73,0.71,0.29,584000000,-74000000,-197000000,316000000,1602000000,90000000,87.73,96.57,78.9,0.6938,0.1483,4.56,19.89,36.86,2.27,0.1824,2.9487,0.2027,0.2452,0.6,1.03,3.5969
2018-09-30,480450882,480450882,1,10459000000,4076000000,8341000000,1003000000,2118000000,0,0,4657000000,6441000000,1480000000,347000000,347000000,0.72,0.71,0,550000000,-2064000000,1263000000,-272000000,1286000000,74000000,88.46,93.67,83.25,0.5955,0.1281,4.41,21.63,38.8,1.98,0.2004,3.0411,0.2025,0.2035,0.63,0.99,4.0638
2018-06-30,481823803,481823803,1,8603000000,4239000000,6621000000,967000000,1970000000,12000000,0,2739000000,4955000000,1415000000,384000000,384000000,0.79,0.79,0.126,267000000,-76000000,-271000000,-96000000,1558000000,73000000,83.13,89.25,77,0.58,0.1268,4.09,20.53,41.77,1.98,0.2092,2.5152,0.229,0.1995,0.64,0.4,4.3837
2018-03-31,483865442,483865442,1,8690000000,4267000000,6715000000,1000000000,1960000000,15000000,0,2812000000,4954000000,1366000000,352000000,352000000,0.72,0.72,0.126,389000000,-45000000,-262000000,90000000,1654000000,45000000,77.97,85.73,70.2,0.5262,0.1138,4.05,21.36,44.55,1.86,0.229,2.5276,0.2255,0.1797,0.63,0.71,4.267
2017-12-31,485253713,485253713,1,8586000000,4217000000,6800000000,1094000000,1770000000,16000000,0,2779000000,4953000000,1460000000,81000000,81000000,0.17,0.16,0.23,608000000,-54000000,-967000000,-417000000,1564000000,47000000,68.31,73.58,63.03,0.4879,0.1037,3.65,16.74,35.95,1.73,0.2483,2.7983,0.2061,0.1628,0.64,1.16,3.8547
2017-10-01,487288245,487288245,1,9288000000,4894000000,7269000000,1746000000,1989000000,30000000,0,2848000000,4952000000,1347000000,298000000,298000000,0.61,0.61,0,439000000,-128000000,956000000,1276000000,1981000000,48000000,62.66,65.83,59.5,0.5512,0.1157,4.08,17.85,35.4,1.5,0.2148,2.4897,0.2141,0.1829,0.63,0.8,2.803
2017-07-02,489111671,489111671,1,7802000000,3584000000,6056000000,1784000000,1715000000,31000000,0,2705000000,3719000000,1269000000,247000000,247000000,0.5,0.5,0.105,180000000,-40000000,-64000000,76000000,705000000,50000000,58.05,63.85,52.25,0.5491,0.114,3.51,17.7,33.75,1.5,0.2293,2.1685,0.2198,0.175,0.65,0.27,2.009
2017-04-02,490796861,490796861,1,7649000000,3383000000,6014000000,1730000000,1609000000,26000000,0,2729000000,3718000000,1231000000,238000000,238000000,0.48,0.48,0.105,119000000,-48000000,-176000000,-98000000,629000000,42000000,54.25,56.5,52,0.5664,0.112,3.28,17.96,32.88,1.39,0.2304,2.3108,0.2104,0.1725,0.65,0.16,1.9555
2016-12-31,491964064,491964064,1,7649000000,3390000000,6150000000,1117000000,1487000000,12000000,0,2709000000,4468000000,1277000000,154000000,154000000,0.32,0.31,0.2,286000000,-59000000,-128000000,76000000,727000000,59000000,50.5,54.15,46.86,0.5871,0.1083,3.02,15.73,36.59,1.29,0.2345,3.0047,0.1944,0.168,0.64,0.46,3.0349
2016-10-02,493832541,493832541,1,7715000000,3364000000,6117000000,1039000000,1585000000,13000000,0,2779000000,4467000000,1241000000,239000000,239000000,0.48,0.48,0,239000000,-124000000,-124000000,-7000000,651000000,56000000,49.74,52.64,46.84,0.5326,0.0901,3.21,18.15,38.86,1.09,0.2016,2.8183,0.2054,0.141,0.64,0.37,3.2377
2016-07-03,495043700,495043700,1,7518000000,3328000000,6147000000,1039000000,1357000000,14000000,0,2692000000,4465000000,1208000000,224000000,224000000,0.45,0.45,0.095,137000000,-49000000,-108000000,-17000000,658000000,41000000,47.05,49.1,45.01,0.5304,0.0864,2.74,20.02,61.91,1.09,0.2821,3.2903,0.1805,0.1315,0.66,0.19,3.2031
2016-04-03,496202370,496202370,1,7453000000,3307000000,6266000000,1163000000,1165000000,22000000,0,2669000000,4464000000,1162000000,204000000,204000000,0.41,0.41,0.095,51000000,18000000,-543000000,-479000000,675000000,-30000000,43.3,48.35,38.26,0.326,0.0528,2.35,20.14,63.68,0.99,0.462,3.8318,0.1563,0.0783,0.67,0.16,2.8435
2015-12-31,497155532,497155532,1,7913000000,3830000000,6822000000,1781000000,1068000000,23000000,0,2645000000,4463000000,1274000000,22000000,22000000,0.04,0.04,0.09,278000000,-737000000,1026000000,562000000,1154000000,78000000,43.81,48.65,38.98,0.2854,0.0491,2.15,17.74,49.22,0.9,0.4985,4.1788,0.135,0.0711,0.69,0.4,2.1505
2015-09-27,497920464,497920464,1,6686000000,3450000000,5432000000,1658000000,1229000000,25000000,0,1842000000,3226000000,1214000000,189000000,189000000,0.38,0.38,0.083,204000000,-60000000,-86000000,48000000,592000000,52000000,44.06,50.39,37.73,0.3548,0.0673,2.47,18.67,52.45,0.81,0.3709,2.6249,0.1838,0.0921,0.73,0.31,2.0808
2015-06-28,498943831,498943831,1,6598000000,3316000000,5396000000,1572000000,1176000000,26000000,0,1864000000,3243000000,1175000000,-37000000,-37000000,-0.07,-0.07,0.083,122000000,-44000000,-91000000,-15000000,544000000,45000000,49.84,55.38,44.31,0.3275,0.0642,2.36,19.47,42.24,0.73,0.3787,2.7577,0.1782,0.0874,0.73,0.15,2.1094
2015-03-29,499964316,499964316,1,6430000000,3110000000,5125000000,1370000000,1278000000,27000000,0,1904000000,3243000000,1102000000,165000000,165000000,0.33,0.33,0.083,60000000,-274000000,-94000000,-323000000,559000000,44000000,45.11,47.92,42.29,0.455,0.0909,2.56,17.22,38.89,0.64,0.2593,2.5376,0.1988,0.1238,0.73,0.03,2.2701
2014-12-31,500787817,500787817,1,6607000000,3465000000,5270000000,1086000000,1311000000,26000000,0,1703000000,3643000000,1320000000,126000000,126000000,0.25,0.25,0.08,387000000,-50000000,-42000000,284000000,882000000,74000000,39.7,45.24,34.16,0.4653,0.0895,2.62,14.6,35.45,0.56,0.2544,2.7788,0.1984,0.1218,0.73,0.63,3.1906
2014-09-28,501324843,501324843,1,6527000000,3353000000,5138000000,998000000,1364000000,25000000,0,1739000000,3642000000,1210000000,166000000,166000000,0.33,0.33,0.072,103000000,-42000000,-38000000,20000000,598000000,41000000,34.49,37.31,31.67,0.4844,0.0864,2.72,13.74,32.85,0.48,0.255,2.6701,0.209,0.1191,0.73,0.12,3.3597
2014-06-29,501193395,501193395,1,6522000000,3327000000,5239000000,1061000000,1260000000,23000000,0,1758000000,3642000000,1158000000,136000000,136000000,0.27,0.27,0.072,159000000,-50000000,-39000000,72000000,578000000,35000000,30.59,33.05,28.14,0.5117,None,2.51,14.23,29.41,0.41,0.2651,2.8905,0.1932,0.1143,0.72,0.25,3.1357
2014-03-30,501018690,501018690,1,6403000000,3222000000,5304000000,1127000000,1077000000,22000000,0,1769000000,3642000000,1097000000,155000000,155000000,0.31,0.31,0.072,-23000000,-45000000,-35000000,-104000000,506000000,45000000,30.75,32.73,28.77,0.5672,None,2.15,16.36,30.45,0.34,0.2623,3.3816,0.1682,0.1136,0.72,-0.14,2.8589
2013-12-31,500729429,500729429,1,6558000000,3357000000,5596000000,1415000000,940000000,22000000,0,1785000000,3642000000,1254000000,105000000,105000000,0.21,0.21,0.07,298000000,-51000000,-28000000,221000000,610000000,41000000,32.1,33.34,30.86,None,None,1.88,18.99,None,0.27,0.263,3.8745,0.1433,None,None,0.51,2.3724
2013-09-29,500006833,500006833,1,6259000000,3083000000,5393000000,1308000000,843000000,23000000,0,1795000000,3642000000,1103000000,131000000,131000000,0.26,0.26,0.065,114000000,-54000000,-32000000,20000000,389000000,54000000,30.78,32.75,28.81,None,None,1.69,19.24,None,0.2,None,4.3203,0.1347,None,None,0.12,2.357
2013-06-30,500000000,500000000,1,6261000000,3082000000,5438000000,1321000000,800000000,23000000,0,1816000000,3640000000,1114000000,128000000,128000000,0.26,0.26,0.065,-12000000,-52000000,-32000000,-99000000,369000000,52000000,32.07,34.74,29.4,None,None,1.6,22.58,None,0.13,None,4.55,0.1278,None,None,-0.13,2.3331
2013-03-31,500000000,500000000,1,6142000000,2942000000,5418000000,1287000000,709000000,15000000,0,1840000000,3640000000,1090000000,140000000,140000000,0.28,0.28,0.065,281000000,-22000000,-108000000,151000000,468000000,22000000,32.95,35.42,30.47,None,None,1.42,None,None,0.065,None,5.134,0.1154,None,None,0.52,2.2859
