"Quarter end","Shares","Shares split adjusted","Split factor","Assets","Current Assets","Liabilities","Current Liabilities","Shareholders equity","Non-controlling interest","Preferred equity","Goodwill & intangibles","Long-term debt","Revenue","Earnings","Earnings available for common stockholders","EPS basic","EPS diluted","Dividend per share","Cash from operating activities","Cash from investing activities","Cash from financing activities","Cash change during period","Cash at end of period","Capital expenditures","Price","Price high","Price low","ROE","ROA","Book value of equity per share","P/B ratio","P/E ratio","Cumulative dividends per share","Dividend payout ratio","Long-term debt to equity ratio","Equity to assets ratio","Net margin","Asset turnover","Free cash flow per share","Current ratio"
2019-03-30,115041840,115041840,1,2715819000,790602000,1468111000,598383000,1247708000,0,0,1421913000,738700000,290451000,-43513000,-43513000,-0.37,-0.37,0,141130000,-27128000,-96899000,17299000,295432000,20936000,86.13,94.99,77.26,0.0072,0.003,10.85,7.73,172.26,0,0,0.592,0.4594,0.0061,0.5,1.04,1.3212
2018-12-29,118627720,118627720,1,2752969000,799985000,1431800000,540969000,1321169000,0,0,1435985000,778484000,334689000,20985000,20985000,0.18,0.18,0,21214000,-101212000,94997000,17040000,278133000,30332000,92.06,107.44,76.67,0.0597,0.0245,11.14,12.24,209.23,0,0,0.5892,0.4799,0.0465,0.53,-0.08,1.4788
2018-09-30,116337920,116337920,1,2329022000,633784000,1454433000,735279000,874589000,0,0,1382659000,643268000,312520000,13191000,13191000,0.11,0.11,0,62489000,-19123000,-45771000,-6606000,259946000,17375000,98.92,107.39,90.46,0.059,0.0226,7.52,13.97,210.47,0,0,0.7355,0.3755,0.0419,0.54,0.39,0.862
2018-06-30,117829713,117829713,1,2255631000,588212000,1421246000,665110000,834385000,0,0,1397119000,693053000,314777000,16997000,16997000,0.15,0.14,0,49047000,-7396000,-65429000,-33224000,266552000,7527000,87.78,100.79,74.77,0.0636,0.0243,7.08,10.92,274.31,0,0,0.8306,0.3699,0.0455,0.53,0.35,0.8844
2018-03-31,115386106,115386106,1,2328814000,649160000,1401090000,689326000,927724000,0,0,1421633000,642837000,307883000,7922000,7922000,0.07,0.07,0,111148000,-13308000,-92982000,8097000,299776000,5262000,71.09,81.72,60.45,0.0433,0.0165,8.04,9.29,296.21,0,0,0.6929,0.3984,0.0316,0.52,0.92,0.9417
2017-12-30,116284430,116284430,1,2305942000,619459000,1416843000,604336000,889099000,0,0,1427988000,742622000,306644000,13877000,13877000,0.12,0.12,0,25127000,-9385000,-6664000,11676000,291679000,8877000,61.43,67.12,55.74,0.0338,0.0126,7.65,8.06,1535.75,0,0,0.8353,0.3856,0.0247,0.51,0.14,1.025
2017-09-30,116125277,116125277,1,2360384000,666556000,1474948000,678909000,885436000,0,0,1440680000,712406000,306379000,17435000,17435000,0.15,0.14,0,32524000,-6319000,-9360000,19308000,280003000,6111000,55.75,59.29,52.2,0.0074,0.0027,7.62,7.71,None,0,0,0.8046,0.3751,0.0054,0.51,0.23,0.9818
2017-07-01,115607536,115607536,1,2291761000,609459000,1456381000,650940000,835380000,0,0,1445453000,712191000,291293000,-951000,-951000,-0.01,-0.01,0,73655000,-11517000,-50157000,17379000,260695000,4544000,55.61,60.22,51,-0.0474,-0.0173,7.23,7.59,None,0,None,0.8525,0.3645,None,0.5,0.6,0.9363
2017-04-01,115521649,115521649,1,2333748000,671723000,1486404000,683945000,847344000,0,0,1441577000,711976000,280040000,-1104000,-1104000,-0.01,-0.01,0,76389000,7307000,-16712000,69949000,243316000,7689000,51.33,56.73,45.93,-0.0423,-0.0155,7.33,7.25,None,0,None,0.8402,0.3631,None,0.5,0.59,0.9821
2016-12-31,115721488,115721488,1,2196941000,513188000,1377976000,556730000,818965000,0,0,1453219000,731762000,286327000,-9141000,-9141000,-0.08,-0.08,0,-47978000,-5598000,-41232000,-104568000,173367000,7100000,46.52,49.93,43.1,-0.047,-0.0171,7.08,6.38,None,0,None,0.8935,0.3728,None,0.49,-0.48,0.9218
2016-09-30,115604111,115604111,1,2352253000,642589000,1509587000,654519000,842666000,0,0,1480118000,758125000,288237000,-28473000,-28473000,-0.25,-0.25,0,13572000,-11728000,-20398000,-16691000,277935000,9557000,40.66,44.75,36.57,-0.0642,-0.0234,7.29,5.42,None,0,None,0.8997,0.3582,None,0.49,0.03,0.9818
2016-07-02,114956077,114956077,1,2339146000,635286000,1476485000,603894000,862661000,0,0,1493042000,778125000,288652000,3073000,3073000,0.03,0.03,0,59457000,-52371000,-80189000,-73830000,294626000,7766000,35.51,39.44,31.58,-0.037,-0.0138,7.5,4.77,None,0,None,0.902,0.3688,None,0.51,0.45,1.052
2016-04-02,114622526,114622526,1,2411502000,741390000,1557398000,618806000,854104000,0,0,1511416000,838125000,272627000,-5173000,-5173000,-0.05,-0.05,0,48885000,-104092000,119362000,71659000,368456000,4681000,30.63,34.2,27.06,-0.0203,-0.0077,7.45,4.2,None,0,None,0.9813,0.3542,None,0.53,0.39,1.1981
2016-01-02,114531686,114531686,1,2215893000,659588000,1379956000,579387000,835937000,0,0,1403900000,718125000,291017000,-23892000,-23892000,-0.21,-0.21,0,61254000,-68965000,32924000,23380000,296797000,4185000,33.81,37.09,30.53,-0.0078,-0.003,7.3,4.48,82.46,0,None,0.8591,0.3772,None,0.56,0.5,1.1384
2015-09-30,113933336,113933336,1,2209913000,704679000,1349742000,617260000,860171000,0,0,1360342000,618125000,312568000,-5554000,-5554000,-0.05,-0.05,0,-12560000,-9991000,24457000,-1643000,273417000,9991000,36.22,41.48,30.97,0.0559,0.0221,7.55,4.98,45.85,0,0,0.7186,0.3892,0.0379,0.58,-0.2,1.1416
2015-07-04,114168760,114168760,1,2146601000,635205000,1316278000,638193000,830323000,0,0,1377323000,580625000,303113000,17435000,17435000,0.15,0.15,0,86839000,-115121000,36333000,7245000,275060000,6530000,39.42,42.75,36.09,0.1083,0.0428,7.27,5.31,41.06,0,0,0.6993,0.3868,0.0702,0.61,0.7,0.9953
2015-04-04,114986644,114986644,1,2108630000,706252000,1254410000,660736000,854220000,0,0,1286396000,493125000,314119000,5392000,5392000,0.05,0.05,0,91992000,-6160000,-75192000,6763000,267815000,6160000,34.11,37.06,31.15,0.1272,0.0535,7.43,4.58,26.86,0,0,0.5773,0.4051,0.0837,0.64,0.75,1.0689
2015-01-03,114926977,114926977,1,2137223000,696065000,1281770000,588982000,855453000,0,0,1320013000,574375000,325442000,30284000,30284000,0.26,0.26,0,13632000,-8767000,-27753000,-32602000,261052000,7947000,36.5,39.38,33.61,0.1646,0.0731,7.44,5.07,27.24,0,0,0.6714,0.4003,0.1111,0.66,0.05,1.1818
2014-09-30,118617712,118617712,1,2199954000,732167000,1346065000,626667000,853889000,0,0,1349400000,586875000,366708000,38755000,38755000,0.34,0.33,0,51165000,-220560000,168885000,-10519000,293654000,8554000,37.78,40.06,35.49,0.1696,0.0799,7.2,4.56,25.53,0,0,0.6873,0.3881,0.1181,0.68,0.36,1.1684
2014-06-28,117308872,117308872,1,1958206000,711229000,985737000,548351000,972469000,0,0,1138784000,299375000,336634000,38026000,38026000,0.32,0.32,0,106423000,-6379000,-66618000,33703000,304173000,6379000,35.87,38.95,32.79,0.1848,0.093,8.29,4.33,24.74,0,0,0.3079,0.4966,0.1333,0.7,0.85,1.297
2014-03-29,118618612,118618612,1,1959126000,703444000,976705000,525815000,982421000,0,0,1149225000,305625000,328700000,43756000,43756000,0.37,0.36,0,110722000,-116087000,-94704000,-100907000,270470000,4568000,36.93,40.4,33.46,0.187,0.0936,8.28,4.55,30.02,0,0,0.3111,0.5015,0.1327,0.71,0.89,1.3378
2013-12-28,119283329,119283329,1,1904742000,769100000,936094000,455937000,968648000,0,0,1029422000,353125000,324925000,39657000,39657000,0.33,0.33,0,36242000,-5774000,97790000,129464000,371377000,5774000,30.79,34.4,27.18,0.1652,0.0812,8.12,3.97,25.87,0,0,0.3646,0.5085,0.1137,0.71,0.26,1.6869
2013-09-30,119585470,119585470,1,1828906000,680216000,902426000,528613000,926480000,0,0,1042216000,243125000,344845000,56466000,56466000,0.47,0.47,0,43661000,-34505000,-28346000,-15118000,241913000,10200000,26.99,28.84,25.15,0.1676,0.0802,7.75,3.78,2699,0,0,0.2624,0.5066,0.1111,0.72,0.28,1.2868
2013-06-29,119070239,119070239,1,1756777000,639948000,906072000,494028000,850705000,0,0,1013581000,258750000,314996000,34455000,34455000,0.29,0.29,0,84590000,-5096000,-61478000,16222000,257031000,6702000,23.58,25.32,21.84,0.004,0.0019,7.14,3.41,None,0,0,0.3042,0.4842,0.0026,0.71,0.65,1.2954
2013-03-30,119620521,119620521,1,1784819000,645238000,957020000,499069000,827799000,0,0,1026999000,300625000,313949000,17037000,17037000,0.14,0.14,0,82796000,-5033000,-80358000,-7583000,240809000,5033000,24.29,26.06,22.51,-0.0099,-0.0047,6.92,3.53,None,0,None,0.3632,0.4638,None,0.73,0.65,1.2929
2012-12-29,119857129,119857129,1,1802646000,633498000,976688000,453320000,825958000,0,0,1048000000,362500000,319751000,35811000,35811000,0.3,0.29,0,13636000,-229816000,-26342000,-241151000,248392000,7393000,21.05,23.1,19,-0.026,-0.0127,6.89,3.16,None,0,None,0.4389,0.4582,None,0.73,0.05,1.3975
2012-09-30,119486980,119486980,1,1791634000,879152000,994375000,481744000,797259000,0,0,796232000,362500000,325295000,-83985000,-83985000,-0.71,-0.71,0,20931000,-7957000,234741000,251496000,489543000,8907000,21.13,24.3,17.96,-0.0421,-0.0212,6.67,2.91,29.76,0,None,0.4547,0.445,None,0.75,0.1,1.8249
2012-06-30,119050170,119050170,1,1611461000,607971000,748458000,482295000,863003000,0,0,799741000,140000000,310983000,22895000,22895000,0.19,0.19,0,64010000,-5882000,-40206000,13940000,238047000,5882000,23.73,28.5,18.95,0.1017,0.0529,7.25,3.31,36.51,0,0,0.1622,0.5355,0.0679,0.78,0.49,1.2606
2012-03-31,119575472,119575472,1,1658616000,631260000,800623000,506532000,857993000,0,0,821727000,160000000,301125000,3569000,3569000,0.03,0.03,0,96549000,-9344000,-54557000,36756000,224107000,9054000,23.24,28.5,17.98,0.0947,0.0479,7.18,3.26,29.79,0,0,0.1865,0.5173,0.063,0.76,0.73,1.2462
2011-12-31,119103630,119103630,1,1613385000,588288000,765656000,428393000,847729000,0,0,822070000,200000000,318276000,22123000,22123000,0.19,0.18,0,36485000,-8450000,-5315000,19473000,187351000,7570000,18.26,22,14.52,0.1151,0.0601,7.12,2.63,25.72,0,0,0.2359,0.5254,0.0774,0.78,0.24,1.3732
2011-09-30,118783023,118783023,1,1629682000,592264000,806992000,469391000,822690000,0,0,835411000,200000000,339425000,37621000,37621000,0.33,0.31,0,27000,-24395000,-62149000,-92873000,167878000,9522000,19.35,24,14.7,0.1071,0.0577,6.93,2.84,66.72,0,0,0.2431,0.5048,0.0732,0.79,-0.08,1.2618
2011-07-02,117565519,117565519,1,1681513000,618258000,879369000,485230000,802144000,0,0,851882000,250000000,291783000,15526000,15526000,0.13,0.13,0,48433000,-271888000,218021000,1247000,260751000,6735000,22.87,24.61,21.12,0.0444,0.0247,6.82,3.39,91.48,0,0,0.3117,0.477,0.0316,0.78,0.35,1.2742
2011-04-02,119106884,119106884,1,1347101000,625003000,544073000,437709000,803028000,0,0,541753000,0,269189000,19017000,19017000,0.16,0.16,0,78276000,-6148000,-778000,76589000,259504000,6148000,23.14,25.3,20.99,0.0391,0.0229,6.74,3.58,136.12,0,0,0,0.5961,0.0284,0.81,0.61,1.4279
2011-01-01,118119026,118119026,1,1267511000,538835000,503471000,398128000,764040000,0,0,534565000,0,266552000,13260000,13260000,0.11,0.11,0,-48038000,-5412000,-4674000,-57338000,182915000,5412000,21.27,23.36,19.19,0.0265,0.0153,6.47,3.3,101.29,0,0,0,0.6028,0.0194,0.79,-0.45,1.3534
2010-09-30,115974041,115974041,1,1307064000,568257000,559760000,452994000,747304000,0,0,546440000,0,268066000,-13215000,-13215000,-0.11,-0.11,0,15568000,-5679000,1643000,21234000,240253000,5045000,15.12,16.85,13.39,0.0325,0.0186,6.44,2.37,32.87,0,0,0,0.5717,0.0241,0.77,0.09,1.2544
2010-07-03,115354999,115354999,1,1269040000,534231000,534445000,439032000,734595000,0,0,534009000,0,242998000,10718000,10718000,0.09,0.09,0,50368000,-4582000,-44685000,-3673000,219019000,4582000,17.05,18.36,15.73,0.0711,0.0405,6.37,2.67,42.63,0,0,0,0.5789,0.0541,0.75,0.4,1.2168
2010-04-03,116084081,116084081,1,1311825000,550701000,570066000,473771000,741759000,0,0,559439000,0,240556000,9002000,9002000,0.08,0.08,0,67948000,-10730000,-61180000,-8452000,222692000,9225000,17.64,19.97,15.32,0.0617,0.0351,6.39,2.68,46.42,0,0,0,0.5654,0.0479,0.73,0.51,1.1624
2010-01-02,117164838,117164838,1,1347686000,566254000,575772000,474927000,771914000,0,0,582422000,0,258429000,17863000,17863000,0.15,0.15,0,22760000,-8459000,-16513000,-3978000,231144000,7877000,17.55,19.54,15.56,0.0599,0.034,6.59,2.67,65,0,0,0,0.5728,0.0468,0.73,0.13,1.1923
2009-09-30,115864021,115864021,1,1350212000,546466000,588631000,491431000,761581000,0,0,596517000,0,246343000,15900000,15900000,0.14,0.14,0,-7621000,-6278000,10774000,3777000,235122000,6278000,13.92,18.36,9.48,0.0432,0.0242,6.57,2.17,30.93,0,0,0,0.564,0.0336,0.72,-0.12,1.112
2009-07-04,116180536,116180536,1,1296522000,512889000,551487000,483407000,745035000,0,0,593280000,0,226159000,3788000,3788000,0.03,0.03,0,-11353000,-32858000,716000,-36373000,231345000,8543000,10.22,13.23,7.21,0.073,0.04,6.41,1.67,18.93,0,0,0,0.5746,0.0526,0.76,-0.17,1.061
2009-04-04,115874521,115874521,1,1266862000,540924000,557344000,489159000,709518000,0,0,565754000,0,225292000,7175000,7175000,0.06,0.06,0,74226000,-7207000,-20605000,40785000,267718000,7094000,11.53,12.84,10.22,0.0909,0.0479,6.12,1.9,18.02,0,0,0,0.5601,0.0606,0.79,0.58,1.1058
2009-01-03,115586023,115586023,1,1302692000,539273000,602456000,529111000,700236000,0,0,581305000,0,240391000,4659000,4659000,0.04,0.04,0,14424000,-16534000,-23337000,-30008000,226933000,8172000,12.43,14.16,10.69,0.1113,0.0557,6.06,2.03,18.28,0,0,0,0.5375,0.0696,0.8,0.05,1.0192
2008-09-30,115055589,115055589,1,1349573000,597494000,647048000,566353000,702525000,0,0,587537000,0,299547000,36504000,36504000,0.31,0.32,0,41134000,-4947000,-5932000,14921000,256941000,4947000,17.81,19.51,16.11,0.1236,0.0593,6.11,3.15,28.73,0,0,0,0.5206,0.0745,0.8,0.31,1.055
2008-06-28,115360211,115360211,1,1323038000,543978000,670615000,583567000,652423000,0,0,617574000,0,271748000,14470000,14470000,0.13,0.12,0,53302000,-9785000,-55002000,-16926000,242020000,9785000,15.95,18.22,13.68,0.1195,0.0578,5.66,2.95,13.52,0,0,0,0.4931,0.0712,0.81,0.38,0.9322
2008-03-29,115147267,115147267,1,1377055000,584238000,754793000,660718000,622262000,0,0,630643000,0,257793000,18848000,18848000,0.17,0.16,0,107249000,-5184000,-74663000,44158000,258946000,5877000,16.91,19.2,14.61,0.236,0.1155,5.4,3.26,14.45,0,0,0,0.4519,0.1412,0.82,0.88,0.8842
2007-12-29,115985169,115985169,1,1323699000,543425000,721264000,626720000,602435000,0,0,613434000,0,241242000,9880000,9880000,0.09,0.08,0,20555000,-267115000,198054000,-48483000,214788000,4830000,18.98,21.54,16.42,0.2505,0.1244,5.19,3.66,15.56,0,0,0,0.4551,0.144,0.86,0.14,0.8671
2007-09-30,114798585,114798585,1,1090313000,594631000,495806000,430342000,594507000,0,0,325052000,0,266652000,30639000,30639000,0.27,0.26,0,12302000,-9492000,-6517000,3315000,263271000,6918000,18.7,20.27,17.13,0.2814,0.1426,5.18,3.9,15.85,0,0,0,0.5453,0.1526,0.93,0.05,1.3818
2007-06-30,114848255,114848255,1,1051190000,534958000,500423000,396133000,550767000,0,0,327365000,0,224864000,80465000,80465000,0.71,0.68,0,38949000,-15625000,1140000,21929000,259956000,4746000,18.88,20.56,17.21,0.2943,0.1447,4.8,4.68,29.05,0,0,0,0.5239,0.1508,0.96,0.3,1.3505
2007-03-31,114859675,114859675,1,986135000,515443000,523764000,417192000,462371000,0,0,342192000,0,228096000,17399000,17399000,0.15,0.15,0,92461000,-6048000,2141000,90686000,238027000,6048000,19.68,21.81,17.56,0.174,0.0827,4.03,5.17,33.36,0,0,0,0.4689,0.0824,1,0.75,1.2355
2006-12-30,114063113,114063113,1,902562000,423740000,468384000,361848000,434178000,0,0,343381000,0,221667000,15153000,15153000,0.14,0.13,0,-16338000,-23984000,2212000,-36107000,147341000,6345000,18.68,21.7,15.65,0.1682,0.0788,3.81,4.74,34.92,0,0,0,0.4811,0.0775,1.02,-0.2,1.171
2006-09-30,111329930,111329930,1,895444000,438116000,457345000,346704000,438099000,0,0,327122000,0,245502000,25723000,25723000,0.22,0.22,0,11803000,-6407000,3712000,9555000,183448000,6407000,15.94,17.67,14.2,0.1585,0.0727,3.94,4.53,34.28,0,0,0,0.4893,0.0712,1.02,0.05,1.2637
2006-07-01,111647286,111647286,1,851954000,408659000,458906000,346244000,393048000,0,0,328622000,0,216704000,16876000,16876000,0.15,0.15,0,13989000,-69320000,1031000,-50272000,173893000,4911000,15.91,17.42,14.4,0.1475,0.0647,3.52,4.88,28.16,0,0,0,0.4613,0.0652,0.99,0.08,1.1803
2006-04-01,111399377,111399377,1,829301000,457192000,465845000,351743000,363456000,0,0,265504000,0,200194000,10751000,10751000,0.1,0.09,0,60941000,-4804000,1063000,57013000,224165000,4804000,14.13,16.54,11.73,0.1849,0.0792,3.26,4.6,21.74,0,0,0,0.4383,0.081,0.98,0.5,1.2998
2005-12-31,277700549,111080219,0.4,772058000,395428000,430556000,315178000,341502000,0,0,267993000,0,192518000,7516000,7516000,0.03,0.03,0,-21569000,-14025000,738000,-37271000,167152000,3350000,15.11,17.77,12.45,0.2257,0.0939,3.07,5.07,20.15,0,0,0,0.4423,0.0967,0.97,-0.22,1.2546
2005-09-30,271648750,108659500,0.4,786623000,423727000,462779000,344762000,323844000,0,0,258838000,0,195092000,17275000,17275000,0.06,0.06,0,8694000,-195488000,-10493000,-198585000,204423000,3397000,13.66,15.23,12.08,0.2781,0.1115,2.98,4.69,14.01,0,0,0,0.4117,0.116,0.96,0.05,1.229
2005-07-02,272312542,108925016,0.4,754810000,605368000,437957000,353865000,316853000,0,0,63551000,0,180334000,26654000,26654000,0.1,0.1,0,35652000,-10449000,1187000,18838000,403008000,3639000,13.87,14.85,12.88,0.3868,0.1506,2.91,5.14,15.85,0,0,0,0.4198,0.1557,0.97,0.29,1.7107
2005-04-02,271645550,108658220,0.4,751691000,610624000,458839000,372691000,292852000,0,0,56609000,0,176103000,20504000,20504000,0.08,0.07,0,55109000,-6291000,4243000,50106000,384170000,5123000,14.43,16.75,12.1,0.3919,0.143,2.7,5.82,19.9,0,0,0,0.3896,0.1431,1,0.46,1.6384
2005-01-01,271533614,108613445,0.4,704991000,563237000,436121000,345497000,268870000,0,0,56459000,0,169190000,19159000,19159000,0.07,0.07,0,28684000,-2804000,3045000,39177000,334064000,2799000,16.52,17.93,15.1,0.3639,0.1243,2.48,7.31,55.07,0,0,0,0.3814,0.1197,1.04,0.24,1.6302
2004-09-30,268030621,107212248,0.4,666382000,522740000,424431000,332665000,241951000,0,0,56543000,0,170134000,42044000,42044000,0.16,0.15,0,39620000,-4839000,4495000,37146000,294887000,4838000,8.84,10,7.67,0.1771,0.0569,2.26,4.88,None,0,0,0,0.3631,0.0527,1.08,0.32,1.5714
2004-07-03,269126477,107650590,0.4,613156000,465549000,418237000,329512000,194919000,0,0,58536000,0,168377000,16135000,16135000,0.06,0.06,0,46544000,-11739000,446000,36076000,257741000,1586000,11.38,12.6,10.15,-0.2445,-0.0766,1.81,6.81,None,0,None,0,0.3179,None,1.11,0.42,1.4128
2004-04-03,268073578,107229431,0.4,605672000,459670000,426367000,334862000,179305000,0,0,49838000,0,164708000,3171000,3171000,0.01,0.01,0,31185000,-2796000,4430000,31610000,221665000,2406000,11.93,13.35,10.5,-0.4889,-0.1612,1.67,7.5,None,0,None,0,0.296,None,1.1,0.27,1.3727
2004-01-03,267929784,107171913,0.4,563682000,411899000,393667000,305087000,170015000,0,0,51289000,0,156810000,-26537000,-26537000,-0.1,-0.1,0,-16013000,-2896000,341000,-15257000,190055000,2094000,11.68,13.2,10.15,-0.5242,-0.189,1.59,6.35,None,0,None,0,0.3016,None,1.09,-0.17,1.3501
2003-09-30,264500527,105800210,0.4,577690000,416086000,382532000,297500000,195158000,0,0,51851000,0,163703000,-37959000,-37959000,-0.14,-0.14,0,-9628000,-5832000,3738000,-2950000,205312000,4464000,6.06,8,4.12,-0.4032,-0.1586,1.84,2.77,None,0,None,0,0.3378,None,1.08,-0.13,1.3986
2003-06-28,266261553,106504621,0.4,613068000,446194000,379567000,306721000,233501000,0,0,51524000,0,165244000,-33762000,-33762000,-0.13,-0.13,0,10215000,24639000,-122000,34299000,208262000,5055000,5.88,7.2,4.55,-0.4156,-0.1726,2.19,2.33,None,0,None,0,0.3809,None,1.06,0.05,1.4547
2003-03-29,264500527,105800210,0.4,646670000,473168000,379899000,309296000,266771000,0,0,52245000,0,171026000,-15169000,-15169000,-0.06,-0.06,0,-3567000,-8148000,3905000,-9397000,173963000,7283000,7.18,8.95,5.42,-0.3408,-0.1511,2.52,2.7,None,0,None,0,0.4125,None,1.04,-0.1,1.5298
2002-12-28,262584050,105033620,0.4,641064000,464326000,361584000,293160000,279480000,0,0,53241000,0,171967000,-11390000,-11390000,-0.04,-0.04,0,9475000,-5154000,0,4535000,183360000,4022000,8.7,10.02,7.38,-0.3116,-0.1462,2.66,3.13,None,0,None,0,0.436,None,1.02,0.05,1.5839
2002-09-30,260801017,104320406,0.4,674959000,500585000,385031000,315697000,289928000,0,0,54303000,0,175829000,-50817000,-50817000,-0.2,-0.2,0,-56000,459000,3708000,1306000,178825000,3713000,6.47,8.45,4.5,-0.2635,-0.1281,2.78,1.88,None,0,None,0,0.4295,None,1.02,-0.04,1.5857
2002-06-29,261190198,104476079,0.4,736668000,476889000,376189000,332099000,360479000,0,0,65199000,0,182508000,-24570000,-24570000,-0.09,-0.09,0,8366000,-7126000,4000,7393000,177519000,6355000,11.71,15.4,8.02,-0.1769,-0.0889,3.45,3.22,None,0,None,0,0.4893,None,1.04,0.02,1.436
2002-03-30,260801017,104320406,0.4,740124000,469546000,359928000,324052000,380196000,0,0,73184000,0,185015000,-15285000,-15285000,-0.06,-0.06,0,-25365000,-11332000,4646000,-32910000,170126000,9503000,17.98,20.85,15.1,-0.1131,-0.0587,3.64,4.79,None,0,None,0,0.5137,None,1.07,-0.33,1.449
2001-12-29,259988968,103995587,0.4,770711000,495874000,380288000,343645000,390423000,0,0,83001000,0,198605000,-2949000,-2949000,-0.01,-0.01,0,-5559000,-3399000,-4729000,-14333000,203036000,10095000,18.43,23.85,13,-0.0547,-0.029,3.75,4.8,None,0,None,0,0.5066,None,1.11,-0.15,1.443
2001-09-30,260537639,104215055,0.4,797838000,515688000,398136000,359636000,399702000,0,0,92838000,0,225439000,-24904000,-24904000,-0.1,-0.1,0,-3757000,-22341000,-14475000,-42920000,217369000,10699000,22.81,31.63,14,-0.0181,-0.0099,3.84,5.33,91.24,0,None,0,0.501,None,1.13,-0.14,1.4339
2001-06-30,262542933,105017173,0.4,815839000,558850000,366170000,340307000,449669000,0,0,100755000,0,229093000,-2685000,-2685000,-0.01,-0.01,0,10722000,-17811000,-21828000,-27709000,260289000,11247000,27.6,34.98,20.22,0.0485,0.0274,4.28,6.16,220.8,0,0,0,0.5512,0.025,1.1,-0,1.6422
2001-03-31,264178703,105671481,0.4,848833000,588866000,375111000,348305000,473722000,0,0,110638000,0,245130000,7121000,7121000,0.03,0.03,0,60517000,19345000,-26094000,51772000,287998000,19988000,32,41.57,22.43,0.0212,0.0121,4.48,6.88,2305843009213693952,0,0,0,0.5581,0.0115,1.05,0.38,1.6907
2000-12-30,265797156,106318862,0.4,850636000,550375000,356055000,325412000,494581000,0,0,122432000,0,234944000,12254000,12254000,0.05,0.05,0,-16403000,-25930000,-45079000,-89646000,236226000,19454000,29.65,36.25,23.05,-0.0039,-0.0023,4.65,6.01,None,0,None,0,0.5814,None,0.99,-0.34,1.6913
2000-09-30,268279560,107311824,0.4,924883000,628433000,396341000,362352000,528542000,0,0,131679000,0,235018000,6912000,6912000,0.03,0.03,0,29195000,-4880000,-32816000,-8402000,325872000,6250000,29.69,34.52,24.85,-0.007,-0.0041,4.93,5.87,107.96,0,None,0,0.5715,None,0.95,0.21,1.7343
2000-07-01,272277601,108911040,0.4,959349000,646659000,408268000,383260000,551081000,0,0,142499000,0,227254000,-15427000,-15427000,-0.06,-0.06,0,29515000,10277000,-34637000,5777000,334274000,8441000,24.54,29.07,20,0.0571,0.0324,5.06,4.51,32.72,0,0,0,0.5744,0.0333,0.97,0.19,1.6873
2000-04-01,276007715,110403086,0.4,1002856000,684239000,402809000,372258000,600047000,0,0,153753000,0,227105000,-5846000,-5846000,-0.02,-0.02,0,-8897000,18073000,3209000,13146000,328497000,42395000,63.75,79.85,47.65,0.1539,0.0837,5.44,11.7,70.83,0,0,0,0.5983,0.0824,1.01,-0.46,1.8381
2000-01-01,274962701,109985080,0.4,1024034000,719383000,424983000,390525000,599051000,0,0,162135000,0,239037000,10381000,10381000,0.04,0.04,0,2038000,17052000,53845000,75562000,315351000,-15948000,58.53,82.2,34.85,0.1996,0.102,5.45,12.17,54.45,0,0,0,0.585,0.0953,1.07,0.16,1.8421
1999-09-30,271068732,108427492,0.4,1016620000,705104000,495516000,457183000,521104000,0,0,166847000,0,280096000,43334000,43334000,0.16,0.15,0,46319000,-33942000,7881000,26687000,239789000,39996000,36.49,40.48,32.5,0.2714,0.1274,4.81,8.86,39.45,0,0,0,0.5126,0.1128,1.13,0.06,1.5423
1999-07-03,269257473,107702989,0.4,938751000,617383000,494504000,415169000,444247000,0,0,151043000,0,264140000,35419000,35419000,0.13,0.13,0,42511000,-41098000,-23944000,-23162000,213102000,8300000,39.15,48.45,29.85,0.2583,0.1134,4.12,9.76,54,0,0,0,0.4732,0.095,1.19,0.32,1.4871
1999-04-03,270742007,108296802,0.4,930468000,602255000,496731000,412981000,433737000,0,0,163546000,0,263248000,10549000,10549000,0.04,0.04,0,31164000,13642000,-4569000,39460000,236264000,6698000,41.88,52.5,31.25,0.2204,0.0941,4.01,12.46,88.17,0,0,0,0.4661,0.0774,1.22,0.23,1.4583
1999-01-02,267378673,106951469,0.4,860844000,602847000,501426000,416878000,359418000,0,0,0,0,250117000,29991000,29991000,0.11,0.11,0,30847000,2312000,-45470000,-9167000,196804000,8536000,33.84,45.32,22.35,0.1625,0.066,3.36,11.13,42.97,0,0,0,0.4175,0.052,1.27,0.21,1.4461
1998-09-30,269423460,107769384,0.4,832840000,593781000,505403000,419542000,327437000,0,0,0,0,285891000,25087000,25087000,0.08,0.09,0,59508000,8410000,-55342000,11945000,205971000,5245000,32.89,41.4,24.38,0.2036,0.1038,3.04,10.34,28.91,0,0,0,0.3932,0.0852,1.22,0.5,1.4153
1998-07-04,272220106,108888042,0.4,810270000,589194000,463746000,393948000,346524000,0,0,0,0,245001000,15209000,15209000,0.06,0.05,0,29619000,-112168000,24107000,-61417000,194026000,20053000,63.75,87.35,40.15,0.2417,0.1462,3.18,22.69,41.46,0,0,0,0.4277,0.1282,1.14,0.09,1.4956
1998-04-04,270544112,108217644,0.4,790654000,633914000,486452000,411394000,304202000,0,0,0,0,264071000,-15942000,-15942000,-0.06,-0.06,0,44427000,173885000,-237357000,-18113000,255443000,4844000,71.64,85.78,57.5,0.2875,0.197,2.81,10.15,32.94,0,0,0,0.3847,0.1784,1.1,0.37,1.5409
1998-01-03,128344551,102675640,0.8,907456000,776505000,182734000,182276000,724722000,0,0,0,0,223007000,62343000,62343000,0.49,0.47,0,48335000,33364000,13366000,93380000,247608000,5652000,57.9,65.95,49.85,0.3679,0.2844,7.06,9.19,28.24,0,0,0,0.7986,0.2736,1.04,0.42,4.2601
1997-09-30,127936236,102348988,0.8,832423000,691141000,187628000,187158000,644795000,0,0,0,0,220169000,60488000,60488000,0.46,None,0,69487000,-110968000,-26069000,-69414000,154228000,7167000,59.22,66.88,51.57,0.375,0.2877,6.3,10.14,34.33,0,0,0,0.7746,0.271,1.06,0.61,3.6928
1997-06-28,127375563,101900450,0.8,781363000,692524000,186176000,185435000,595187000,0,0,0,0,207114000,56188000,56188000,0.42,None,0,57646000,-19967000,-26384000,11554000,223642000,8215000,55.13,61.1,49.15,0.3357,0.2576,5.84,10.08,34.73,0,0,0,0.7617,0.2418,1.07,0.49,3.7346
1997-03-29,127563454,102050763,0.8,742542000,656402000,184269000,183525000,558273000,0,0,0,0,198012000,53058000,53058000,0.39,None,0,80966000,-1319000,-39303000,37260000,212088000,5556000,68.13,78.13,58.13,0.3267,0.254,5.47,12.88,46.99,0,0,0,0.7518,0.2383,1.07,0.74,3.5766
1996-12-28,127489497,101991597,0.8,691063000,594293000,151251000,150484000,539812000,0,0,0,0,183501000,49451000,49451000,0.37,None,0,58236000,-56031000,-27623000,-26786000,174828000,7871000,65.39,70.47,60.32,0.3124,0.2485,5.29,13,50.3,0,0,0,0.7811,0.2345,1.06,0.49,3.9492
1996-09-30,127462608,101970086,0.8,659217000,562050000,146785000,145992000,512432000,0,0,0,0,177128000,26433000,26433000,0.2,None,0,75245000,-50525000,-6778000,17866000,201614000,4610000,55.64,64.54,46.73,0.2979,0.2408,5.03,11.81,None,0,0,0,0.7773,0.2298,1.05,0.69,3.8499
1996-06-29,126863809,101491047,0.8,593412000,485359000,115462000,114751000,477950000,0,0,0,0,157104000,41620000,41620000,0.31,None,0,64568000,268000,-12858000,50325000,183748000,8788000,51.96,60.94,42.98,None,None,4.71,11.81,None,0,None,0,0.8054,None,None,0.55,4.2297
1996-03-30,126643224,101314579,0.8,540916000,426011000,94842000,94040000,446074000,0,0,0,0,140493000,36837000,36837000,0.28,None,0,45548000,-65946000,-9687000,-31054000,133423000,10321000,41.41,48.91,33.91,None,None,4.4,10.08,None,0,None,0,0.8247,None,None,0.35,4.5301
1995-12-30,63110212,100976339,1.6,497330000,442801000,82139000,81322000,415191000,0,0,0,0,125397000,33020000,33020000,0.5,None,0,44363000,-28308000,3397000,18839000,164477000,5931000,39.38,44.54,34.22,None,None,4.11,10.7,None,0,None,0,0.8348,None,None,0.38,5.445
1995-09-30,62997238,100795580,1.6,453727000,399732000,82798000,82030000,370929000,0,0,0,0,None,None,None,None,None,0,31287000,-42641000,6923000,-5929000,145638000,5575000,35.09,39.54,30.63,None,None,3.68,9.97,None,0,None,0,0.8175,None,None,0.26,4.873
1995-07-01,58209126,93134601,1.6,398564000,353316000,70753000,70074000,327811000,0,0,0,0,97025000,13171000,13171000,0.22,None,0,24877000,-2955000,7386000,29847000,148099000,3631000,27.09,31.41,22.77,None,None,3.52,8.28,None,0,None,0,0.8225,None,None,0.23,5.042
1995-04-01,57792507,92468011,1.6,366022000,348162000,63234000,62558000,302788000,0,0,0,0,83525000,22267000,22267000,0.37,None,0,None,None,None,None,118252000,0,23.83,27.35,20.31,None,None,3.27,None,None,0,None,0,0.8272,None,None,None,5.5654
