"Quarter end","Shares","Shares split adjusted","Split factor","Assets","Current Assets","Liabilities","Current Liabilities","Shareholders equity","Non-controlling interest","Preferred equity","Goodwill & intangibles","Long-term debt","Revenue","Earnings","Earnings available for common stockholders","EPS basic","EPS diluted","Dividend per share","Cash from operating activities","Cash from investing activities","Cash from financing activities","Cash change during period","Cash at end of period","Capital expenditures","Price","Price high","Price low","ROE","ROA","Book value of equity per share","P/B ratio","P/E ratio","Cumulative dividends per share","Dividend payout ratio","Long-term debt to equity ratio","Equity to assets ratio","Net margin","Asset turnover","Free cash flow per share","Current ratio"
2019-03-31,1299092100,1299092100,1,219768000000,47857000000,159762000000,50631000000,59686000000,320000000,0,114222000000,67888000000,61646000000,1427000000,1427000000,1.09,1.09,0.5,1948000000,-891000000,816000000,1873000000,6168000000,711000000,61.13,70.32,51.93,-0.0035,-0.001,45.94,1.36,None,19.08,None,1.1374,0.2716,None,1.24,0.95,0.9452
2018-12-31,1297082165,1297082165,1,196456000000,45243000000,137913000000,44009000000,58225000000,318000000,0,115202000000,71444000000,54909000000,-419000000,-419000000,-0.37,-0.37,0.5,2479000000,-41899000000,1892000000,-37528000000,4295000000,596000000,72.11,82.15,62.06,-0.014,-0.004,44.89,2.01,23.8,18.58,None,1.227,0.2964,None,1.31,1.45,1.028
2018-09-30,1018799080,1018799080,1,131506000000,71981000000,94884000000,29460000000,36618000000,4000000,0,47382000000,63620000000,47269000000,1390000000,1390000000,1.36,1.36,0.5,1097000000,-634000000,-2693000000,-2230000000,41827000000,536000000,71.6,79.97,63.23,0.0838,0.0251,35.94,2.05,24.44,18.08,0.6536,1.7374,0.2785,0.0165,1.52,0.55,2.4433
2018-06-30,1018063785,1018063785,1,133290000000,73790000000,97679000000,31493000000,35607000000,4000000,0,47542000000,65866000000,46708000000,-2563000000,-2563000000,-2.52,-2.52,0.5,2934000000,-621000000,-520000000,1793000000,44057000000,425000000,66.62,72.92,60.32,0.0819,0.0264,34.98,1.75,10.22,17.58,0.6755,1.8498,0.2671,0.0161,1.64,2.46,2.3431
2018-03-31,1016646347,1016646347,1,135139000000,71798000000,96462000000,30248000000,38673000000,4000000,0,51503000000,65875000000,45693000000,998000000,998000000,0.98,0.98,0.5,2355000000,-131000000,38140000000,40364000000,42264000000,480000000,72.01,83.88,60.14,0.1835,0.0642,38.04,1.94,11.15,17.08,0.3045,1.7034,0.2862,0.0359,1.79,1.84,2.3736
2017-12-31,1014532157,1014532157,1,95131000000,31229000000,57436000000,30648000000,37691000000,4000000,0,52081000000,22181000000,48385000000,3287000000,3287000000,3.23,3.21,0.5,-136000000,-1324000000,670000000,-790000000,1696000000,493000000,74.03,81.61,66.45,0.1885,0.071,37.15,2.15,15.33,16.58,0.3068,0.5885,0.3962,0.0358,1.98,-0.62,1.019
2017-09-30,1012992425,1012992425,1,92853000000,29923000000,57985000000,28513000000,34863000000,5000000,0,51472000000,23386000000,46181000000,1285000000,1285000000,1.26,1.26,0.5,2611000000,-434000000,-1786000000,391000000,2485000000,252000000,79.3,84,74.59,0.1443,0.0541,34.42,2.36,15.86,16.08,0.3899,0.6708,0.3755,0.0276,1.96,2.33,1.0495
2017-06-30,1016564728,1016564728,1,92525000000,29404000000,58378000000,26857000000,34142000000,5000000,0,51484000000,25622000000,45685000000,1098000000,1098000000,1.07,1.07,0.5,1999000000,-620000000,-1502000000,-123000000,2094000000,423000000,79.38,83.3,75.46,0.1505,0.0567,33.59,2.39,16.57,15.58,0.3611,0.7505,0.369,0.0293,1.93,1.55,1.0948
2017-03-31,1018795398,1018795398,1,92670000000,29457000000,58828000000,27288000000,33837000000,5000000,0,51653000000,25622000000,44514000000,952000000,952000000,0.92,0.92,0.5,3533000000,-554000000,-4133000000,-1154000000,2217000000,452000000,79.38,84.72,74.05,0.1449,0.0548,33.21,2.21,16.17,15.08,0.3626,0.7572,0.3651,0.0286,1.91,3.02,1.0795
2016-12-31,1025699605,1025699605,1,94462000000,31042000000,57628000000,26250000000,36830000000,4000000,0,51760000000,27726000000,45971000000,1705000000,1705000000,1.6,1.58,0.43,2121000000,-818000000,-121000000,1182000000,3371000000,580000000,81.16,88.8,73.53,0.1481,0.0569,35.91,2.41,17.42,14.58,0.3394,0.7528,0.3899,0.0299,1.9,1.5,1.1826
2016-09-30,1066439174,1066439174,1,94156000000,30939000000,58202000000,26741000000,35949000000,5000000,0,51781000000,25610000000,44615000000,1541000000,1540000000,1.44,1.43,0.425,3925000000,-421000000,-2442000000,1062000000,2189000000,275000000,93.38,98.66,88.1,0.142,0.0548,33.71,2.86,21.52,14.15,0.342,0.7124,0.3818,0.0296,1.85,3.42,1.157
2016-06-30,1066214990,1066214990,1,92748000000,29448000000,57982000000,26569000000,34760000000,6000000,0,51829000000,25600000000,43725000000,924000000,924000000,0.86,0.86,0.425,1611000000,-598000000,-1666000000,-652000000,1127000000,504000000,99.21,106.67,91.75,0.1327,0.0519,32.6,2.96,21.57,13.72,0.3492,0.7365,0.3748,0.0289,1.8,1.04,1.1084
2016-03-31,1074022092,1074022092,1,92634000000,29413000000,56603000000,24537000000,36025000000,6000000,0,51865000000,26267000000,43215000000,1147000000,1146000000,1.04,1.04,0.425,2412000000,-633000000,-2460000000,-680000000,1779000000,598000000,95.45,104.4,86.5,0.14,0.0585,33.54,2.82,20.62,13.3,0.3135,0.7291,0.3889,0.0322,1.81,1.69,1.1987
2015-12-31,1098490835,1098490835,1,93657000000,30378000000,56454000000,23169000000,37196000000,7000000,0,51984000000,27694000000,41145000000,1499000000,1499000000,1.34,1.33,0.35,3571000000,-2420000000,-1570000000,-431000000,2459000000,465000000,98.43,105.29,91.56,0.1411,0.0626,33.86,2.93,22.17,12.87,0.2973,0.7445,0.3972,0.0342,1.83,2.83,1.3111
2015-09-30,1107317129,1107317129,1,92362000000,30753000000,55182000000,21434000000,37174000000,6000000,0,50639000000,27455000000,38644000000,1247000000,1246000000,1.11,1.11,0.35,1820000000,-9910000000,9743000000,1646000000,2890000000,548000000,104.28,113.45,95.12,0.1356,0.0642,33.57,3.13,25.19,12.52,0.294,0.7386,0.4025,0.0339,1.89,1.15,1.4348
2015-06-30,1114486195,1114486195,1,74668000000,26401000000,37535000000,20386000000,37127000000,6000000,0,37805000000,11633000000,37169000000,1272000000,1272000000,1.13,1.12,0.35,1037000000,-546000000,-761000000,-274000000,1244000000,514000000,102.6,106.47,98.74,0.1268,0.0643,33.31,3.13,25.15,12.17,0.2972,0.3133,0.4972,0.0327,1.96,0.47,1.2951
2015-03-31,1128330774,1128330774,1,73930000000,25622000000,36935000000,19713000000,36990000000,5000000,0,37882000000,11689000000,36332000000,1221000000,1221000000,1.08,1.07,0.35,1984000000,-544000000,-2406000000,-963000000,1518000000,394000000,99.36,104.56,94.16,0.1253,0.0644,32.78,2.95,25.09,11.82,0.2837,0.316,0.5003,0.0331,1.94,1.41,1.2998
2014-12-31,1125252739,1125252739,1,74252000000,25983000000,36289000000,19027000000,37958000000,5000000,0,37916000000,12955000000,37055000000,1321000000,1321000000,1.13,1.14,0.28,3423000000,-511000000,-1561000000,1349000000,2481000000,697000000,88.01,98.62,77.4,0.1219,0.0633,33.73,2.65,22.8,11.47,0.2735,0.3413,0.5112,0.0333,1.9,2.42,1.3656
2014-09-30,1146383477,1146383477,1,73576000000,25337000000,35467000000,18213000000,38104000000,5000000,0,38005000000,11709000000,35021000000,948000000,948000000,0.82,0.81,0.275,1645000000,-349000000,-1775000000,-480000000,1132000000,544000000,78.63,82.57,74.69,0.1203,0.0631,33.24,2.39,19.32,11.19,0.2651,0.3073,0.5179,0.0339,1.86,0.96,1.3911
2014-06-30,1158126112,1158126112,1,72593000000,24138000000,34461000000,16629000000,38130000000,2000000,0,38032000000,12252000000,34602000000,1246000000,1246000000,1.07,1.06,0.275,897000000,-625000000,-1423000000,-1151000000,1612000000,501000000,75.9,79.43,72.37,0.128,0.0687,32.92,2.32,19.36,10.92,0.2388,0.3213,0.5253,0.037,1.85,0.34,1.4516
2014-03-31,1169230063,1169230063,1,72822000000,24460000000,34610000000,16213000000,38210000000,2000000,0,38125000000,12845000000,32689000000,1129000000,1129000000,0.96,0.95,0.275,2172000000,-2560000000,-935000000,-1323000000,2766000000,383000000,70.66,76.36,64.95,0.1241,0.0685,32.68,2.2,18.89,10.64,0.2363,0.3362,0.5247,0.037,1.85,1.53,1.5087
2013-12-31,1182427156,1182427156,1,71526000000,25325000000,33588000000,15425000000,37938000000,0,0,36071000000,13402000000,32782000000,1261000000,1261000000,1.05,1.04,0.22,1538000000,-213000000,1261000000,2584000000,4089000000,613000000,64.16,71.99,56.32,0.1196,0.0676,32.08,1.98,17.77,10.37,0.2352,0.3533,0.5304,0.0362,1.87,0.78,1.6418
2013-09-30,1190254167,1190254167,1,67805000000,21432000000,29271000000,15098000000,38534000000,0,0,36137000000,8819000000,31968000000,1254000000,1254000000,1.03,1.02,0.225,1703000000,-529000000,-850000000,331000000,1505000000,524000000,59.52,62.36,56.68,0.1163,0.0671,32.37,1.88,17.61,10.15,0.228,0.2289,0.5683,0.0356,1.88,0.99,1.4195
2013-06-30,1228369418,1228369418,1,66284000000,19869000000,27378000000,12690000000,38906000000,0,0,36211000000,9358000000,31248000000,1121000000,1121000000,0.91,0.91,0.225,902000000,-526000000,-751000000,-375000000,1174000000,480000000,57.32,60.7,53.94,0.111,0.064,31.67,1.84,17.8,9.92,0.2259,0.2405,0.587,0.0341,1.88,0.34,1.5657
2013-03-31,1224392685,1224392685,1,66068000000,19727000000,27859000000,13195000000,38209000000,0,0,36313000000,9352000000,30763000000,956000000,956000000,0.78,0.77,0.225,1640000000,-567000000,-897000000,176000000,1551000000,313000000,52.53,56.07,49,0.1077,0.0618,31.21,1.72,17.28,9.7,0.2174,0.2448,0.5783,0.033,1.88,1.08,1.495
2012-12-31,1231194296,1231194296,1,65912000000,19852000000,28208000000,13790000000,37704000000,0,0,36148000000,9828000000,31394000000,1129000000,1129000000,0.9,0.91,0.16,1731000000,-666000000,-923000000,142000000,1375000000,693000000,47.06,49.8,44.33,0.103,0.0591,30.62,1.59,16.01,9.47,0.2101,0.2607,0.572,0.0315,1.88,0.84,1.4396
2012-09-30,1246692587,1246692587,1,64796000000,18879000000,27880000000,13263000000,36916000000,0,0,36223000000,9210000000,30227000000,1006000000,1006000000,0.8,0.79,0.1625,923000000,-98000000,-1415000000,-590000000,1233000000,496000000,46.17,48.69,43.65,0.1009,0.0584,29.61,1.55,16.49,9.31,0.2066,0.2495,0.5697,0.0318,1.83,0.34,1.4234
2012-06-30,1272235875,1272235875,1,65589000000,19299000000,27676000000,13136000000,37913000000,0,0,36316000000,9208000000,30714000000,965000000,966000000,0.76,0.75,0.1625,1231000000,-642000000,-977000000,-388000000,1823000000,442000000,45,46.93,43.08,0.0969,0.0561,29.8,1.52,16.98,9.15,0.2035,0.2429,0.578,0.0316,1.78,0.62,1.4692
2012-03-31,1281502470,1281502470,1,66006000000,19891000000,27953000000,13412000000,38053000000,0,0,36230000000,9206000000,30798000000,775000000,776000000,0.6,0.59,0.1625,2786000000,-443000000,-1545000000,798000000,2211000000,369000000,43.45,45.88,41.01,0.0928,0.0539,29.69,1.49,16.84,8.99,0.2012,0.2419,0.5765,0.0314,1.71,1.89,1.4831
2011-12-31,1302378570,1302378570,1,64543000000,18594000000,26492000000,11956000000,38051000000,0,0,36327000000,10014000000,27917000000,1061000000,1061000000,0.83,0.81,0.13,821000000,153000000,-1268000000,-294000000,1413000000,451000000,36.81,41.35,32.28,0.0912,0.0536,29.22,1.28,14.61,8.83,0.1936,0.2632,0.5895,0.0323,1.66,0.28,1.5552
2011-09-30,1301630309,1301630309,1,65251000000,18938000000,27764000000,12350000000,37487000000,0,0,36453000000,10167000000,26674000000,867000000,868000000,0.65,0.65,0.125,1962000000,-497000000,-1986000000,-521000000,1707000000,457000000,35.06,38.82,31.3,0.0905,0.0535,28.8,1.23,14.25,8.7,1.6011,0.2712,0.5745,0.0329,1.63,1.16,1.5334
2011-06-30,1344841045,1344841045,1,65487000000,19065000000,27243000000,11752000000,38244000000,0,0,36719000000,10168000000,26629000000,816000000,816000000,0.6,0.6,0.125,1207000000,-1767000000,626000000,66000000,2228000000,413000000,36.86,39.5,34.21,0.0894,0.0534,28.44,1.32,14.98,8.57,1.6161,0.2659,0.584,0.0333,1.6,0.59,1.6223
2011-03-31,1355941242,1355941242,1,62828000000,18380000000,24909000000,11465000000,37919000000,0,0,35358000000,8669000000,25880000000,713000000,713000000,0.52,0.52,0.125,1866000000,-299000000,-832000000,735000000,2162000000,297000000,34.02,35.95,32.08,0.091,0.0543,27.97,1.23,13.66,8.45,1.5991,0.2286,0.6035,0.0342,1.59,1.16,1.6031
2010-12-31,1368174000,1368174000,1,62169000000,17706000000,24469000000,11070000000,37700000000,0,0,35453000000,8652000000,24771000000,1026000000,1026000000,0.75,0.75,3.64,1775000000,-252000000,-1075000000,448000000,1427000000,616000000,32.45,35.46,29.45,0.094,0.0556,27.55,1.2,13.03,8.32,1.5573,0.2295,0.6064,0.0355,1.56,0.85,1.5995
2010-09-30,1358800000,1358800000,1,61713000000,17339000000,25076000000,11674000000,36637000000,0,0,35549000000,8653000000,23875000000,809000000,809000000,0.59,0.59,0.0875,1292000000,-508000000,-912000000,-128000000,979000000,499000000,29.47,32.09,26.84,0.0959,0.0561,26.96,1.12,11.29,4.68,0.1356,0.2362,0.5937,0.0354,1.58,0.58,1.4853
2010-06-30,1358218000,1358218000,1,61524000000,17270000000,25652000000,11459000000,35872000000,0,0,35621000000,9454000000,24007000000,821000000,821000000,0.61,0.6,0.0875,652000000,-483000000,-109000000,60000000,1107000000,467000000,33.52,37.82,29.22,0.1025,0.0595,26.41,1.28,12.84,4.59,0.1247,0.2635,0.5831,0.0373,1.6,0.14,1.5071
2010-03-31,1360884000,1360884000,1,61284000000,17155000000,25590000000,12337000000,35694000000,0,0,35711000000,8454000000,23760000000,771000000,771000000,0.56,0.55,0.0875,1060000000,-397000000,-702000000,-39000000,1047000000,389000000,33.84,37.32,30.36,0.1041,0.0607,26.23,1.32,13.22,4.51,0.1201,0.2368,0.5824,0.0376,1.61,0.49,1.3905
2009-12-31,1390515000,1390515000,1,61641000000,17537000000,25873000000,12300000000,35768000000,0,0,35807000000,8756000000,25822100000,1049800000,1049800000,0.75,0.75,0.08,1804400000,-23700000,-1824900000,-44200000,1086000000,779500000,32.83,38.27,27.38,0.1035,0.0603,25.72,1.3,13.4,4.42,0.119,0.2448,0.5803,0.0374,1.61,0.74,1.4258
2009-09-30,1410543000,1410543000,1,61879300000,17397900000,26204400000,12700400000,35674900000,0,0,35826400000,8756200000,24641900000,1021300000,1021300000,0.71,0.71,0.07625,907400000,-437300000,-564800000,-94700000,1130600000,660700000,34.16,37.75,30.58,0.1015,0.0589,25.29,1.36,15.25,4.34,0.1197,0.2454,0.5765,0.037,1.59,0.17,1.3699
2009-06-30,1443232000,1443232000,1,61036000000,16771600000,24884400000,12763800000,36151600000,0,0,35780600000,7305200000,24871100000,886500000,886500000,0.61,0.6,0.0763,551900000,-162200000,-161800000,227900000,1225300000,618400000,30.65,34.22,27.08,0.0946,0.0556,25.05,1.26,14.12,4.26,0.1276,0.2021,0.5923,0.0355,1.56,-0.05,1.314
2009-03-31,1455881000,1455881000,1,60656100000,16088600000,25366900000,11498800000,35289200000,0,0,35856700000,9056300000,23393900000,738400000,738400000,0.51,0.5,0.0762,771300000,-445800000,-680500000,-355000000,997400000,466400000,27.1,30.47,23.74,0.0934,0.0552,24.24,1.14,12.43,4.19,0.1247,0.2566,0.5818,0.0356,1.54,0.21,1.3992
2008-12-31,1455515000,1455515000,1,60959900000,16526200000,26385500000,13489900000,34574400000,0,0,35940100000,8057200000,24142200000,952800000,949300000,0.66,0.64,0.07,1768800000,-3307500000,1608800000,70100000,1352400000,696700000,29.05,34.9,23.19,0.0958,0.0569,23.75,1.24,13.9,4.11,0.1166,0.233,0.5672,0.0366,1.55,0.74,1.2251
2008-09-27,1436228000,1436228000,1,55951500000,14968800000,22215700000,9883500000,33735800000,0,0,34122200000,8047500000,20863400000,736000000,732500000,0.51,0.5,0.069,786200000,-410400000,290800000,666600000,1282300000,527900000,35.98,40.14,31.81,0.094,0.056,23.49,1.56,17.64,4.04,0.1166,0.2385,0.6029,0.0359,1.55,0.18,1.5145
2008-06-28,1435184000,1435184000,1,54467000000,13605400000,21456800000,8810800000,33010200000,0,0,34197200000,8348300000,21140300000,774800000,771200000,0.54,0.53,0.06,651300000,-515900000,-337900000,-202500000,615700000,555000000,41.66,44.29,39.02,0.0932,0.0554,23,1.85,21.04,3.97,0.1149,0.2529,0.6061,0.0355,1.55,0.07,1.5442
2008-03-29,1429378000,1429378000,1,54567000000,13914200000,22415200000,9780100000,32151800000,0,0,34266400000,8349000000,21326000000,748500000,745000000,0.52,0.51,0.06,740800000,-346800000,-632400000,-238400000,818200000,400300000,38.22,41.53,34.91,0.0924,0.0544,22.49,1.75,20.12,3.91,0.1179,0.2597,0.5892,0.0351,1.54,0.24,1.4227
2007-12-29,1431879000,1431879000,1,54721900000,14149400000,23400000000,10766300000,31321900000,0,0,34351900000,8349700000,21946400000,815000000,811200000,0.56,0.55,0.06,1357000000,-30000000,-997500000,329500000,1056600000,572600000,39.52,42.6,36.43,0.0806,0.049,21.87,1.78,21.6,3.85,0.1295,0.2666,0.5724,0.0344,1.42,0.55,1.3142
2007-09-29,1476891000,1476891000,1,54891600000,13735400000,22105900000,9082800000,32785700000,0,0,34713600000,8395000000,20495200000,689500000,686100000,0.47,0.45,0.06,445500000,-346200000,-184500000,-85200000,727100000,454700000,37.33,39.85,34.8,0.0818,0.0495,22.2,1.73,21.83,3.79,0.1289,0.2561,0.5973,0.0335,1.47,-0.01,1.5122
2007-06-30,1480906000,1480906000,1,54606100000,13530400000,22581200000,9515600000,32024900000,0,0,34849900000,8395600000,20703300000,723600000,720100000,0.48,0.47,0.06,719500000,-441700000,-176200000,101600000,812300000,466100000,36.79,39.44,34.14,0.0852,0.0498,21.63,1.69,22.43,3.73,0.1264,0.2622,0.5865,0.0318,1.55,0.17,1.4219
2007-03-31,1564130000,1564130000,1,51035800000,13232100000,17004400000,12611300000,34031400000,0,0,31838000000,2895400000,13184600000,408900000,405400000,0.45,0.43,0.0487,707700000,-2263800000,1736100000,180000000,710700000,311900000,32.69,34.93,30.45,0.0918,0.0512,21.76,2.73,20.43,3.67,0.1206,0.0851,0.6668,0.0305,1.66,0.25,1.0492
2006-12-30,827838000,827838000,1,20569800000,10391500000,10652200000,7000700000,9917600000,0,0,4513400000,2870400000,12066300000,417200000,413800000,0.5,0.48,0.04,749200000,709800000,-1322900000,136100000,530700000,652800000,29.67,32.26,27.09,0.1459,0.0707,11.98,2.59,18.54,3.62,0.0948,0.2894,0.4821,0.0309,2.26,0.12,1.4844
2006-09-30,823568000,823568000,1,21127400000,9943100000,11693000000,7616200000,9434400000,0,0,4612100000,3279900000,11206900000,284200000,280700000,0.34,0.33,0.0387,269600000,-658600000,251300000,-137700000,394600000,453300000,33,36.14,29.85,0.1511,0.0753,11.46,2.98,21.02,3.58,0.0953,0.3477,0.4465,0.0324,2.3,-0.22,1.3055
2006-07-01,821421000,821421000,1,20301400000,9549700000,11219400000,8632100000,9082000000,0,0,4541400000,1780200000,10561400000,337900000,334400000,0.41,0.4,0.0387,551900000,-4350100000,3943400000,145200000,532300000,379100000,29.7,31.89,27.51,0.154,0.0801,11.06,2.79,19.8,3.54,0.0957,0.196,0.4474,0.0334,2.37,0.21,1.1063
2006-04-01,818408000,818408000,1,15448200000,8431300000,6728400000,4374900000,8719800000,0,0,2566100000,1592200000,9979200000,329600000,326100000,0.4,0.39,0.0387,171700000,-294300000,-3700000,-126300000,387100000,283700000,28.52,30.98,26.06,0.153,0.0833,10.65,2.8,19.6,3.51,0.0986,0.1826,0.5645,0.0331,2.49,-0.14,1.9272
2005-12-31,817412000,817412000,1,15283400000,8392700000,6952200000,4583900000,8331200000,0,0,2592100000,1594100000,9732000000,406400000,402800000,0.48,0.48,0.04,760600000,-3000000,-612400000,145200000,513400000,355100000,26.59,29.3,23.89,0.1544,0.0815,10.19,2.72,20.77,3.47,0.0999,0.1913,0.5451,0.0327,2.46,0.5,1.8309
2005-10-01,814196000,814196000,1,15225900000,8159900000,7270300000,4919500000,7955600000,0,0,2603900000,1627900000,8970400000,252700000,249200000,0.31,0.3,0.0362,250400000,-256600000,-39700000,-45900000,368200000,408600000,29.64,31.6,27.67,0.1412,0.0723,9.77,3.14,24.7,3.43,0.11,0.2046,0.5225,0.0293,2.44,-0.19,1.6587
2005-07-02,812906000,812906000,1,14765800000,7794300000,7083300000,4691900000,7682500000,0,0,2650800000,1629700000,9121600000,275900000,272400000,0.34,0.33,0.0362,558300000,-336100000,-131900000,90300000,414100000,418300000,27.35,29.68,25.02,0.1378,0.0688,9.45,2.99,23.78,3.39,0.1146,0.2121,0.5203,0.0282,2.4,0.17,1.6612
2005-04-02,405028000,810056000,2,14818000000,8017700000,7417200000,4994000000,7400800000,0,0,2762100000,1633100000,9182200000,289700000,286200000,0.71,0.69,0.0725,42800000,-315900000,204600000,-68500000,323800000,313400000,24.45,26.89,22.02,0.1375,0.0711,9.14,2.83,22.23,3.35,0.1165,0.2207,0.4994,0.0288,2.43,-0.33,1.6055
2005-01-01,404536000,809072000,2,14546800000,7919500000,7559600000,4858800000,6987200000,0,0,2766400000,1925900000,8923200000,255100000,251800000,0.63,0.61,0.07,195600000,-78100000,-79600000,37900000,392300000,535600000,22.3,23.45,21.14,0.1365,0.0738,8.64,2.66,20.09,3.32,0.1189,0.2756,0.4803,0.0296,2.46,-0.42,1.6299
2004-10-02,400065000,800130000,2,14345500000,7697700000,7631400000,4851000000,6714100000,0,0,2744600000,1952300000,7909400000,184600000,181000000,0.45,0.44,0.0662,159400000,-2593200000,2165300000,-268500000,354400000,347700000,20.68,21.82,19.53,0.1429,0.081,8.39,2.53,18.46,3.28,0.1129,0.2908,0.468,0.0313,2.55,-0.24,1.5868
2004-07-03,399400000,798800000,2,10513500000,6177000000,3984700000,2959800000,6528800000,0,0,1284400000,752500000,6943100000,234500000,230800000,0.58,0.56,0.0662,236900000,-280700000,15200000,-28600000,622900000,268700000,19.77,21.32,18.23,0.149,0.0895,8.17,2.5,18.22,3.25,0.1084,0.1153,0.621,0.0332,2.65,-0.04,2.087
2004-04-03,397302000,794604000,2,10364800000,6206200000,4084100000,3055600000,6280700000,0,0,1289900000,752800000,6818600000,244600000,241000000,0.61,0.59,0.0662,322300000,-211300000,-302700000,-191700000,651500000,195700000,18.11,19.11,17.11,0.1493,0.0881,7.9,2.38,17.58,3.22,0.1084,0.1199,0.606,0.0325,2.66,0.16,2.0311
2004-01-03,396398000,792796000,2,10543100000,6496500000,4521300000,3489200000,6021800000,0,0,1292700000,753100000,7452200000,263400000,259800000,0.65,0.63,0.06,212200000,-68700000,-27600000,115900000,843200000,361500000,17.13,18.73,15.53,0.1467,0.0848,7.6,2.36,17.84,3.18,0.1103,0.1251,0.5712,0.0313,2.66,-0.19,1.8619
2003-09-27,394938000,789876000,2,10149300000,6062900000,4405700000,3378100000,5743600000,0,0,1268600000,775600000,6378100000,187800000,184100000,0.47,0.46,0.0575,411700000,-242100000,-9100000,160500000,727300000,353500000,15.01,16.3,13.71,0.1406,0.0802,7.27,2.13,16.14,3.15,0.1192,0.135,0.5659,0.0302,2.61,0.07,1.7948
2003-06-28,394712000,789424000,2,9620700000,5696100000,4056700000,3022600000,5564000000,0,0,1254000000,775900000,6444900000,199800000,196100000,0.5,0.49,0.0575,161400000,-222200000,-20500000,-81300000,566800000,230700000,12.89,14.25,11.54,0.1408,0.0801,7.05,1.89,14.32,3.12,0.1228,0.1395,0.5783,0.0299,2.63,-0.09,1.8845
2003-03-29,394004000,788008000,2,9665600000,5877100000,4286800000,3249700000,5378800000,0,0,1256400000,776100000,6312800000,196300000,192700000,0.49,0.48,0.0575,183600000,-220600000,-15300000,-52300000,648100000,176000000,12.16,13.34,10.99,0.1408,0.0789,6.83,1.84,13.9,3.1,0.1266,0.1443,0.5565,0.0295,2.63,0.01,1.8085
2002-12-28,393567000,787134000,2,9645300000,5982100000,4448300000,3105900000,5197000000,0,0,1230300000,1076300000,6344900000,200100000,196400000,0.5,0.49,0.06,481900000,-109000000,110200000,483100000,700400000,304100000,13.17,14.35,11.99,0.1412,0.0777,6.6,2.05,28.63,3.07,0.1301,0.2071,0.5388,0.029,2.62,0.23,1.926
2002-09-28,392941000,785882000,2,9053800000,5431700000,4002900000,3015400000,5050900000,0,0,1220000000,807700000,5876400000,164400000,160700000,0.41,0.4,0.0575,374600000,-152900000,-337700000,-116000000,217300000,214400000,13.93,15.65,12.21,0.0772,0.0431,6.43,2.24,33.98,3.04,0.2454,0.1599,0.5579,0.0156,2.65,0.2,1.8013
2002-06-29,392595000,785190000,2,8995500000,5461500000,4102800000,3112900000,4892700000,0,0,1197600000,807900000,5989500000,176400000,172700000,0.44,0.43,0.0575,298600000,-220100000,-198700000,-120200000,333300000,212400000,16.55,17.79,15.3,0.07,0.0386,6.23,2.74,38.05,3.01,0.2753,0.1651,0.5439,0.0142,2.61,0.11,1.7545
2002-03-30,391933000,783866000,2,9211600000,5819600000,4475900000,3480500000,4735700000,0,0,1185000000,810200000,5970700000,175700000,172000000,0.44,0.43,0.0575,49700000,-253800000,421300000,217200000,453500000,377900000,15.3,17.7,12.9,0.0752,0.0415,6.04,2.62,31.22,2.98,0.2582,0.1711,0.5141,0.0154,2.58,-0.42,1.6721
2001-12-29,391686076,783372152,2,8628200000,5454100000,4061300000,3065900000,4566900000,0,0,827000000,810400000,5950500000,-130200000,-133800000,-0.34,-0.34,0.06,279000000,-46200000,-403100000,-170300000,236300000,240600000,14.46,17.27,11.64,0.086,0.0479,5.83,2.4,15.8,2.95,0.2286,0.1775,0.5293,0.0179,2.58,0.05,1.779
2001-09-29,390784079,781568158,2,8945500000,5664500000,4232500000,3250300000,4713000000,0,0,850700000,836200000,5410800000,123700000,120000000,0.31,0.3,0.0575,274600000,-127100000,-14700000,132800000,406600000,197200000,17.97,20.24,15.7,0.1616,0.089,6.03,2.98,18.72,2.92,0.1235,0.1774,0.5269,0.0339,2.57,0.1,1.7428
2001-06-30,391549447,783098894,2,8571700000,5355700000,3844700000,2863100000,4727000000,0,0,858300000,836400000,5494200000,198000000,194300000,0.49,0.48,0.0575,220300000,-162300000,-84000000,-26000000,273800000,149800000,24.06,29.88,18.25,0.1753,0.0955,6.04,4.17,25.33,2.89,0.118,0.1769,0.5515,0.0363,2.58,0.09,1.8706
2001-03-31,393307728,786615456,2,8374800000,5244200000,3836600000,2854200000,4538200000,0,0,860100000,836600000,5385900000,221700000,218000000,0.56,0.54,0.0575,-93300000,-201200000,257000000,-37500000,299800000,126000000,28.27,31.05,25.5,0.1808,0.0967,5.77,5.16,30.9,2.86,0.1197,0.1843,0.5419,0.0367,2.58,-0.28,1.8374
2000-12-30,392925516,785851032,2,7949500000,4936600000,3644900000,2964100000,4304600000,0,0,818500000,536800000,5488800000,209500000,206200000,0.52,0.51,0.06,478000000,-49100000,-306500000,122400000,337300000,198700000,26.06,29.97,22.16,0.1821,0.0949,5.48,5,29.45,2.83,0.1244,0.1247,0.5415,0.0364,2.56,0.36,1.6655
2000-09-30,391786487,783572974,2,8121600000,5072200000,4041700000,3352400000,4079900000,0,0,805800000,557800000,4916400000,158700000,154900000,0.4,0.39,0.0575,318400000,-200900000,-85100000,32400000,214900000,190200000,20.18,23.16,17.19,0.1833,0.094,5.21,4.01,24.02,2.8,0.1283,0.1367,0.5024,0.0358,2.57,0.16,1.513
2000-07-01,390666755,781333510,2,7676500000,4721400000,3743900000,3048300000,3932600000,0,0,741300000,558000000,4942800000,186500000,182800000,0.47,0.46,0.0575,129500000,-197500000,13900000,-54100000,182500000,165900000,20.66,23.38,17.94,0.1803,0.092,5.03,4.3,25.51,2.78,0.1353,0.1419,0.5123,0.035,2.57,-0.05,1.5489
2000-04-01,390182560,780365120,2,7691000000,4856900000,3940100000,3237400000,3750900000,0,0,738400000,558200000,4739500000,191300000,187500000,0.48,0.47,0.0575,-145700000,-193000000,345300000,6600000,236600000,140500000,17.16,20.32,14,0.1802,0.0913,4.81,3.63,22.14,2.75,0.1404,0.1488,0.4877,0.0348,2.57,-0.37,1.5002
2000-01-01,389023886,778047772,2,7275400000,4608000000,3595700000,2889900000,3679700000,0,0,706900000,558500000,5183600000,186300000,182400000,0.47,0.45,0.06,343200000,-105800000,-177300000,60100000,230000000,95000000,19.02,22.88,15.15,0.1789,0.0904,4.73,4.25,26.6,2.72,0.1465,0.1518,0.5058,0.0343,2.58,0.32,1.5945
1999-09-25,391884000,783768000,2,7174300000,4646500000,3660300000,2977400000,3514000000,0,0,699700000,575200000,4311800000,121600000,118000000,0.3,0.3,0.0575,199000000,-126100000,-135300000,-62400000,169900000,122200000,22.69,26.5,18.88,0.1742,0.0863,4.48,5.22,32.88,2.69,0.1503,0.1637,0.4898,0.0333,2.53,0.1,1.5606
1999-06-26,391734000,783468000,2,6845800000,4379700000,3434100000,2734700000,3411700000,0,0,700900000,576400000,4362400000,162600000,159000000,0.41,0.4,0.0575,102100000,-173000000,166400000,95500000,232300000,158500000,23.14,26.03,20.25,0.1796,0.0856,4.35,5.54,45.82,2.66,0.1552,0.1689,0.4984,0.0334,2.5,-0.07,1.6015
1999-03-27,390833550,781667100,2,6792000000,4432600000,3527800000,2809000000,3264200000,0,0,690900000,575500000,4240500000,164600000,161000000,0.41,0.4,0.0575,14500000,-94000000,35500000,-44000000,136800000,117800000,25.48,28.22,22.75,0.1423,0.0657,4.18,6.4,53.93,2.63,0.2097,0.1763,0.4806,0.0256,2.48,-0.13,1.578
1998-12-31,390601264,781202528,2,6686200000,4349200000,3575600000,3133300000,3110600000,0,0,724600000,275700000,4459000000,144600000,141200000,0.34,0.33,0.05,175600000,-131100000,10900000,55400000,180800000,139200000,24.44,27.84,21.03,0.1403,0.0614,3.98,7.08,54.61,2.6,0.2305,0.0886,0.4652,0.0243,2.44,0.05,1.3881
1998-09-26,389954628,779909256,2,6510000000,4157600000,3537700000,3095400000,2972300000,0,280900000,725400000,288200000,3725100000,102400000,99000000,0.25,0.25,0.0575,71900000,-178800000,170300000,63400000,125400000,138400000,20.72,23.25,18.19,0.1515,0.0625,3.45,6.26,48.75,2.58,0.235,0.1071,0.4134,0.0229,2.63,-0.09,1.3432
1998-06-27,389337279,778674558,2,6062600000,3848900000,3205800000,2742000000,2856800000,0,281700000,712300000,288400000,3755900000,16200000,12800000,0.03,0.03,0.0575,93800000,-137100000,-30900000,-74200000,62000000,128100000,18.25,19.81,16.69,0.1517,0.0608,3.31,6.38,270.37,2.55,0.2441,0.112,0.4248,0.022,2.65,-0.04,1.4037
1998-03-28,192191650,768766600,4,5794600000,3810700000,3314500000,2879900000,2480100000,0,284200000,706500000,272600000,3333600000,121300000,117900000,0.68,0.67,0.11,-120300000,-67000000,131000000,-56300000,112200000,96600000,17.13,18.72,15.53,0.0431,0.0182,2.86,5.69,622.91,2.52,0.8964,0.1241,0.379,0.006,2.63,-0.28,1.3232
1997-12-31,172557470,690229880,4,5636900000,3685000000,3275500000,2855000000,2361400000,0,284600000,711300000,272600000,4982300000,135000000,131700000,0.56,None,0.11,-471200000,-8100000,495900000,16600000,168500000,133700000,15.58,17.5,13.66,0.0139,0.0079,3.01,5.51,890.29,2.49,2.8616,0.1313,0.3684,0.0019,2.67,-0.88,1.2907
1997-09-27,172206843,688827372,4,5357400000,3327300000,3121300000,2616200000,2236100000,0,285800000,707300000,313200000,3080300000,74700000,71300000,0.41,None,0.11,229300000,38400000,-190700000,77000000,151900000,79200000,13.86,15,12.72,-0.033,-0.0092,2.83,5.13,264,2.46,None,0.1606,0.364,None,2.17,0.22,1.2718
1997-06-28,171987333,687949332,4,5310900000,3180200000,3164200000,2354000000,2146700000,0,286300000,712100000,591700000,3160600000,-230500000,-233900000,-1.37,None,0.11,-20200000,177200000,-464600000,-307600000,74900000,79800000,12.25,13.44,11.06,-0.0436,-0.0134,2.7,5.19,51.04,2.44,None,0.318,0.3503,None,1.97,-0.15,1.351
1997-03-29,107594383,430377532,4,2758600000,1901600000,1446100000,1044700000,1312500000,0,296300000,119800000,294000000,1515000000,58500000,54900000,0.51,None,0.11,-13100000,-17200000,-59000000,-89300000,334600000,19400000,10.88,12,9.75,0.1055,0.0383,2.36,4.92,79.13,2.41,5.9886,0.2893,0.3684,0.0219,1.7,-0.08,1.8202
1996-12-31,107158665,428634660,4,2831800000,1972700000,1586700000,1181900000,1245100000,0,298600000,120700000,303700000,1063635000,60101000,60101000,0.52,None,6.16,112647000,259362000,-37639000,334370000,423900000,214733000,10.14,11.19,9.09,0.0621,0.0219,2.21,3.46,None,2.38,9.6635,0.3209,0.3342,0.013,1.6,-0.24,1.6691
1996-09-28,106359794,425439176,4,3495044000,2266284000,1887099000,1425635000,1558408000,49537000,310976000,173211000,321264000,1356277000,63631000,63631000,0.57,0.55,0.11,102421000,-39049000,-56114000,7258000,89513000,99529000,10.29,11.5,9.09,-0.5287,-0.1727,2.93,3.65,None,0.84,None,0.2575,0.3569,None,1.63,0.01,1.5897
1996-06-29,105716194,422864776,4,3403897000,2093899000,1852188000,1383050000,1509990000,41719000,316591000,174524000,321435000,1363507000,-62534000,-62534000,-0.62,None,0.11,187307000,317156000,-512217000,-7754000,82255000,-138859000,9.97,11.13,8.81,-0.516,-0.1704,2.82,3.38,None,0.81,None,0.2693,0.3506,None,1.81,0.77,1.514
1996-03-30,105407413,421629652,4,4050543000,2645006000,2384765000,1893154000,1571697000,94081000,326950000,194170000,327500000,1744681000,14202000,10724000,0.1,None,0.11,-268675000,-35669000,264770000,-39574000,90009000,48997000,7.95,9.09,6.81,-0.3976,-0.1361,2.95,2.76,None,0.79,None,0.2631,0.3073,None,1.97,-0.75,1.3971
1995-12-31,105218990,420875960,4,3961562000,2559928000,2319969000,1797688000,1547763000,93830000,334947000,195618000,327698000,1612843000,-659260000,-659260000,-6.3,None,0.38,606343000,287945000,-844767000,49521000,129583000,-305663000,8.18,9.28,7.09,-0.3812,-0.1385,2.88,1.8,17.5,0.76,None,0.2702,0.3061,None,2.04,2.17,1.424
1995-09-30,105088276,420353104,4,5254779000,3067332000,2925005000,2367227000,2249923000,79851000,336424000,438404000,332056000,2814011000,-2480000,-6782000,-0.06,None,0.38,-24556000,-125870000,147824000,-2602000,80062000,127376000,8.75,9.31,8.19,0.1027,0.0435,4.55,1.88,14.71,0.66,0.7905,0.1735,0.3641,0.0172,2.38,-0.36,1.2957
1995-07-01,105047459,420189836,4,4851450000,2730290000,2487688000,1929914000,2289875000,73887000,337827000,441744000,331229000,2770166000,31082000,26754000,0.25,None,0.38,121457000,-84906000,-42142000,-5591000,82664000,86635000,9.19,9.97,8.41,0.133,0.0554,4.65,1.97,14.59,0.57,0.6136,0.1697,0.4024,0.0223,2.4,0.08,1.4147
1995-04-01,104860147,419440588,4,4913169000,2824079000,2508895000,1943406000,2293505000,110769000,339942000,445174000,331280000,2492042000,-26448000,-30815000,-0.29,None,0.38,-357782000,-53331000,382333000,-28780000,88255000,63005000,8.48,9.38,7.59,0.1419,None,4.66,1.74,12.33,0.47,0.5818,0.1696,0.3976,0.0241,2.39,-1,1.4532
1994-12-31,104808840,419235360,4,4735489000,2650499000,2245240000,1642742000,2381605000,108644000,340948000,448427000,331340000,3661237000,212655000,212655000,1.97,None,0.38,706024000,-147718000,-524157000,34149000,117035000,65857000,8.27,9.16,7.38,0.1563,None,4.87,1.85,None,0.38,0.5357,0.1624,0.4309,0.0265,2.43,1.53,1.6135
1994-10-01,105592592,422370368,4,4931186000,2944494000,2617625000,2022149000,2225163000,88398000,342507000,448156000,341589000,2737016000,51718000,51718000,0.45,None,0.38,-61803000,-131583000,205420000,12034000,82886000,112804000,9.3,9.97,8.63,None,None,4.46,2.1,None,0.29,None,0.1814,0.3818,None,None,-0.41,1.4561
1994-06-30,105515910,422063640,4,4477116000,2574091000,2188763000,1589998000,2212930000,75423000,344379000,436215000,341661000,2507469000,45602000,41283000,0.39,None,0.38,86109000,-85263000,-43233000,-42387000,70852000,91525000,9.84,10.41,9.28,None,None,4.43,2.24,None,0.19,None,0.1828,0.4174,None,None,-0.01,1.6189
1994-04-02,105452455,421809820,4,4466671000,2600948000,2163895000,1562701000,2204450000,98326000,347346000,438414000,341707000,2379839000,-2505000,-6742000,-0.06,None,0.38,-231969000,-6468000,270705000,32268000,113239000,64290000,9.69,10.44,8.94,None,None,4.4,2.15,None,0.1,None,0.184,0.4158,None,None,-0.7,1.6644
1993-12-31,105351156,421404624,4,4272400000,2398390000,1931696000,1328097000,2246846000,93858000,347346000,443678000,341763000,None,None,None,None,None,0,None,None,None,None,80971000,0,10.57,11.42,9.72,None,None,4.51,None,None,0,None,0.1799,0.4446,None,None,None,1.8059
