"Quarter end","Shares","Shares split adjusted","Split factor","Assets","Current Assets","Liabilities","Current Liabilities","Shareholders equity","Non-controlling interest","Preferred equity","Goodwill & intangibles","Long-term debt","Revenue","Earnings","Earnings available for common stockholders","EPS basic","EPS diluted","Dividend per share","Cash from operating activities","Cash from investing activities","Cash from financing activities","Cash change during period","Cash at end of period","Capital expenditures","Price","Price high","Price low","ROE","ROA","Book value of equity per share","P/B ratio","P/E ratio","Cumulative dividends per share","Dividend payout ratio","Long-term debt to equity ratio","Equity to assets ratio","Net margin","Asset turnover","Free cash flow per share","Current ratio"
2011-12-31,388124321,388124321,1,16962800000,6680500000,12953400000,8749300000,4009400000,0,0,9101800000,3001600000,18988200000,424400000,424400000,1.1,1.08,0,196300000,-153300000,24600000,67600000,229100000,134300000,51.44,58.27,44.6,0.3988,0.0895,10.33,5.61,15,0,0,0.7486,0.2364,0.0208,4.31,0.16,0.7635
2011-09-24,387059463,387059463,1,15863600000,5562000000,12313200000,8138700000,3550400000,0,0,9172100000,3002200000,16981500000,355400000,355400000,0.92,0.9,0,445700000,-94200000,-282400000,69100000,161500000,79200000,57.08,66.38,47.78,0.3868,0.0865,9.17,6.39,16.89,0,0,0.8456,0.2238,0.0207,4.17,0.95,0.6834
2011-06-25,385541543,385541543,1,15990800000,5660900000,12546600000,8360600000,3444200000,0,0,9242200000,3004200000,17074000000,342800000,342800000,0.86,0.85,0,546400000,-45800000,-535300000,-34700000,92400000,66600000,59.02,64.92,53.11,0.3684,0.0866,8.93,6.56,17.88,0,0,0.8722,0.2154,0.0212,4.09,1.24,0.6771
2011-03-26,399799325,399799325,1,16211200000,5833800000,12613800000,6405900000,3597400000,0,0,9318400000,5001600000,17019600000,333100000,333100000,0.82,0.8,0,94000000,-34300000,-786000000,-726300000,127100000,44500000,58.59,65.39,51.8,0.3395,0.0871,9,5.94,18.48,0,0,1.3903,0.2219,0.0216,4.03,0.12,0.9107
2010-12-25,404456685,404456685,1,17097300000,6685700000,13110500000,6882400000,3986800000,0,0,9349300000,5003600000,16930100000,378400000,378400000,0.89,0.88,0,979400000,-140500000,-877900000,-39000000,853400000,86000000,57.3,64.24,50.36,0.3021,0.0858,9.86,5.46,19.16,0,0,1.255,0.2332,0.0216,3.97,2.21,0.9714
2010-09-25,424401579,424401579,1,16570200000,6192600000,12116200000,5908000000,4454000000,0,0,9345000000,5004800000,16319800000,371500000,371500000,0.86,0.85,0,374500000,-740100000,74300000,-291300000,892400000,63700000,50.64,57.82,43.45,0.2612,0.0826,10.49,4.46,17.89,0,0,1.1237,0.2688,0.0216,3.82,0.73,1.0482
2010-06-26,433652361,433652361,1,16240000000,6613100000,11314700000,6185300000,4925300000,0,0,8641700000,4004800000,16407500000,356900000,356900000,0.79,0.77,0,690500000,-74100000,-994800000,-378400000,1183700000,57800000,59.41,65.35,53.46,0.2355,0.0798,11.36,4.91,22,0,0,0.8131,0.3033,0.0216,3.7,1.46,1.0692
2010-03-27,456852895,456852895,1,16615300000,6892700000,11086000000,5923000000,5529300000,0,0,8721000000,4000700000,16310900000,320500000,320500000,0.69,0.67,0,300300000,-64800000,-1201600000,-966100000,1562100000,42600000,62.95,66.94,58.96,0.2206,0.0755,12.1,4.57,24.12,0,0,0.7235,0.3328,0.0214,3.53,0.56,1.1637
2009-12-26,464060676,464060676,1,17915500000,8158600000,11528300000,6347700000,6387200000,0,0,8761800000,4000100000,15245100000,341600000,341600000,0.71,0.7,0,957800000,-87900000,-362000000,507900000,2528200000,84500000,59.55,66,53.11,0.2109,0.0729,13.76,4.61,24.31,0,0,0.6263,0.3565,0.0214,3.4,1.88,1.2853
2009-09-26,476764395,476764395,1,17111800000,7346100000,10949400000,5748000000,6162400000,0,0,8835800000,3999200000,14794800000,335600000,335600000,0.71,0.69,0,278100000,-57900000,-285400000,-65200000,2020300000,56200000,50.67,56.82,44.53,0.2034,0.0699,12.93,4.24,21.65,0,0,0.649,0.3601,0.0211,3.32,0.47,1.278
2009-06-27,473742265,473742265,1,17770300000,7951464000,12104100000,6886800000,5666200000,0,0,8908500000,3998400000,14930400000,312100000,312100000,0.65,0.64,0,1095200000,-62300000,-746900000,286000000,2085500000,62700000,42.97,48,37.93,0.1989,0.0686,11.96,3.42,19.44,0,0,0.7057,0.3189,0.0212,3.23,2.18,1.1546
2009-03-28,482370939,482370939,1,17486200000,7605200000,11419200000,6178700000,6067000000,0,0,8978800000,4001200000,14833900000,291000000,291000000,0.59,0.58,0,1170300000,-96900000,-212300000,861100000,1799500000,35400000,42.7,48.95,36.46,0.1883,0.0669,12.58,3.52,20.05,0,0,0.6595,0.347,0.0212,3.16,2.35,1.2309
2008-12-27,491024415,491024415,1,17010900000,7097500000,11053000000,5798000000,5957900000,0,0,8997800000,4002900000,12961400000,274300000,274300000,0.55,0.54,0,837900000,-129200000,-211100000,497600000,938400000,130400000,38.83,47.85,29.8,0.184,0.0669,12.13,3.28,19.61,0,0,0.6719,0.3502,0.0215,3.11,1.44,1.2241
2008-09-27,498020514,498020514,1,16113100000,6221900000,10209400000,4991400000,5903700000,0,0,9073600000,3985000000,12559100000,295700000,295700000,0.59,0.58,0,597000000,-66200000,-461700000,69100000,440800000,68900000,47.52,51.15,43.89,0.1665,0.0637,11.85,4.04,26.55,0,0,0.675,0.3664,0.0209,3.05,1.06,1.2465
2008-06-28,505698365,505698365,1,16545600000,6594200000,10600700000,5240700000,5944900000,0,0,9155200000,4083000000,12774600000,262700000,262700000,0.52,0.51,0,34700000,-175200000,-28400000,-168900000,371700000,48500000,47.42,52,42.85,0.1493,0.0607,11.76,3.89,28.57,0,0,0.6868,0.3593,0.0199,3.05,-0.03,1.2583
2008-03-29,506657842,506657842,1,16234500000,6365700000,10059900000,5203900000,6174600000,0,0,9069800000,3589900000,12962900000,270200000,270200000,0.51,0.5,0,165500000,-45600000,-353400000,-233500000,540600000,39100000,47.56,54.63,40.5,0.1372,0.0598,12.19,3.63,29.18,0,0,0.5814,0.3803,0.0196,3.05,0.25,1.2233
2007-12-29,523922669,523922669,1,16217900000,6302700000,9342600000,5129200000,6875300000,0,0,9135200000,2894400000,11378400000,207600000,207600000,0.39,0.39,0,550600000,-1615700000,1209700000,144600000,774100000,84200000,47.59,51.67,43.52,0.1329,0.0623,13.12,3.86,29.29,0,0,0.421,0.4239,0.0205,3.04,0.89,1.2288
2007-09-29,267461727,534923454,2,13925100000,5571900000,7321800000,4588800000,6603300000,0,0,7465600000,1488700000,10918600000,214700000,214700000,0.8,0.78,0,139700000,-43900000,-450000000,-354200000,629500000,34100000,42.14,45.83,38.45,0.1329,0.0658,12.34,3.35,27.28,0,0,0.2254,0.4742,0.0212,3.11,0.2,1.2142
2007-06-30,270777351,541554702,2,14335200000,5943400000,7528100000,4779500000,6807100000,0,0,7520500000,1482000000,11049600000,214900000,214900000,0.78,0.76,0,576200000,-25900000,-49700000,500600000,983700000,34400000,37.97,40.82,35.12,0.1246,0.064,12.57,2.97,26.28,0,0,0.2177,0.4749,0.0207,3.09,1,1.2435
2007-03-31,280138356,560276712,2,14083900000,5626600000,6910300000,4782100000,7173600000,0,0,7575500000,849700000,11159600000,274800000,274800000,0.96,0.94,0,100500000,-28300000,-407600000,-335400000,483100000,25000000,31.3,36.33,26.26,0.1163,0.062,12.8,2.4,29.81,0,0,0.1184,0.5093,0.0199,3.11,0.13,1.1766
2006-12-30,288052853,576105706,2,14388100000,5855000000,6884600000,4826800000,7503500000,0,0,7631800000,866400000,10930300000,228700000,228700000,0.78,0.77,0,879200000,-64900000,-454600000,359700000,818500000,63200000,26.93,30.32,23.54,0.0838,0.0456,13.02,2.09,28.5,0,0,0.1155,0.5215,0.0148,3.08,1.42,1.213
2006-09-30,293425628,586851256,2,13670300000,5095200000,6121600000,4009600000,7548700000,0,0,7694500000,885500000,10461100000,185800000,185800000,0.63,0.62,0,117400000,-32300000,-35000000,50100000,458800000,31500000,30.07,32.06,28.07,0.0763,0.0424,12.86,2.41,33.41,0,0,0.1173,0.5522,0.0136,3.11,0.15,1.2708
2006-07-01,293933041,587866082,2,13353000000,4900200000,6002800000,3863000000,7350200000,0,0,7755700000,897400000,10588800000,170900000,170900000,0.57,0.56,0,275500000,-30500000,-547200000,-302200000,408700000,28600000,27,28.94,25.05,0.072,0.0403,12.5,2.12,31.4,0,0,0.1221,0.5505,0.0133,3.03,0.42,1.2685
2006-04-01,301660514,603321028,2,13842100000,5312700000,6159500000,3987200000,7682600000,0,0,7811600000,920000000,10563500000,44800000,44800000,0.15,0.15,0,-31100000,-27800000,-118400000,-177300000,710900000,27700000,28.16,30.32,26,0.0703,0.0398,12.73,2.22,27.61,0,0,0.1198,0.555,0.013,3.06,-0.1,1.3324
2005-12-31,304406489,608812978,2,13703000000,5060900000,5978800000,3760800000,7724200000,0,0,7893900000,943900000,10803500000,176700000,176700000,0.57,0.56,0,139300000,-119800000,-457600000,-438100000,888200000,54700000,26.09,28.98,23.2,0.0873,0.0496,12.69,2.07,26.62,0,0,0.1222,0.5637,0.0159,3.12,0.14,1.3457
2005-09-24,307555883,615111766,2,13619200000,4962100000,5874100000,3385800000,7745100000,0,0,7920700000,1165900000,9325400000,156700000,156700000,0.54,0.53,0,624200000,-1015600000,422200000,30800000,1326300000,25700000,25.56,27.5,23.63,0.0872,0.0492,12.59,2.32,27.48,0,0,0.1505,0.5687,0.0155,3.17,0.97,1.4656
2005-06-25,280054471,560108942,2,10671000000,4594700000,4486300000,2578100000,6184700000,0,0,5360800000,876200000,8998700000,137400000,137400000,0.49,0.48,0,-239500000,-26600000,63000000,-203100000,1295500000,28000000,25.62,27.5,23.73,0.0889,0.0492,11.04,2.39,27.85,0,0,0.1417,0.5796,0.0147,3.35,-0.48,1.7822
2005-03-26,277147807,554295614,2,10556400000,4423300000,4626200000,2676000000,5930200000,0,0,5405800000,885900000,8743300000,131200000,131200000,0.48,0.47,0,516800000,-24300000,-139400000,353100000,1498600000,23700000,22.21,24.36,20.07,0.0903,0.0488,10.7,2.14,25.38,0,0,0.1494,0.5618,0.0145,3.37,0.89,1.653
2004-12-25,275352620,550705240,2,10541500000,4320400000,4822100000,2644500000,5719400000,0,0,5450800000,1092900000,8913200000,132600000,132600000,0.49,0.48,0,201700000,-33300000,-23400000,145000000,1145500000,33100000,17.44,20.18,14.7,0.0882,0.0463,10.39,1.72,None,0,0,0.1911,0.5426,0.0136,3.4,0.31,1.6337
2004-09-25,272495769,544991538,2,10411300000,4123400000,4890200000,2590600000,5521100000,0,0,5495800000,1194300000,8696600000,118100000,118100000,0.43,0.43,0,440600000,-23200000,-11300000,406100000,1000500000,21900000,16.77,18.75,14.79,None,None,10.13,1.69,None,0,None,0.2163,0.5303,None,None,0.77,1.5917
2004-06-26,272108215,544216430,2,10202700000,3868700000,4810100000,2469600000,5392600000,0,0,5540700000,1205000000,8836200000,127300000,127300000,0.47,0.46,0,-51300000,-21800000,24300000,-48800000,594400000,20400000,17.55,19,16.1,None,None,9.91,1.83,None,0,None,0.2235,0.5285,None,None,-0.13,1.5665
2004-03-27,271064843,542129686,2,10454500000,4028700000,5256700000,2805000000,5197800000,0,0,5585700000,1236600000,8905900000,103600000,103600000,0.38,0.38,0,120500000,-23600000,-92200000,4700000,643200000,22700000,17.54,19.63,15.45,None,None,9.59,1.87,None,0,None,0.2379,0.4972,None,None,0.18,1.4363
2003-12-27,270950743,541901486,2,10263000000,3760300000,5183000000,2605300000,5080000000,0,0,5630700000,1346100000,None,None,None,None,None,0,-58800000,-12200000,-89400000,-160400000,638500000,25200000,15.54,19,12.07,None,None,9.37,1.7,None,0,None,0.265,0.495,None,None,-0.16,1.4433
2003-09-27,270306137,540612274,2,10232400000,3667300000,5284900000,2676900000,4947500000,0,0,5654300000,1362300000,8524000000,100300000,100300000,0.37,0.37,0,661500000,-34500000,165300000,792300000,798900000,33000000,12.05,13.85,10.25,None,None,9.15,0.95,None,0,None,0.2754,0.4835,None,None,1.16,1.37
2003-06-28,270046168,540092336,2,10114100000,3517100000,3271400000,2036600000,6842700000,0,0,5677900000,0,8404500000,105200000,105200000,0.39,0.39,0,None,None,None,None,6600000,0,None,None,None,None,None,12.67,None,None,0,None,0,0.6766,None,None,None,1.7269
