"Quarter end","Shares","Shares split adjusted","Split factor","Assets","Current Assets","Liabilities","Current Liabilities","Shareholders equity","Non-controlling interest","Preferred equity","Goodwill & intangibles","Long-term debt","Revenue","Earnings","Earnings available for common stockholders","EPS basic","EPS diluted","Dividend per share","Cash from operating activities","Cash from investing activities","Cash from financing activities","Cash change during period","Cash at end of period","Capital expenditures","Price","Price high","Price low","ROE","ROA","Book value of equity per share","P/B ratio","P/E ratio","Cumulative dividends per share","Dividend payout ratio","Long-term debt to equity ratio","Equity to assets ratio","Net margin","Asset turnover","Free cash flow per share","Current ratio"
2019-04-30,113742653,113742653,1,16711300000,1625200000,8740800000,2341500000,7970500000,0,0,13029700000,4686300000,1902100000,71500000,71500000,0.62,0.62,0.85,274200000,-101400000,-274600000,-105200000,101300000,92000000,111.31,123.07,99.54,0.0644,0.0301,70.07,1.58,20.13,41.47,0.7518,0.588,0.477,0.0656,0.46,1.6,0.6941
2019-01-31,113746566,113746566,1,16927600000,1726200000,8906000000,1816400000,8021600000,0,0,13197900000,5285800000,2011900000,121400000,121400000,1.07,1.07,0.85,421100000,-103900000,-282600000,35300000,206500000,87600000,103.38,115.45,91.32,0.0789,0.0376,70.52,1.46,8.78,40.62,0.6021,0.6589,0.4739,0.0815,0.46,2.93,0.9503
2018-10-31,113758133,113758133,1,17174200000,1787200000,9144200000,1434500000,8030000000,0,0,13400200000,5885100000,2021500000,188500000,188500000,1.66,1.66,0.85,202900000,312600000,-534300000,-20800000,171200000,77800000,111.09,121.28,100.91,0.1692,0.082,70.59,1.59,9.39,39.77,0.2768,0.7329,0.4676,0.1759,0.47,1.1,1.2459
2018-07-31,113737560,113737560,1,17513000000,1805800000,9582200000,1544000000,7930800000,0,0,13717000000,6184900000,1902500000,133000000,133000000,1.17,1.17,0.85,243000000,-2031500000,1790500000,-600000,192000000,101300000,106.03,115.92,96.13,0.1754,0.0843,69.73,1.53,9,38.92,0.2695,0.7799,0.4529,0.1791,0.47,1.25,1.1696
2018-04-30,113535111,113535111,1,15301200000,1555000000,7410100000,1033800000,7891100000,0,0,11858700000,4688000000,1781300000,185900000,185900000,1.64,1.63,0.78,314400000,-105800000,-196800000,6400000,192600000,107100000,123.27,133.38,113.16,0.1805,0.0864,69.5,1.79,11.1,38.07,0.2647,0.5941,0.5157,0.1819,0.47,1.83,1.5042
2018-01-31,113599142,113599142,1,15329200000,1609900000,7525000000,1089900000,7804200000,0,0,11920200000,4688500000,1903300000,831300000,831300000,7.32,7.32,0.78,469000000,-65500000,-404000000,5900000,186200000,71400000,116.16,132.76,99.56,0.1765,0.0811,68.7,1.88,23.47,37.29,0.2778,0.6008,0.5091,0.1716,0.47,3.5,1.4771
2017-10-31,113597554,113597554,1,15702000000,1785800000,8665700000,1854500000,7036300000,0,0,12137600000,4294100000,1923600000,194600000,194600000,1.71,1.71,0.78,130300000,-68200000,-61100000,-2900000,180300000,60400000,112.82,123.83,101.82,0.0807,0.0361,61.94,1.85,23.7,36.51,0.6172,0.6103,0.4481,0.0772,0.47,0.62,0.963
2017-07-31,113584620,113584620,1,15641600000,1692100000,8709700000,1750900000,6931900000,0,0,12196400000,4444800000,1748900000,126800000,126800000,1.12,1.12,0.78,304300000,-38100000,-260100000,16400000,183200000,69600000,124.22,134.12,114.31,0.0779,0.0348,61.03,2.06,24.36,35.73,0.6344,0.6412,0.4432,0.075,0.46,2.07,0.9664
2017-04-30,113436545,113436545,1,15639700000,1641800000,8789500000,1832600000,6850200000,0,0,12227000000,4445500000,1783800000,110400000,110400000,0.97,0.96,0.75,264200000,-41600000,-193700000,27200000,166800000,55700000,134.72,143.68,125.77,0.0835,0.0373,60.39,2.17,23.47,34.95,0.5859,0.649,0.438,0.0801,0.47,1.84,0.8959
2017-01-31,116441146,116441146,1,15811700000,1690900000,8569800000,997200000,7241900000,0,0,12346700000,4945000000,1878800000,134600000,134600000,1.16,1.16,0.75,419500000,-51800000,-351300000,17800000,139600000,52600000,129.09,136.13,122.05,0.0944,0.0421,62.19,2.09,21.06,34.2,0.5052,0.6828,0.458,0.0907,0.46,3.15,1.6956
2016-10-31,116434333,116434333,1,16058200000,1805200000,8878100000,1306300000,7180100000,0,0,12467300000,4945400000,1913900000,177300000,177300000,1.52,1.52,0.75,136400000,-33800000,-87900000,12200000,121800000,33400000,143.03,157.31,128.75,0.1012,0.045,61.67,2.35,23.52,33.45,0.46,0.6888,0.4471,0.0963,0.47,0.88,1.3819
2016-07-31,116417978,116417978,1,16061800000,1740700000,8965900000,1288400000,7095900000,0,0,12525100000,5045700000,1815800000,170000000,170000000,1.46,1.46,0.75,238900000,-62500000,-173200000,-200000,109600000,50200000,140.32,154.97,125.67,0.1008,0.0444,60.95,2.33,24.36,32.7,0.4509,0.7111,0.4418,0.0941,0.47,1.62,1.3511
2016-04-30,116426335,116426335,1,15984100000,1573400000,8975600000,1213000000,7008500000,0,0,12585500000,5146000000,1807600000,191000000,191000000,1.61,1.6,0.67,335500000,-9000000,-366500000,-30700000,109800000,36800000,127.22,132.64,121.79,0.096,0.0419,60.2,2.08,37.98,31.95,0.4625,0.7343,0.4385,0.0882,0.48,2.57,1.2971
2016-01-31,119684293,119684293,1,16281500000,1798400000,8956000000,1006000000,7325500000,0,0,12659900000,5146300000,1973900000,185300000,185300000,1.55,1.55,0.67,542300000,126700000,-662300000,1500000,140500000,43400000,119.72,128.43,111.01,0.0566,0.0245,61.21,1.98,35.42,31.28,0.7784,0.7025,0.4499,0.0547,0.45,4.17,1.7877
2015-10-31,119674908,119674908,1,16694800000,2006000000,9461600000,1132700000,7233200000,0,0,12840900000,5494500000,2077700000,176000000,176000000,1.47,1.47,0.67,275400000,-57900000,-213100000,5400000,139000000,64200000,112.37,120.44,104.3,0.0574,0.0258,60.44,1.89,32.48,30.61,0.7887,0.7596,0.4333,0.0554,0.47,1.76,1.771
2015-07-31,119665073,119665073,1,16758400000,2025500000,9628400000,1059100000,7130000000,0,0,12893100000,5694700000,1952000000,136400000,136400000,1.14,1.14,0.67,305100000,-38100000,-254300000,8000000,133600000,53000000,112.73,120.65,104.81,0.0592,0.0281,59.58,1.9,32.58,29.94,0.7882,0.7987,0.4255,0.0576,0.49,2.11,1.9125
2015-04-30,119666585,119666585,1,16882600000,2052300000,9795700000,1022600000,7086900000,0,0,12960100000,5944900000,1447100000,-90300000,-90300000,-0.81,-0.81,0.64,221600000,-1342700000,1141600000,13900000,125600000,84600000,110.26,118.64,101.88,0.0608,0.031,59.22,2.15,20.27,29.27,0.7931,0.8389,0.4198,0.0603,0.51,1.14,2.0069
2015-01-31,101762584,101762584,1,9095600000,1515600000,3871400000,710100000,5224200000,0,0,6108800000,1891800000,1440000000,160900000,160900000,1.58,1.58,0.64,427700000,-58900000,-350100000,6400000,111700000,48000000,102.25,107.21,97.28,0.1075,0.0603,51.34,2.02,18.76,28.63,0.4621,0.3621,0.5744,0.1005,0.6,3.73,2.1343
2014-10-31,101817058,101817058,1,9334800000,1725800000,4169800000,1004100000,5165000000,0,0,6146300000,1890800000,1481800000,158300000,157200000,1.55,1.55,0.64,92000000,-142000000,11800000,-44100000,105300000,64700000,100.06,104.51,95.6,0.1085,0.0611,50.73,2,18.67,27.99,0.4493,0.3661,0.5533,0.1009,0.6,0.27,1.7188
2014-07-31,101817341,101817341,1,9250200000,1728200000,4165800000,1019300000,5084400000,0,0,6098300000,1881100000,1323800000,116000000,115200000,1.14,1.14,0.64,-8100000,-52100000,59900000,-4100000,149400000,47800000,101.81,107.74,95.89,0.1075,0.0607,49.94,2.06,18.82,27.35,0.4458,0.37,0.5497,0.0986,0.61,-0.55,1.6955
2014-04-30,101844465,101844465,1,9072100000,1539100000,4042500000,891000000,5029600000,0,0,6122500000,1879800000,1234300000,118500000,117500000,1.17,1.17,0.58,266900000,-113100000,-170300000,-15100000,153500000,121700000,94,100.89,87.1,0.1095,0.0622,49.39,1.87,17.22,26.71,0.4301,0.3737,0.5544,0.0999,0.62,1.43,1.7274
2014-01-31,103688935,103688935,1,8989000000,1508100000,3784200000,608300000,5204800000,0,0,6145100000,1879400000,1465500000,166700000,165500000,1.59,1.59,0.58,421100000,-64300000,-329300000,18100000,168600000,65100000,104.17,112.05,96.3,0.1114,0.0636,50.2,2.12,19.69,26.13,0.4136,0.3611,0.579,0.1003,0.63,3.43,2.4792
2013-10-31,105138264,105138264,1,9246000000,1762300000,4078100000,896000000,5167900000,0,0,6176900000,1883600000,1559900000,153400000,152200000,1.46,1.46,0.58,85900000,-150600000,59700000,-7000000,150500000,46800000,109.26,114.72,103.8,0.1089,0.0619,49.15,2.26,21.05,25.55,0.4142,0.3645,0.5589,0.0968,0.64,0.37,1.9669
2013-07-31,105126186,105126186,1,9033900000,1629900000,3958800000,803100000,5075100000,0,0,6115300000,1867100000,1350900000,126600000,125500000,1.19,1.19,0.58,82100000,-42300000,-135600000,-98900000,157500000,35200000,104.97,113.18,96.75,0.1083,0.0615,48.28,2.16,20.99,24.97,0.4085,0.3679,0.5618,0.0951,0.65,0.45,2.0295
2013-04-30,105980879,105980879,1,9031800000,1595200000,3883000000,596800000,5148800000,0,0,6142300000,1967800000,1339693000,130322000,130322000,1.22,1.22,0.52,172161000,-59373000,-293799000,-182406000,256400000,59776000,96.78,105.18,88.38,0.1047,0.0594,48.58,1.97,20.55,24.39,0.412,0.3822,0.5701,0.0923,0.64,1.06,2.6729
2013-01-31,107257848,107257848,1,9184454000,1745945000,3924218000,593463000,5260236000,0,0,6167770000,2018508000,1559558000,154168000,154168000,1.42,1.42,0.52,324021000,-34199000,-54919000,235259000,438814000,45544000,85.95,90.31,81.6,0.0996,0.0564,49.04,1.81,19.9,23.87,0.4288,0.3837,0.5727,0.0876,0.64,2.6,2.942
2012-10-31,108463793,108463793,1,9188753000,1736062000,4036006000,706066000,5152747000,0,0,6191605000,2019196000,1628746000,148847000,148847000,1.36,1.36,0.52,182899000,-63715000,-227674000,-107919000,203555000,51854000,81.2,87.81,74.6,0.0919,0.0522,47.51,1.7,19.9,23.35,0.4579,0.3919,0.5608,0.0826,0.63,1.21,2.4588
2012-07-31,109453922,109453922,1,9262110000,1800328000,4038657000,710469000,5223453000,0,0,6215271000,2019875000,1369703000,110863000,110863000,1,1,0.52,176719000,-28313000,-64608000,81766000,311474000,46026000,76.75,80.31,73.2,0.0869,0.0499,47.72,1.64,18.9,22.83,0.4751,0.3867,0.564,0.0804,0.62,1.19,2.534
2012-04-30,110437385,110437385,1,9115226000,1643465000,3951840000,616972000,5163386000,0,0,6241625000,2020543000,1355353000,104130000,104130000,0.93,0.93,0.48,261690000,-126249000,-277827000,-140720000,229708000,76098000,76.23,81.97,70.5,0.0865,0.0506,46.75,1.59,19.3,22.31,0.4695,0.3913,0.5665,0.0832,0.61,1.68,2.6638
2012-01-31,112018740,112018740,1,9235874000,1805993000,3851734000,494335000,5384140000,0,0,6267491000,2071202000,1467641000,116844000,116844000,1.03,1.03,0.48,409305000,-437583000,-97107000,-125860000,370428000,59303000,76.32,81.4,71.24,0.0843,0.0507,48.06,1.61,18.94,21.83,0.4732,0.3847,0.583,0.0841,0.6,3.12,3.6534
2011-10-31,113366950,113366950,1,9215420000,2193707000,3852071000,544921000,5363349000,0,0,5997048000,2071852000,1513905000,127247000,127247000,1.12,1.12,0.48,118172000,-60266000,340628000,393813000,496288000,67302000,72.53,78.62,66.43,0.0872,0.0537,47.31,1.54,17.44,21.35,0.4519,0.3863,0.582,0.0895,0.6,0.45,4.0257
2011-07-31,113839943,113839943,1,8782023000,1739772000,3433769000,875234000,5348254000,0,0,6036474000,1318489000,1188883000,111523000,111523000,0.98,0.98,0.48,-58238000,-411766000,253932000,-217370000,102475000,67502000,77.01,80.26,73.76,0.0908,0.0574,46.98,1.66,19.06,20.87,0.4172,0.2465,0.609,0.0983,0.58,-1.1,1.9878
2011-04-30,114378016,114378016,1,8324585000,1636999000,3032222000,482676000,5292363000,0,0,5752756000,1304039000,1187167000,94880000,94880000,0.82,0.82,0.44,-2818000,-48146000,-184987000,-229738000,319845000,68119000,68.31,75.46,61.16,0.089,0.057,46.27,1.48,16.19,20.39,0.4104,0.2464,0.6358,0.0994,0.57,-0.62,3.3915
2011-01-31,115988437,115988437,1,8358748000,1689060000,2995447000,422757000,5363301000,0,0,5763989000,1300000000,1312351000,131995000,131995000,1.12,1.11,0.44,374834000,-35007000,-279528000,62120000,549583000,44397000,63.37,66.28,60.46,0.0936,0.0607,46.24,1.37,14.91,19.95,0.3727,0.2424,0.6416,0.1073,0.57,2.85,3.9953
2010-10-31,119055837,119055837,1,8553350000,1854186000,3049341000,476919000,5504009000,0,0,5796792000,1300000000,1278913000,149726000,149726000,1.25,1.25,0.4,46784000,-26107000,-56815000,-35310000,487463000,35078000,60.88,64.55,57.2,0.0948,0.0619,46.23,1.35,14.56,19.51,0.3517,0.2362,0.6435,0.1106,0.56,0.1,3.8878
2010-07-31,119504695,119504695,1,8419104000,1700628000,3023996000,454236000,5395108000,0,0,5814075000,1300000000,1047312000,102881000,102881000,0.86,0.86,0.4,-27238000,-83653000,350911000,239203000,522773000,26656000,58.51,63.75,53.27,0.0946,0.061,45.15,1.31,14.1,19.11,0.3467,0.241,0.6408,0.1084,0.56,-0.45,3.7439
2010-04-30,119471560,119471560,1,7974853000,1223630000,2648533000,478897000,5326320000,0,0,5834245000,900000000,1069079000,120606000,120606000,1,1,0.35,204792000,-7366000,-41564000,158009000,283570000,27014000,60.61,63.5,57.72,0.0953,0.0607,44.58,1.38,14.75,18.71,0.3369,0.169,0.6679,0.1073,0.57,1.49,2.5551
2010-01-31,119122549,119122549,1,7899432000,1122826000,2659188000,468283000,5240244000,0,0,5847169000,900000000,1205939000,135479000,135479000,1.14,1.14,0.35,322495000,-21966000,-585724000,-284147000,125561000,21952000,57.09,63,51.19,0.092,0.0571,43.99,1.32,15.64,18.36,0.3478,0.1717,0.6634,0.1016,0.56,2.52,2.3978
2009-10-31,119026878,119026878,1,8438414000,1631338000,3303060000,1107102000,5135354000,0,0,5872813000,900000000,1278745000,139990000,139990000,1.18,1.18,0.35,212423000,-50468000,-41895000,119936000,409708000,60925000,52.22,55.36,49.08,0.082,0.0496,43.14,1.22,15.31,18.01,0.3873,0.1753,0.6086,0.0895,0.55,1.27,1.4735
2009-07-31,118000000,118000000,1,8234759000,1442439000,3200429000,1000753000,5034330000,0,0,5891246000,910000000,1051526000,98063000,98063000,0.83,0.83,0.35,-26232000,-24643000,-119365000,-166921000,289772000,26887000,45.13,51.06,39.19,0.0785,0.0459,42.66,1.09,13.47,17.66,1.2716,0.1808,0.6114,0.0776,0.59,-0.45,1.4414
2009-04-30,118929564,118929564,1,8192161000,1398891000,3252230000,1061236000,4939931000,0,0,5890367000,910000000,1068540000,94268000,94268000,0.95,0.96,0.32,155818000,-28531000,-37720000,96786000,456693000,23621000,40.29,46.49,34.09,0.0807,0.0462,41.54,0.97,13.21,17.31,1.449,0.1842,0.603,0.0708,0.65,1.11,1.3182
2009-01-31,118430106,118430106,1,8246543000,1344297000,3331603000,1123525000,4914940000,0,0,5959495000,910000000,1182594000,77941000,77941000,0.68,0.68,0.32,280288000,-43572000,-39348000,193595000,359907000,28560000,41.61,46,37.22,0.0831,0.0464,41.5,1.51,13.34,16.99,1.7425,0.1851,0.596,0.0637,0.73,2.13,1.1965
2008-10-31,54861343,54861343,1,3376341000,1005360000,1864056000,467331000,1512285000,0,0,1759794000,1113205000,843142000,51453000,51453000,0.95,0.94,5.32,-46781000,-26617000,110154000,36247000,166312000,32636000,48.38,56.69,40.08,0.0993,0.0537,27.57,1.46,15.86,16.67,1.9776,0.7361,0.4479,0.0627,0.86,-1.45,2.1513
2008-07-31,54819110,54819110,1,3232321000,835080000,1415036000,403753000,1817285000,0,0,1782408000,713945000,663657000,42291000,42291000,0.78,0.77,0.32,55503000,-76096000,-20485000,-41476000,142699000,21125000,47.88,55.58,40.18,0.0931,0.0537,33.15,1.46,16.01,11.35,0.395,0.3929,0.5622,0.0654,0.82,0.63,2.0683
2008-04-30,54767534,54767534,1,3129881000,776207000,1330028000,239397000,1799853000,0,0,1746476000,789684000,589998000,37051000,37051000,0.67,0.66,0.3,13155000,-73797000,-83072000,-143489000,184175000,21102000,49.72,52.59,46.84,0.0919,0.0533,32.86,1.49,16.14,11.03,0.3969,0.4387,0.5751,0.0675,0.79,-0.15,3.2423
2008-01-31,55587702,55587702,1,3162253000,854317000,1311649000,243923000,1850604000,0,0,1703153000,790424000,665373000,42401000,42401000,0.75,0.75,0.3,137997000,3365000,-100632000,40541000,327664000,16067000,48.23,53.7,42.75,0.0949,0.0572,33.29,1.45,15.87,10.73,0.3818,0.4271,0.5852,0.0724,0.79,2.19,3.5024
2007-10-31,57532728,57532728,1,3283407000,943697000,1365466000,293171000,1917941000,0,0,1709209000,791164000,707890000,50166000,50166000,0.88,0.87,0.3,30798000,96546000,-50112000,80461000,287123000,19238000,54.44,58.09,50.79,0.0951,0.059,33.34,1.7,18.33,10.43,0.3814,0.4125,0.5841,0.0761,0.78,0.2,3.2189
2007-07-31,57513493,57513493,1,3202232000,915194000,1356543000,283885000,1845689000,0,0,1670269000,791903000,561513000,40761000,40761000,0.72,0.71,0.3,9627000,-288600000,283655000,6543000,206662000,16491000,59.96,64.32,55.6,0.0947,0.0605,32.09,1.9,21.72,10.13,0.3837,0.4291,0.5764,0.0775,0.78,-0.12,3.2238
2007-04-30,56923611,56923611,1,2649744000,639366000,854087000,236468000,1795657000,0,0,1468965000,392643000,493472000,42499000,42499000,0.76,0.75,0.28,61382000,-9955000,-6207000,47951000,200119000,12668000,52.2,57.43,46.97,0.0892,0.0587,31.55,1.68,19.92,9.83,0.4055,0.2187,0.6777,0.0732,0.8,0.86,2.7038
2007-01-31,56618947,56618947,1,2655878000,581926000,900487000,247495000,1755391000,0,0,1465517000,393383000,523081000,40427000,40427000,0.72,0.71,0.28,104621000,397000,-27382000,74467000,152168000,12054000,47.49,49.98,45,0.0862,0.0562,31,1.54,19.38,9.55,0.4205,0.2241,0.6609,0.0698,0.81,1.63,2.3513
2006-10-31,56791707,56791707,1,2689607000,607003000,934894000,284413000,1754713000,0,0,1468888000,394122000,604955000,45569000,45569000,0.8,0.8,0.28,46613000,24941000,-89765000,-18439000,77701000,15871000,46.07,49.14,43,0.0811,0.0528,30.9,1.51,18.88,9.27,0.4466,0.2246,0.6524,0.0651,0.81,0.54,2.1342
2006-07-31,57371050,57371050,1,2718038000,676380000,972509000,289745000,1745529000,0,0,1429823000,427862000,526509000,28724000,28724000,0.51,0.5,0.28,60808000,-42424000,5729000,24184000,96140000,14096000,43.18,47.25,39.11,0.0819,0.053,30.43,1.43,17.62,8.99,0.4429,0.2451,0.6422,0.0655,0.81,0.81,2.3344
2006-04-30,57140448,57140448,1,2635894000,571495000,907835000,235440000,1728059000,0,0,1413882000,428602000,501678000,35701000,35701000,0.63,0.61,0.27,73701000,-15207000,-76591000,-17290000,71956000,18514000,40.7,44.26,37.15,0.0832,0.0535,30.24,1.36,18.5,8.71,0.4372,0.248,0.6556,0.0665,0.8,0.97,2.4273
2006-01-31,58204661,58204661,1,2666304000,600837000,924689000,265097000,1741615000,0,0,1422730000,429341000,536453000,31312000,31312000,0.54,0.54,0.27,65332000,10049000,-28653000,46885000,89246000,11649000,45.09,46.84,43.33,0.0757,0.0485,29.92,1.52,19.86,8.44,0.4772,0.2465,0.6532,0.0606,0.8,0.92,2.2665
2005-10-31,58373408,58373408,1,2720397000,647034000,992145000,357225000,1728252000,0,0,1420768000,430081000,606264000,46444000,46444000,0.8,0.79,0.27,39060000,-11833000,-32108000,-5126000,42361000,16296000,46.98,49.41,44.56,0.0792,0.0504,29.61,1.62,22.06,8.17,0.4519,0.2489,0.6353,0.0624,0.81,0.39,1.8113
2005-07-31,58418708,58418708,1,2686559000,618815000,992396000,356000000,1694163000,0,0,1418912000,430821000,510331000,29897000,29897000,0.51,0.51,0.27,20188000,1144000,-31777000,-10598000,47487000,12966000,48.49,51.04,45.94,0.0748,0.0467,29,1.68,21.84,7.9,0.473,0.2543,0.6306,0.059,0.79,0.12,1.7382
2005-04-30,58700018,58700018,1,2635894000,555851000,945094000,308292000,1690800000,0,0,1420966000,431560000,488905000,22112000,22112000,0.36,0.36,0.25,73441000,-876000,-21420000,2633000,58085000,35157000,48.98,51.65,46.31,0.0774,0.0474,28.8,1.7,21.11,7.63,0.4531,0.2552,0.6415,0.0632,0.75,0.65,1.803
2005-01-31,58412155,58412155,1,2631080000,587577000,952506000,381483000,1678574000,0,0,1403774000,432300000,550234000,36108000,36108000,0.62,0.61,0.25,112827000,-31953000,-54184000,22943000,55452000,20452000,45.53,47.63,43.44,0.0834,0.052,28.74,1.58,19.54,7.38,0.4286,0.2575,0.638,0.0687,0.76,1.58,1.5402
2004-10-31,58441497,58441497,1,2856620000,620854000,1177589000,458841000,1679031000,0,0,1519307000,433040000,588922000,38005000,38005000,0.65,0.65,0.25,18806000,-31520000,-31608000,-11956000,32509000,15852000,44.42,47,41.85,0.0871,0.0554,28.73,1.6,19.15,7.13,0.4203,0.2579,0.5878,0.0738,0.75,0.05,1.3531
2004-07-31,58360021,58360021,1,2763640000,573700000,1140029000,408030000,1623611000,0,0,1507582000,451149000,415816000,32848000,32848000,0.61,0.6,0.25,-10673000,-55100000,34932000,-60086000,45530000,13709000,46.96,53.12,40.8,0.0911,0.0609,27.82,1.95,21.06,6.88,0.4152,0.2779,0.5875,0.0799,0.76,-0.42,1.406
2004-04-30,50174707,50174707,1,1684125000,425258000,473432000,174883000,1210693000,0,0,854258000,135000000,325409000,22180000,22180000,0.44,0.46,0.23,26220000,-27284000,-9672000,-11718000,106602000,20125000,49.77,53.5,46.03,0.0944,0.0669,24.13,2.08,23.37,6.63,0.4137,0.1115,0.7189,0.0786,0.85,0.12,2.4317
2004-01-31,50102603,50102603,1,1677110000,444010000,480835000,157210000,1196275000,0,0,847936000,135000000,355297000,31318000,31318000,0.63,0.62,0.23,68202000,-10527000,-10050000,48169000,118320000,21401000,45.33,47.56,43.1,0.0971,0.0682,23.88,1.94,21.9,6.4,0.4094,0.1129,0.7133,0.0791,0.86,0.93,2.8243
2003-10-31,50051364,50051364,1,1657767000,426430000,486890000,164267000,1170877000,0,0,847586000,135000000,385998000,32067000,32067000,0.64,0.64,0.23,12235000,-101125000,-10134000,-97317000,70151000,25278000,40.72,43.82,37.61,0.096,0.0672,23.39,1.79,20.26,6.17,0.4075,0.1153,0.7063,0.0776,0.87,-0.26,2.596
2003-07-31,49975599,49975599,1,1640929000,480494000,501398000,181227000,1139531000,0,0,846993000,135000000,350307000,25785000,25785000,0.52,0.51,0.23,19279000,-23603000,-10182000,-13757000,167468000,23603000,38.83,42.01,35.64,0.095,0.0664,22.8,1.73,20.54,5.94,0.4041,0.1185,0.6944,0.0765,0.87,-0.09,2.6513
2003-04-30,49955510,49955510,1,1615407000,466660000,491236000,167274000,1124171000,0,0,846351000,135000000,329007000,23245000,23245000,0.37,0.36,0.23,53743000,-16556000,-8284000,30394000,181225000,21298000,36.9,40.8,33,0.0876,0.0612,22.5,1.65,20.39,5.71,0.4287,0.1201,0.6959,0.0734,0.83,0.65,2.7898
2003-01-31,49766460,49766460,1,1575015000,437198000,462049000,164351000,1112966000,0,0,849072000,135000000,340826000,27993000,27993000,0.56,0.56,0.2,70220000,-11633000,-7538000,52006000,150831000,11344000,37.77,42.25,33.3,0.0898,0.0613,22.36,1.72,23.78,5.48,0.4144,0.1213,0.7066,0.0688,0.89,1.18,2.6601
2002-10-31,49731152,49731152,1,1564974000,425185000,474630000,171473000,1090344000,0,0,829331000,135000000,366975000,29087000,29087000,0.59,0.58,0.2,39274000,-7604000,-7234000,24730000,98825000,7399000,35.44,38.84,32.03,0.0882,0.0578,21.92,1.64,26.31,5.28,0.4534,0.1238,0.6967,0.0605,0.96,0.64,2.4796
2002-07-31,49574260,49574260,1,1537260000,398011000,467988000,166022000,1069272000,0,0,827363000,135000000,274936000,16017000,16017000,0.39,0.39,0.2,2728000,-17186000,-3728000,-17819000,74095000,8305000,33.11,37.5,28.71,0.0823,0.0504,21.57,2.94,25.14,5.08,0.547,0.1263,0.6956,0.0486,1.04,-0.11,2.3973
2002-04-30,24869463,24869463,1,524892000,279813000,244748000,80431000,280144000,0,0,48335000,135000000,176120000,6653000,6653000,0.29,0.28,0.13,29076000,-2113000,-2875000,24474000,91914000,2526000,33.48,36.65,30.3,0.1173,0.0616,11.26,2.93,24.72,4.88,0.4875,0.4819,0.5337,0.0449,1.37,1.07,3.4789
2002-01-31,24858003,23493298,0.9451,503300000,259956000,235145000,76933000,268155000,0,0,48181000,135000000,168392000,7947000,7947000,0.32,0.32,0.16,31026000,-915000,4075000,34222000,67440000,1245000,34.36,37.73,31,0.1254,0.0656,11.41,3.14,26.19,4.75,0.4921,0.5034,0.5328,0.0469,1.4,1.27,3.379
2001-10-31,24514416,23168574,0.9451,488407000,240642000,235050000,79029000,253357000,0,0,43609000,135000000,172844000,7864000,7864000,0.32,0.32,0.16,-2896000,-11573000,-2932000,-17774000,33218000,6333000,30,36.1,23.9,0.124,0.0647,10.94,2.77,24.44,4.58,0.5059,0.5328,0.5187,0.0465,1.39,-0.4,3.045
2001-07-31,24419754,23079109,0.9451,486159000,246681000,236095000,79923000,250064000,0,0,44588000,135000000,169792000,8387000,8387000,0.35,0.34,0.16,9794000,-5909000,-4076000,-133000,50992000,6300000,25.84,27.77,23.91,0.119,0.062,10.84,2.41,20.87,4.41,0.5333,0.5399,0.5144,0.0444,1.4,0.15,3.0865
2001-04-30,24419354,23078731,0.9451,470469000,229066000,223358000,67103000,247111000,0,0,33788000,135000000,169693000,7731000,7731000,0.3,0.3,0.16,29226000,-6043000,-2276000,20337000,51125000,6428000,26.48,29,23.95,0.1169,0.065,10.71,2.47,27.5,4.24,0.5057,0.5463,0.5252,0.0471,1.38,0.99,3.4136
2001-01-31,24260673,22928762,0.9451,463898000,219612000,218633000,64642000,245265000,0,0,46907000,135000000,151020000,6893000,6893000,0.29,0.28,0.16,30022000,-6240000,-2465000,21581000,30788000,6617000,25.31,29,21.63,0.0857,0.0505,10.7,2.43,29.9,4.07,0.6749,0.5504,0.5287,0.0375,1.35,1.02,3.3974
2000-10-31,24186382,22858549,0.9451,462110000,219010000,223667000,69488000,238443000,0,0,47374000,135000000,166862000,6178000,6178000,0.25,0.24,0.16,14258000,-6839000,-23194000,-16161000,9207000,7209000,21.44,25,17.88,0.0737,0.0459,10.43,1.53,23.03,3.9,0.7511,0.5662,0.516,0.0345,1.33,0.31,3.1518
2000-07-31,24064781,22743624,0.9451,490550000,240599000,172040000,77719000,318510000,0,0,49318000,75000000,163667000,9865000,9865000,0.35,0.35,0.16,14690000,-8490000,-4390000,1595000,25368000,8853000,17.63,19.5,15.75,0.0785,0.0514,14,1.51,18.31,3.74,0.6743,0.2355,0.6493,0.0397,1.3,0.26,3.0958
2000-04-30,28325280,26770222,0.9451,475384000,229132000,161911000,68189000,313473000,0,0,36795000,75000000,156598000,968000,968000,0.04,0.04,0.16,30302000,-14654000,-7871000,7049000,33103000,11252000,17.72,19.57,15.87,0.0818,0.0531,11.71,1.47,13.96,3.57,0.6633,0.2393,0.6594,0.0417,1.27,0.71,3.3602
2000-01-31,28348079,26791769,0.9451,488136000,234415000,165704000,68806000,322432000,0,0,58198000,75000000,150428000,4963000,4963000,0.17,0.17,0.15,22485000,-9514000,-11940000,1035000,26054000,4566000,20.3,22.62,17.99,0.109,0.0729,12.03,1.69,14.65,3.4,0.4885,0.2326,0.6605,0.056,1.3,0.67,3.4069
1999-10-31,28983566,27392368,0.9451,505414000,250399000,176677000,79842000,328737000,0,0,58517000,75000000,163965000,9389000,9389000,0.33,0.32,0.15,-16235000,-6108000,-5363000,-27435000,25019000,6451000,23.12,25.6,20.63,0.1197,0.0819,12,1.95,16.81,3.24,0.4427,0.2281,0.6504,0.0622,1.32,-0.83,3.1362
1999-07-31,29009291,27416680,0.9451,517094000,266643000,192147000,95371000,324947000,0,0,59440000,75000000,161495000,11037000,11037000,0.38,0.38,0.15,-2953000,-9542000,56428000,43771000,52454000,9880000,24.24,27.25,21.23,0.1204,0.0844,11.85,2.05,17.9,3.08,0.4394,0.2308,0.6284,0.0626,1.35,-0.47,2.7958
1999-04-30,29045891,27451271,0.9451,433883000,186142000,109554000,87631000,324329000,0,0,45371000,0,156291000,10039000,10039000,0.35,0.33,0.15,34009000,-9511000,-22014000,2859000,8683000,10038000,23.94,26.19,21.69,0.1202,0.0876,11.81,2.09,17.68,2.92,0.4394,0,0.7475,0.0627,1.4,0.87,2.1242
1999-01-31,29149865,27549537,0.9451,434108000,193710000,118692000,97506000,315416000,0,0,58469000,0,140772000,8245000,8245000,0.28,0.28,0.14,26124000,-23283000,-2254000,695000,5824000,6899000,25.16,27.18,23.15,0.1214,0.0883,11.45,2.23,20.32,2.76,0.4355,0,0.7266,0.0637,1.39,0.7,1.9866
1998-10-31,29120611,27521889,0.9451,434383000,210605000,123543000,102491000,310840000,0,0,43836000,0,154894000,9063000,9063000,0.31,0.31,0.14,-7506000,-11739000,17577000,-1923000,5129000,11882000,23.98,26.12,21.83,0.1126,0.0829,11.29,2.16,19.54,2.61,0.4674,0,0.7156,0.0593,1.4,-0.7,2.0549
1998-07-31,29126565,27527516,0.9451,421570000,203602000,115625000,94601000,305945000,0,0,44584000,0,150500000,10416000,10416000,0.36,0.36,0.14,-9102000,-18715000,-1038000,-29432000,7052000,9127000,25.55,27.04,24.07,0.1124,0.0833,11.11,2.33,21.18,2.47,0.4652,0,0.7257,0.0595,1.4,-0.66,2.1522
1998-04-30,29149238,27548944,0.9451,407973000,201506000,105796000,84900000,302177000,0,0,32722000,0,142242000,9740000,9740000,0.34,0.33,0.14,25122000,-8135000,-5320000,11648000,36484000,7036000,27.34,29.69,25,0.112,0.0831,10.97,2.52,23.07,2.32,0.4627,0,0.7407,0.059,1.41,0.66,2.3735
1998-01-31,29170416,27568960,0.9451,390128000,185604000,91247000,69514000,298881000,0,0,42417000,0,130658000,5075000,5075000,0.17,0.17,0.13,27214000,-3923000,-10293000,13014000,24836000,4225000,27.18,29.36,25,0.1108,0.0827,10.84,2.52,21.77,2.17,0.463,0,0.7661,0.058,1.42,0.83,2.67
1997-10-31,29153052,27552549,0.9451,405666000,193222000,108502000,87025000,297164000,0,0,43417000,0,145187000,8602000,8602000,0.3,0.3,0.13,1027000,-6879000,3333000,-3132000,11822000,7175000,27.55,31.15,23.94,0.1169,0.0869,10.79,2.58,22.84,2.03,0.4432,0,0.7325,0.0613,1.42,-0.22,2.2203
1997-07-31,29127634,27528526,0.9451,403933000,192378000,109764000,88504000,294169000,0,0,44553000,0,147389000,9973000,9973000,0.34,0.34,0.13,7678000,-9649000,-6885000,-9137000,14954000,9940000,21.43,25.53,17.33,0.1155,0.0849,10.69,2.02,19.11,1.89,0.4536,0,0.7283,0.0601,1.41,-0.08,2.1737
1997-04-30,29168170,27566837,0.9451,384773000,178472000,92882000,72016000,291891000,0,0,34041000,0,141125000,9095000,9095000,0.31,0.31,0.13,40903000,-8103000,-19344000,11895000,24091000,7538000,18.59,19.98,17.19,0.1083,0.0778,10.59,1.79,19.74,1.76,0.4902,0,0.7586,0.057,1.36,1.21,2.4782
1997-01-31,29158216,27557429,0.9451,379831000,177642000,93161000,56721000,286670000,0,0,42496000,15600000,124479000,6533000,6533000,0.23,0.23,0.13,22023000,2897000,-24263000,402000,12196000,3540000,18.65,19.84,17.46,0.0919,0.0635,10.4,1.81,20.03,1.62,0.5859,0.0544,0.7547,0.0584,1.09,0.67,3.1319
1996-10-31,29157488,27556741,0.9451,406690000,201936000,121931000,65094000,284759000,0,0,43219000,36200000,142844000,7818000,7818000,0.26,0.26,0.13,-3247000,12885000,-10087000,-449000,11794000,1523000,18.38,19.31,17.46,0.0922,0.0608,10.33,1.82,18.48,1.48,0.5905,0.1271,0.7002,0.0537,1.13,-0.17,3.1022
1996-07-31,29157488,27556741,0.9451,419062000,212236000,140146000,76571000,278916000,0,0,43426000,43100000,134154000,7489000,7489000,0.26,0.26,0.13,-156000,17066000,-22100000,-5404000,12243000,2523000,20.9,23.01,18.78,0.0988,0.0612,10.12,2.08,19.56,1.34,0.5559,0.1545,0.6656,0.053,1.15,-0.1,2.7718
1996-04-30,29157488,27556741,0.9451,424952000,214462000,148611000,67510000,276341000,0,0,31336000,60800000,41778000,4036000,4036000,0.14,0.14,0.13,None,None,None,1986000,17647000,4270000,22.16,23.54,20.77,0.1077,0.064,10.03,2.23,19.39,1.21,0.5173,0.22,0.6503,0.0555,1.15,None,3.1767
1996-01-31,29169978,27568546,0.9451,439292000,207665000,165099000,80911000,274193000,0,0,39751000,0,159681000,6337000,6337000,0.22,0.22,0.13,63396000,-4860000,-55994000,2242000,15661000,5339000,20.97,23.01,18.92,0.1171,0.0686,9.95,2.11,17.09,1.07,0.4838,0,0.6242,0.0498,1.38,2.11,2.5666
1995-10-31,29162978,27561930,0.9451,500049000,263259000,225438000,141776000,274611000,0,0,40228000,0,179152000,9416000,9416000,0.32,0.32,0.13,-27632000,-5663000,31949000,-1045000,13419000,6678000,22.29,23.81,20.77,0.1282,0.0747,9.96,2.33,16.72,0.93,0.4457,0,0.5492,0.0538,1.39,-1.24,1.8569
1995-07-31,29163678,27562592,0.9451,466807000,232239000,203080000,119511000,263727000,0,0,40241000,0,147965000,9524000,9524000,0.33,0.33,0.13,-9124000,-8576000,20880000,3220000,14464000,8576000,23.48,25,21.96,0.1425,0.083,9.57,2.51,17.75,0.79,0.4063,0,0.565,0.0579,1.43,-0.64,1.9432
1995-04-30,29163678,27562592,0.9451,421017000,191836000,163025000,79843000,257992000,0,0,40621000,67100000,142245000,6073000,6073000,0.21,0.21,0.13,12848000,-4165000,-7782000,859000,11244000,5617000,23.55,25.13,21.96,0.1445,None,9.36,2.54,None,0.66,0.4058,0.2601,0.6128,0.0578,1.45,0.26,2.4027
1995-01-31,29167178,27565899,0.9451,416261000,186438000,160842000,92375000,255419000,0,0,40721000,0,157348000,8689000,8689000,0.3,0.3,0.125,58315000,-11557000,-42964000,3786000,10385000,4770000,24.87,26.45,23.28,None,None,9.27,2.74,None,0.52,None,0,0.6136,None,None,1.94,2.0183
1994-10-31,29172178,27570625,0.9451,460485000,235864000,209907000,141451000,250578000,0,0,39299000,0,184339000,12326000,12326000,0.42,0.42,0.125,-12164000,-3749000,16986000,1136000,6599000,3349000,25.06,25.92,24.2,None,None,9.09,2.87,None,0.39,None,0,0.5442,None,None,-0.56,1.6675
1994-07-31,29172178,27570625,0.9451,439746000,214581000,199114000,138240000,240632000,0,0,0,0,144347000,9215000,9215000,0.32,0.32,0.125,-19923000,-26968000,38181000,-8596000,5463000,4647000,25.2,26.98,23.41,None,None,8.73,2.96,None,0.25,None,0,0.5472,None,None,-0.89,1.5522
1994-04-30,29172178,27570625,0.9451,378641000,171685000,144239000,83195000,234402000,0,0,21833000,48558000,None,None,None,None,None,0,40290000,-89732000,38297000,-11234000,14059000,5641000,25,26.98,23.01,None,None,8.5,2.92,None,0.12,None,0.2072,0.6191,None,None,1.26,2.0636
1994-01-31,29157038,27556316,0.9451,301513000,160533000,65570000,47889000,235943000,0,0,28477000,0,120616000,7387000,7387000,0.26,0.26,0.115,None,None,None,None,25293000,0,24.47,26.98,21.96,None,None,8.56,None,None,0.12168,None,0,0.7825,None,None,None,3.3522
