"Quarter end","Shares","Shares split adjusted","Split factor","Assets","Current Assets","Liabilities","Current Liabilities","Shareholders equity","Non-controlling interest","Preferred equity","Goodwill & intangibles","Long-term debt","Revenue","Earnings","Earnings available for common stockholders","EPS basic","EPS diluted","Dividend per share","Cash from operating activities","Cash from investing activities","Cash from financing activities","Cash change during period","Cash at end of period","Capital expenditures","Price","Price high","Price low","ROE","ROA","Book value of equity per share","P/B ratio","P/E ratio","Cumulative dividends per share","Dividend payout ratio","Long-term debt to equity ratio","Equity to assets ratio","Net margin","Asset turnover","Free cash flow per share","Current ratio"
2019-03-31,107661737,107661737,1,13161227000,2241827000,11245984000,1877930000,2078220000,-162977000,0,133837000,9133562000,1651546000,104872000,104872000,0.98,0.98,0.75,263858000,-310875000,-343109000,-392530000,1826793000,309875000,114.67,133.73,95.61,0.4622,0.0697,19.3,6.07,22.22,63.25,0.3681,4.3949,0.1579,0.1325,0.53,-0.43,1.1938
2018-12-31,107635436,107635436,1,13216269000,2641376000,11401480000,1882063000,2034123000,-219334000,0,222506000,9411140000,1687586000,464866000,464866000,4.32,4.27,0.75,463600000,-293917000,99463000,266323000,2219323000,269891000,109.7,129.33,90.06,0.3656,0.0461,18.9,6.61,19.42,62.5,0.5207,4.6266,0.1539,0.0852,0.54,1.8,1.4034
2018-09-30,108738518,108738518,1,12377491000,2336320000,10837208000,2047405000,1804993000,-264710000,0,223382000,8695335000,1709072000,156115000,156115000,1.44,1.44,0.75,444587000,-180475000,234528000,504027000,1953000000,311357000,147.19,167.59,126.78,0.463,0.0488,16.6,9.33,29.5,61.75,0.4486,4.8174,0.1458,0.0892,0.55,1.23,1.1411
2018-06-30,108643901,108643901,1,11816556000,1888458000,9996961000,1746819000,1712985000,106610000,0,224008000,8133602000,1605424000,155756000,155756000,1.44,1.44,0.75,106948000,-340305000,-351001000,-584706000,1448973000,326068000,182.25,202.48,162.02,0.5651,0.0426,15.77,27.82,42.58,61,0.4564,4.7482,0.145,0.079,0.54,-2.02,1.0811
2018-03-31,108587045,108587045,1,12215174000,2448299000,11443786000,2098909000,711562000,59826000,0,212384000,9234679000,1715578000,-204307000,-204307000,-1.99,-1.99,0.5,-53646000,-408113000,-307247000,-772955000,2033679000,514443000,180.08,203.63,156.54,0.7817,0.036,6.55,19.57,24.8,60.25,0.4716,12.978,0.0583,0.0675,0.53,-5.23,1.1665
2017-12-31,103017861,103017861,1,12681739000,3423784000,11603389000,1930290000,947846000,130504000,0,123705000,9565936000,1689096000,491682000,491682000,4.81,4.76,0.5,599072000,-294474000,-435669000,-131511000,2804474000,285121000,155.13,171.06,139.2,None,0.0612,9.2,48.48,42.97,59.75,0.2749,10.0923,0.0747,0.1185,0.52,3.05,1.7737
2017-09-30,102782543,102782543,1,12427954000,3556552000,12029744000,2062058000,329076000,69134000,0,124301000,9771815000,1612331000,79767000,79767000,0.78,0.78,0.5,473953000,-265873000,240993000,449562000,2935985000,257618000,137.13,150.15,124.11,None,0.0307,3.2,51.36,51.55,59.25,0.5546,29.6947,0.0265,0.0624,0.49,2.1,1.7248
2017-06-30,102566043,102566043,1,11856899000,3040189000,11499193000,1539909000,273423000,84283000,0,124897000,9806296000,1529261000,74916000,74916000,0.73,0.73,0.5,388968000,-274831000,-168000000,-57008000,2486423000,246927000,126.29,139.67,112.91,None,0.0234,2.67,58.74,48.2,58.75,0.7508,35.8649,0.0231,0.0502,0.47,1.38,1.9743
2017-03-31,102363915,102363915,1,11829528000,3081410000,11476869000,1508170000,219964000,132695000,0,112993000,9812876000,1475680000,100816000,100816000,0.99,0.99,0.5,414584000,-122455000,-201036000,90309000,2543431000,125434000,101.19,116.19,86.2,None,0.0236,2.15,65.28,42.7,58.25,0.7621,44.6113,0.0186,0.0541,0.44,2.82,2.0431
2016-12-31,101925222,101925222,1,11953557000,2990367000,11695676000,1416301000,157949000,99932000,0,113588000,10125352000,1300433000,113800000,113800000,1.13,1.11,0.5,289703000,-273022000,926306000,942314000,2453122000,271291000,93.71,104.9,82.51,None,0.0219,1.55,None,40.39,57.75,0.8415,64.1052,0.0132,0.0542,0.4,0.18,2.1114
2016-09-30,101740911,101740911,1,10925944000,2057197000,10990376000,1430270000,-133998000,69566000,0,114184000,9440856000,1109822000,-17437000,-17437000,-0.17,-0.17,0.5,310897000,-409457000,-293603000,-391515000,1510808000,404414000,98.38,109.5,87.26,None,0.0223,-1.32,None,30.55,57.25,1.2836,None,None,0.0578,0.39,-0.92,1.4383
2016-06-30,101790911,101790911,1,10610351000,2414543000,10608656000,991937000,-69585000,71280000,0,114780000,9457016000,1058364000,70391000,70391000,0.69,0.69,0.5,254573000,-333050000,-125659000,-204930000,1902323000,274353000,95.7,105.69,85.72,None,0.0315,-0.68,None,30.97,56.75,0.9275,None,None,0.0823,0.38,-0.19,2.4342
2016-03-31,101790911,101790911,1,10646560000,2605493000,10565625000,970616000,-84326000,165261000,0,110376000,9408555000,997678000,75221000,75221000,0.74,0.74,0.5,115373000,-272721000,184822000,27164000,2107253000,272013000,73.28,96.6,49.95,None,0.0312,-0.83,None,38.37,56.25,0.9681,None,None,0.0791,0.39,-1.54,2.6844
2015-12-31,101749906,101749906,1,10522259000,2505778000,10500414000,1110171000,-111979000,133824000,0,110972000,9212765000,946902000,109665000,109665000,1.08,1.06,1.5,227305000,-465633000,418188000,179880000,2080089000,556496000,64.11,77.25,50.96,None,0.0201,-1.1,None,33.22,55.75,1.5615,None,None,0.0479,0.42,-3.24,2.2571
2015-09-30,101568512,101568512,1,9981185000,2348198000,10041967000,1113453000,-176834000,116052000,0,111580000,8748449000,996285000,73766000,73766000,0.73,0.73,0.5,159178000,-461426000,713934000,411989000,1900209000,421666000,82.13,112,52.26,None,0.0208,-1.74,None,26.67,54.25,2.0831,None,None,0.0457,0.46,-2.58,2.1089
2015-06-30,101536779,101536779,1,9283042000,2087703000,9393702000,1227090000,-208447000,97787000,0,112176000,7985463000,1040458000,56460000,56460000,0.56,0.56,0.5,201343000,-442902000,87570000,-153688000,1488220000,411094000,115.26,136.93,93.59,None,0.0341,-2.05,None,25.5,53.75,1.542,None,None,0.0674,0.51,-2.07,1.7013
2015-03-31,101536779,101536779,1,9151680000,2382852000,9298832000,1247552000,-224046000,76894000,0,112772000,7834420000,1092238000,-44601000,-44601000,-0.44,-0.44,0.5,-15013000,-521597000,-3434000,-540256000,1641908000,494730000,140.97,160.41,121.53,None,0.0505,-2.21,None,19.63,53.25,1.2128,None,None,0.0918,0.55,-5.02,1.91
2014-12-31,101525639,101525639,1,9062861000,2782331000,8851770000,1313165000,-28779000,239870000,0,112367000,7345262000,1137975000,109346000,109346000,1.08,1.08,2.5,124189000,-548862000,-284545000,-708714000,2182164000,419938000,163.01,192.45,133.58,None,0.0803,-0.28,175.28,19.88,52.75,0.8663,None,None,0.1346,0.6,-2.91,2.1188
2014-09-30,101349797,101349797,1,9181699000,3470319000,8888284000,1344312000,94715000,198700000,0,28980000,7341227000,1370010000,191406000,191406000,1.9,1.88,1.25,396035000,-311302000,-226623000,-144233000,2890878000,290195000,196.51,220.5,172.53,None,0.0936,0.93,935.76,24.23,50.25,0.8176,77.5086,0.0103,0.1438,0.65,1.04,2.5815
2014-06-30,101348344,101348344,1,9071342000,3618180000,8783177000,1285165000,21410000,266755000,0,29576000,7310134000,1412063000,203906000,203906000,2.02,2,1.25,368871000,-272126000,-337254000,-238510000,3035111000,237490000,209.72,231,188.43,None,0.0955,0.21,None,28.38,49,0.796,341.4355,0.0024,0.1417,0.67,1.3,2.8153
2014-03-31,101257217,101257217,1,9113221000,3839184000,8792479000,1255325000,-72465000,393207000,0,30172000,7329777000,1513613000,226896000,226896000,2.25,2.22,1.25,209222000,17938000,612797000,838580000,3273621000,175055000,219.17,249.31,189.03,None,0.0903,-0.72,None,30.57,47.75,0.8404,None,None,0.1308,0.69,0.34,3.0583
2013-12-31,101212217,101212217,1,8377030000,2968814000,8244679000,1455534000,-184507000,316858000,0,30767000,6586518000,1519897000,213884000,213884000,2.13,2.1,3,395308000,-187002000,185643000,393886000,2435041000,181790000,175.15,194.53,155.77,None,0.0918,-1.82,17515,28.34,46.5,0.8329,None,None,0.1296,0.71,2.11,2.0397
2013-09-30,101155304,101155304,1,8069628000,2765556000,7828289000,1627162000,1297000,240042000,0,31146000,5986557000,1390112000,182020000,182020000,1.81,1.79,1,370528000,-365472000,6895000,12926000,2041155000,135043000,142.21,159.85,124.57,None,0.0817,0.01,None,25.86,43.5,1.7746,4615.6955,0.0002,0.1162,0.7,2.33,1.6996
2013-06-30,101102388,101102388,1,7773339000,2490335000,7595775000,1368044000,-88028000,265592000,0,29243000,6010763000,1332273000,129785000,129785000,1.29,1.28,1,489936000,-139935000,-381353000,-28476000,2028229000,110919000,129.7,144.99,114.41,None,0.0728,-0.87,None,23.2,42.5,1.9064,None,None,0.105,0.69,3.75,1.8204
2013-03-31,101005713,101005713,1,7535926000,2504504000,7261250000,1234466000,-157027000,431703000,0,30183000,5781181000,1378654000,202963000,202963000,2.02,2,1,420870000,14829000,-102328000,331486000,2056705000,58519000,120.19,126.98,113.39,None,0.0746,-1.55,None,24.94,41.5,1.7884,None,None,0.1081,0.69,3.59,2.0288
2012-12-31,100982712,100982712,1,7276594000,2202378000,7172662000,1131377000,-259037000,362969000,0,31297000,5781770000,1289084000,111373000,111373000,1.12,1.11,8,196482000,6276000,-810005000,-605718000,1725219000,72491000,113.49,123.64,103.34,None,0.0667,-2.57,27.75,21.74,40.5,1.9096,None,None,0.0974,0.68,1.23,1.9466
2012-09-30,100581636,100581636,1,7956227000,2841284000,7236927000,1205557000,411335000,307965000,0,32410000,5781471000,1298495000,112035000,112035000,1.12,1.11,0.5,328414000,-171155000,238332000,397748000,2330937000,52757000,103.29,116.47,90.11,0.7521,0.0782,4.09,30.38,20.17,32.5,1.1244,14.0554,0.0517,0.1116,0.7,2.74,2.3568
2012-06-30,100522136,100522136,1,7480591000,2470718000,6885119000,1337048000,341642000,253830000,0,33523000,5292218000,1253207000,138064000,138064000,1.38,1.37,0.5,322332000,-167948000,-91616000,62119000,1933189000,79812000,117.05,138.28,95.82,0.4539,0.0816,3.4,47.39,24.8,32,1.1165,15.4905,0.0457,0.1145,0.71,2.41,1.8479
2012-03-31,100512724,100512724,1,7403067000,2319938000,6962075000,1348509000,248675000,192317000,0,34637000,5328006000,1313498000,140564000,140564000,1.25,1.23,0.5,338490000,-12027000,280810000,608483000,1871070000,35195000,118.61,132.59,104.62,0.3127,0.0805,2.47,5.71,24.31,31.5,1.1684,21.4256,0.0336,0.109,0.74,3.02,1.7204
2011-12-31,100527776,100527776,1,6899496000,1726452000,4676042000,1579893000,2089022000,134432000,0,35751000,2809785000,1343863000,190473000,190473000,1.54,1.51,5,366783000,-94842000,-790506000,-513437000,1262587000,97955000,121.61,142.2,101.02,0.2558,0.0869,20.78,5.9,28.48,31,1.1249,1.345,0.3028,0.1164,0.75,2.67,1.0928
2011-09-30,124957158,124957158,1,7428974000,2205130000,4567656000,1325757000,2574778000,286540000,0,36864000,2933366000,1298304000,127063000,127063000,1.02,1.01,0.5,318054000,-119726000,-106958000,91035000,1776024000,34310000,142.15,172.58,111.71,0.2205,0.0767,20.61,7.08,47.54,26,2.2048,1.1393,0.3466,0.104,0.74,2.27,1.6633
2011-06-30,124948570,124948570,1,7107712000,2070862000,4369977000,1158251000,2508440000,229295000,0,37978000,2995256000,1367353000,122031000,122031000,0.98,0.97,0.5,507819000,-207794000,-62384000,238157000,1684989000,18890000,139.94,151.73,128.15,0.1471,0.0539,20.08,7.21,57.35,25.5,3.0613,1.1941,0.3529,0.0773,0.7,3.91,1.7879
2011-03-31,124757759,124757759,1,6783167000,1745317000,4167263000,864535000,2420695000,195209000,0,39091000,3163945000,1260272000,173804000,173804000,1.4,1.39,0.5,323179000,-36738000,-97793000,188333000,1446832000,32294000,119.16,132.25,106.08,0.1133,0.0436,19.4,6.63,93.83,25,3.6528,1.307,0.3569,0.0677,0.64,2.33,2.0188
2010-12-31,124620408,124620408,1,6674497000,1561136000,4293912000,887929000,2237948000,142637000,0,40205000,3264854000,1237188000,114242000,114242000,0.92,0.9,8,396179000,-55761000,-1002794000,-663839000,1258499000,54149000,101.65,117.5,85.8,0.0558,0.0223,17.96,4.1,317.66,24.5,6.6124,1.4589,0.3353,0.0383,0.58,2.74,1.7582
2010-09-30,123946173,123946173,1,7361883000,2186143000,4059988000,742992000,3075858000,226037000,0,41319000,3176408000,1005949000,-33508000,-33508000,-0.27,-0.27,0.25,238543000,-42995000,-133422000,63916000,1922338000,40950000,84.5,95.88,73.12,0.0132,0.0055,24.82,3.36,97.13,16.5,13.6496,1.0327,0.4178,0.0108,0.51,1.59,2.9424
2010-06-30,123508349,123508349,1,7369175000,2140798000,4070004000,694359000,3106056000,193115000,0,42431000,3231013000,1032643000,52405000,52405000,0.43,0.42,0.25,281494000,-107910000,-70694000,101407000,1858422000,98927000,82.5,93.99,71,0.039,0.0149,25.15,3.31,125,16.25,4.8353,1.0402,0.4215,0.0308,0.48,1.48,3.0831
2010-03-31,123310373,123310373,1,7290162000,2050722000,4064534000,633898000,3068615000,157013000,0,43545000,3279055000,908918000,26988000,26988000,0.22,0.22,0,141096000,-89457000,-285726000,-234815000,1757015000,89063000,68.83,77.95,59.7,0.0331,0.0115,24.89,2.8,491.64,16,6.0546,1.0686,0.4209,0.0253,0.45,0.42,3.2351
2009-12-31,123296373,123296373,1,7581769000,2282956000,4421406000,725585000,3034338000,126025000,0,44659000,3566428000,809329000,-5221000,-5221000,-0.05,-0.05,4,146784000,-118123000,667748000,695752000,1991830000,108640000,61.61,71.5,51.73,0.0096,0.0029,24.61,4,None,16,23.8784,1.1754,0.4002,0.0068,0.43,0.31,3.1464
2009-09-30,123125207,123125207,1,6862058000,1558397000,4966768000,653410000,1895290000,0,0,45773000,4188747000,773071000,34210000,34210000,0.28,0.28,0,275509000,-131109000,61512000,205896000,1296078000,124070000,51.98,74.9,29.05,-0.0747,-0.0194,15.39,3.45,None,12,None,2.2101,0.2762,None,0.41,1.23,2.385
2009-06-30,123114040,123114040,1,6648726000,1351620000,4795570000,554117000,1853156000,0,0,46886000,4124390000,723256000,25479000,25479000,0.21,0.21,0,110942000,-114084000,-625461000,-628540000,1090182000,123575000,35.15,50.77,19.52,-0.0701,-0.0167,15.05,2.38,31.95,12,None,2.2256,0.2787,None,0.41,-0.1,2.4392
2009-03-31,123063790,123063790,1,7312438000,1992922000,5491899000,604994000,1820539000,0,0,47999000,4753835000,739955000,-33814000,-33814000,-0.3,-0.3,0,60721000,-187764000,711716000,584818000,1718722000,183537000,34.95,55.41,14.5,0.0799,0.0186,14.79,2.46,19.31,12,0,2.6112,0.249,0.044,0.42,-1,3.2941
2008-12-31,112014290,112014290,1,6742615000,1411091000,5150093000,723775000,1592522000,0,0,49049000,4290424000,614275000,-159634000,-159634000,-1.51,-1.51,0,34408000,-355220000,-260122000,-579765000,1133904000,383055000,55.88,83.69,28.06,0.1309,0.0314,14.22,4.15,14.37,12,0,2.6941,0.2362,0.0704,0.45,-3.11,1.9496
2008-09-30,104012540,104012540,1,7287502000,1979930000,5886340000,928777000,1401162000,0,0,50127000,4914691000,769186000,51130000,51130000,0.5,0.49,0,149975000,-351238000,574967000,379841000,1713669000,336995000,94.5,119.74,69.27,0.2568,0.0662,13.47,5.86,24.8,12,1.557,3.5076,0.1923,0.1411,0.47,-1.8,2.1318
2008-06-30,103745540,103745540,1,6529053000,1644147000,4854907000,886281000,1674146000,0,0,51240000,3893069000,825157000,271993000,271993000,2.45,2.42,0,200458000,-338660000,234828000,94559000,1333828000,323022000,97.1,116.54,77.66,0.2355,0.0711,16.14,6.18,43.94,12,1.5802,2.3254,0.2564,0.1445,0.49,-1.18,1.8551
2008-03-31,111834048,111834048,1,6205535000,1528174000,4448054000,563485000,1757481000,0,0,52354000,3658789000,778706000,46717000,46717000,0.42,0.41,0,138342000,-293881000,117899000,-35851000,1239269000,283390000,107.84,124.77,90.9,0.1352,0.0439,15.72,6.25,46.09,12,2.7499,2.0818,0.2832,0.0871,0.5,-1.3,2.712
2007-12-31,112958183,112958183,1,6299282000,1581991000,4351123000,585183000,1948159000,0,0,60074000,3533339000,711275000,65453000,65453000,0.57,0.57,6,116875000,-772018000,1105533000,446060000,1275120000,283383000,143.32,176.14,110.5,0.1427,0.0493,17.25,8.59,77.89,12,2.6254,1.8137,0.3093,0.0961,0.51,-1.47,2.7034
2007-09-30,114319715,114319715,1,5086109000,1093647000,3179552000,596405000,1906557000,0,0,61456000,2400705000,653386000,44740000,44740000,0.42,0.41,0,205116000,-310824000,92654000,-9479000,829060000,324476000,128.61,168.8,88.41,0.0792,0.0285,16.68,8.42,16.36,6,4.4537,1.2592,0.3749,0.054,0.53,-1.04,1.8337
2007-06-30,109912140,109912140,1,4857503000,1091719000,3179293000,521816000,1678210000,0,0,62551000,2473889000,687541000,89550000,89550000,0.88,0.82,0,161767000,-146745000,22145000,36906000,838539000,231523000,96.75,107.98,85.53,0.4416,0.1662,15.27,5.79,14.14,6,0.7565,1.4741,0.3455,0.3666,0.45,-0.63,2.0922
2007-03-31,101970031,101970031,1,4695032000,1085613000,2990192000,514963000,1704840000,0,0,63932000,2318118000,635317000,58405000,58405000,0.58,0.54,0,175414000,-93152000,-68393000,12226000,801633000,146407000,101.83,114.6,89.06,0.3874,0.1495,16.72,6.31,16.48,6,0.8752,1.3597,0.3631,0.3902,0.38,0.28,2.1081
2006-12-31,101893781,101893781,1,4660180000,1095791000,3014595000,511087000,1645585000,0,0,67635000,2380537000,563570000,-55424000,-55424000,-0.54,0.07,6,70604000,-97727000,-585749000,-612872000,789407000,186619000,82.48,98.45,66.52,0.3552,0.1397,16.15,3.65,13.59,6,0.9724,1.4466,0.3531,0.439,0.32,-1.14,2.144
2006-09-30,101542972,101542972,1,5236768000,1705148000,2944274000,507519000,2292494000,0,0,68749000,2363378000,318092000,715656000,715656000,7.12,6.43,0,128704000,810641000,83982000,1023327000,1402279000,231157000,69.84,78.86,60.82,0.3889,0.1574,22.58,4.49,None,0,0,1.0309,0.4378,0.5978,0.26,-1.01,3.3598
2006-06-30,100881695,100881695,1,4101465000,602057000,2531698000,230682000,1569767000,0,0,69862000,2279617000,273370000,-20070000,-20070000,-0.2,-0.2,0,8126000,-219083000,112882000,-98075000,378952000,110171000,72.53,80.19,64.87,-0.0316,-0.0124,15.56,4.64,None,0,None,1.4522,0.3827,None,0.27,-1.01,2.6099
2006-03-31,100582299,100582299,1,4009387000,693533000,2437357000,241606000,1572030000,0,0,57634000,2180146000,277225000,-11434000,-11434000,-0.12,-0.12,0,33332000,-92022000,101428000,42738000,477027000,115413000,65.59,78.75,52.44,-0.0412,-0.0164,15.63,4.19,None,0,None,1.3868,0.3921,None,0.25,-0.82,2.8705
2005-12-31,99754014,99754014,1,3945283000,684542000,2382388000,269779000,1562895000,0,0,60480000,2090846000,269285000,-3857000,-3857000,-0.04,-0.04,0,33789000,-159696000,7316000,-118591000,434289000,137224000,None,None,None,-0.0575,-0.0232,15.67,None,None,0,None,1.3378,0.3961,None,0.18,-1.04,2.5374
2005-09-30,99522767,99522767,1,3942764000,760262000,2373977000,248046000,1568787000,0,0,1000000,2098016000,251441000,-14190000,-14190000,-0.14,-0.14,0,32207000,-27573000,62450000,67084000,552880000,179570000,50.73,58.2,43.27,-0.1333,-0.0562,15.76,3.2,None,0,None,1.3373,0.3979,None,None,-1.48,3.065
2005-06-30,99503517,99503517,1,3911529000,714482000,2335751000,287755000,1575778000,0,0,1000000,2018185000,201120000,-35162000,-35162000,-0.36,-0.36,0,-11629000,93265000,37872000,119508000,485796000,268225000,55.16,68,42.32,-0.146,-0.0647,15.84,3.4,None,0,None,1.2808,0.4029,None,None,-2.81,2.483
2005-03-31,99481767,99481767,1,3868376000,575092000,2252886000,248545000,1615490000,0,0,1000000,1973601000,135000,-37627000,-37627000,-0.38,-0.38,0,-5892000,-327116000,369035000,36027000,366288000,291946000,68.42,76.45,60.4,-0.1597,-0.0767,16.24,4.13,None,0,None,1.2217,0.4176,None,None,-2.99,2.3138
2004-12-31,99198067,99198067,1,3464212000,451229000,1819921000,169953000,1644291000,0,0,1000000,1600328000,None,-126499000,-126499000,-1.37,-1.37,0,-79849000,-833309000,1034173000,121015000,330261000,276857000,61.75,72.99,50.51,-0.1606,-0.0834,16.58,4.49,None,0,None,0.9733,0.4747,None,None,-3.6,2.655
2004-09-30,90522817,90522817,1,2469984000,219080000,1225046000,134152000,1244938000,0,0,1000000,1002277000,None,-22706000,-22706000,-0.26,-0.26,0,-6720000,-438983000,293940000,-151763000,209246000,256868000,43.58,52.97,34.18,-0.0811,-0.0447,13.75,3.17,None,0,None,0.8051,0.504,None,None,-2.91,1.6331
2004-06-30,89168484,89168484,1,2127836000,436153000,903893000,119552000,1223943000,0,0,1000000,708185000,None,-41919000,-41919000,-0.49,-0.49,0,-27278000,-249651000,322461000,45532000,361009000,257640000,39.19,43.77,34.6,-0.0782,-0.0449,13.73,3.29,None,0,None,0.5786,0.5752,None,None,-3.2,3.6482
2004-03-31,82168484,82168484,1,1736326000,393077000,757807000,84720000,978115000,404000,0,1000000,636252000,None,-13248000,-13248000,-0.16,-0.16,0,-918000,-25147000,-10000,-26075000,315477000,183360000,33.88,40.26,27.5,-0.053,-0.0319,11.9,2.78,None,0,None,0.6505,0.5633,None,None,-2.24,4.6397
2003-12-31,82168484,82168484,1,1733323000,402347000,730454000,71176000,1001815000,1054000,0,1000000,635432000,279000,-12366000,-12366000,-0.16,-0.16,0,-14250000,9146000,82000,-5022000,341552000,164323000,23.4,28.61,18.19,-0.0487,None,12.19,1.91,None,0,None,0.6343,0.578,None,0,-2.17,5.6528
2003-09-30,82351957,82351957,1,1733313000,417703000,721035000,72611000,1010403000,1875000,0,1000000,634604000,261000,-14843000,-14843000,-0.18,-0.18,0,9638000,-54814000,242299000,197123000,346574000,118665000,16.75,18.5,14.99,None,None,12.27,1.36,None,0,None,0.6281,0.5829,None,None,-1.32,5.7526
2003-06-30,82351957,82351957,1,1453716000,188585000,433151000,42165000,1018075000,2490000,0,1000000,383775000,285000,-12677000,-12677000,-0.16,-0.16,0,-7935000,6164000,43812000,42041000,149451000,90445000,16.91,19.11,14.71,None,None,12.36,1.36,None,0,None,0.377,0.7003,None,None,-1.19,4.4725
2003-03-31,79351957,79351957,1,1413023000,109971000,425935000,42971000,983986000,3102000,0,1000000,382964000,193000,-9006000,-9006000,-0.12,-0.12,0,-9227000,7002000,-9000,-2234000,107410000,41550000,14.13,15.5,12.76,None,None,12.4,1.13,None,0,None,0.3892,0.6964,None,None,-0.64,2.5592
2002-12-31,79162234,79162234,1,1398601000,112050000,402805000,20652000,991613000,4183000,0,1000000,382153000,None,None,None,None,None,0,-640000,-822724000,765400000,-57964000,109644000,28550000,12.57,14.39,10.76,None,None,12.53,1.82,None,0,None,0.3854,0.709,None,None,-0.37,5.4256
2002-09-30,77834173,77834173,1,579704000,172162000,40767000,13112000,536754000,2183000,0,1000000,27655000,207000,-8194000,-8194000,-0.2,-0.2,0,None,None,None,None,167608000,0,None,None,None,None,None,6.9,None,None,0,None,0.0515,0.9259,None,None,None,13.1301
