"Quarter end","Shares","Shares split adjusted","Split factor","Assets","Current Assets","Liabilities","Current Liabilities","Shareholders equity","Non-controlling interest","Preferred equity","Goodwill & intangibles","Long-term debt","Revenue","Earnings","Earnings available for common stockholders","EPS basic","EPS diluted","Dividend per share","Cash from operating activities","Cash from investing activities","Cash from financing activities","Cash change during period","Cash at end of period","Capital expenditures","Price","Price high","Price low","ROE","ROA","Book value of equity per share","P/B ratio","P/E ratio","Cumulative dividends per share","Dividend payout ratio","Long-term debt to equity ratio","Equity to assets ratio","Net margin","Asset turnover","Free cash flow per share","Current ratio"
2019-03-30,149074485,149074485,1,7144864000,3109111000,3443491000,1878776000,2796922000,904451000,0,3068234000,973500000,2360268000,109783000,109783000,0.73,0.73,0,-33739000,-598591000,632129000,7906000,88115000,15918000,69.13,81.68,56.58,0.1736,0.0635,18.76,3.53,19.81,0,0,0.3481,0.3915,0.041,1.55,-0.33,1.6549
2018-12-29,151403703,151403703,1,8500527000,4175220000,4646583000,3218827000,2961332000,892612000,0,3404539000,1003873000,3375202000,132973000,132973000,0.87,0.87,0,293952000,-46597000,-285260000,-39531000,80209000,28811000,82.49,91.35,73.63,0.1824,0.0657,19.56,4.23,32.1,0,0,0.339,0.3484,0.0406,1.62,1.75,1.2971
2018-09-29,152437680,152437680,1,8390310000,4193952000,4691092000,3229785000,2973135000,726083000,0,3303882000,1000315000,3279678000,121478000,121478000,0.8,0.79,0,173868000,-71717000,-96248000,8419000,119740000,23106000,79.75,87.41,72.09,0.136,0.0494,19.5,4.19,30.09,0,0,0.3365,0.3544,0.03,1.65,0.99,1.2985
2018-06-30,153111471,153111471,1,7809786000,4061940000,4593891000,3152922000,2913538000,302357000,0,2868789000,985385000,3326676000,141212000,141212000,0.92,0.92,0,287830000,-39474000,-250027000,12086000,111321000,20469000,71.13,77.11,65.14,0.1412,0.053,19.03,3.78,27.52,0,0,0.3382,0.3731,0.0315,1.68,1.75,1.2883
2018-03-31,154025003,154025003,1,7914876000,4120805000,4332943000,2856291000,2901980000,679953000,0,2967338000,1000515000,3220439000,140218000,140218000,0.92,0.91,0,-70944000,-35166000,27759000,-75423000,99235000,18251000,71.05,79.54,62.56,0.1393,0.0535,18.84,3.88,27.81,0,0,0.3448,0.3666,0.0318,1.68,-0.58,1.4427
2017-12-30,153694200,153694200,1,7811235000,4033260000,4154687000,2776215000,2811499000,845049000,0,2970972000,907756000,3318054000,-8535000,-8535000,-0.05,-0.05,0,238014000,-21481000,-128619000,94779000,174658000,26186000,75.08,84.88,65.28,0.1409,0.0556,18.29,3.91,21.61,0,0,0.3229,0.3599,0.0326,1.7,1.38,1.4528
2017-09-30,156954392,156954392,1,7486661000,3782529000,3728704000,2437147000,3011639000,746318000,0,2891654000,907592000,3161083000,138031000,138031000,0.88,0.87,0,131362000,-129372000,594000,5225000,79879000,18350000,85.85,93.14,78.56,0.1924,0.0787,19.19,4.64,25.1,0,0,0.3014,0.4023,0.0452,1.74,0.72,1.552
2017-07-01,79055985,158111970,2,7097456000,3463777000,3415804000,2229945000,2926255000,755397000,0,2809376000,807625000,3059458000,136055000,136055000,1.72,1.71,0,228730000,-156743000,-68184000,11766000,74654000,19654000,88.31,93.5,83.11,0.1929,0.0805,18.51,5.03,26.8,0,0,0.276,0.4123,0.0459,1.75,1.32,1.5533
2017-04-01,79329460,158658920,2,6844620000,3392257000,3329836000,2285432000,2787225000,727559000,0,2657870000,708422000,2922948000,140748000,140748000,1.78,1.76,0,-52591000,-34680000,83658000,507000,62888000,17311000,81.88,88.25,75.51,0.1869,0.0795,17.57,4.64,26.41,0,0,0.2542,0.4072,0.0453,1.76,-0.44,1.4843
2016-12-31,79196697,158393394,2,6730396000,3312780000,3321956000,2290646000,2793066000,615374000,0,2640920000,715457000,3120934000,139216000,139216000,1.77,1.74,0,264508000,-136588000,-129088000,-13811000,62381000,25654000,77.67,82.24,73.11,0.1755,0.0762,17.63,4.32,25.85,0,0,0.2562,0.415,0.0438,1.74,1.51,1.4462
2016-09-24,80490951,160981902,2,6633593000,3285955000,3159046000,2039655000,2895317000,579230000,0,2568826000,718024000,2865148000,133713000,133713000,1.65,1.63,0,178081000,-59448000,-105766000,12632000,76192000,18345000,85.38,91.5,79.27,0.171,0.0755,17.99,4.74,28.94,0,0,0.248,0.4365,0.044,1.71,0.99,1.611
2016-06-25,81796216,163592432,2,6633596000,3277591000,3109290000,1910912000,2947723000,576583000,0,2548503000,700052000,2872630000,120097000,120097000,1.47,1.46,0,274384000,-49390000,-234468000,-8054000,63560000,13575000,86.53,90.49,82.58,0.1683,0.0753,18.02,4.87,29.63,0,0,0.2375,0.4444,0.0442,1.7,1.59,1.7152
2016-03-26,82066386,164132772,2,6600570000,3271003000,3154339000,1987504000,2913698000,532533000,0,2528360000,666283000,2712956000,113752000,113752000,1.39,1.37,0,-101512000,-70996000,169093000,-472000,71614000,12605000,78.22,85.12,71.32,0.1687,0.0765,17.75,4.44,27.49,0,0,0.2287,0.4414,0.045,1.7,-0.7,1.6458
2015-12-26,81942080,163884160,2,6504740000,3231100000,3075732000,2146997000,2884256000,544752000,0,2500564000,463752000,2850918000,129948000,129948000,1.58,1.55,0,298311000,-56562000,-221364000,11605000,72086000,19520000,71.79,80,63.58,0.1678,0.0769,17.6,4.05,25.15,0,0,0.1608,0.4434,0.0451,1.71,1.7,1.5049
2015-09-26,82925764,165851528,2,6371558000,3120173000,2845021000,1797281000,2939352000,587185000,0,2516778000,597106000,2685835000,127735000,127735000,1.54,1.52,0,107428000,-105564000,18730000,13413000,60481000,18734000,69.03,74.97,63.09,0.1699,0.0785,17.72,4.02,24.97,0,0,0.2031,0.4613,0.046,1.71,0.53,1.7361
2015-06-27,83396962,166793924,2,6105626000,2905337000,2671938000,1636742000,2863393000,570295000,0,2472962000,588523000,2629320000,117928000,117928000,1.42,1.4,0,207756000,-67590000,-152511000,-12134000,47068000,17937000,70.56,73.22,67.9,0.1671,0.0772,17.17,4.32,25.75,0,0,0.2055,0.469,0.045,1.71,1.14,1.7751
2015-03-28,83619111,167238222,2,5939264000,2802254000,2630248000,1546839000,2733340000,575676000,0,2457186000,653718000,2463646000,103447000,103447000,1.24,1.22,0,-26654000,-30315000,35774000,-30272000,59202000,15493000,69.41,71.94,66.89,0.1667,0.0773,16.34,4.13,25.52,0,0,0.2392,0.4602,0.0449,1.72,-0.25,1.8116
2014-12-27,83801860,167603720,2,6138807000,2913166000,2757835000,1780111000,2813594000,567378000,0,2527859000,542776000,2702096000,132966000,132966000,1.6,1.57,0,274019000,-83079000,-166137000,12932000,89474000,21334000,62.13,69.58,54.67,0.165,0.0772,16.79,3.71,23.36,0,0,0.1929,0.4583,0.0449,1.72,1.51,1.6365
2014-09-27,84214715,168429430,2,6130631000,2928237000,2760060000,1705834000,2818354000,552217000,0,2540351000,630806000,2623729000,114776000,114776000,1.36,1.34,0,174502000,-166230000,-9842000,-13156000,76542000,22806000,58.89,60.5,57.27,0.1623,0.0774,16.73,3.51,22.61,0,0,0.2238,0.4597,0.0449,1.73,0.9,1.7166
2014-06-28,84832600,169665200,2,5991754000,2912003000,2640295000,1543901000,2850743000,500716000,0,2426735000,665909000,2615406000,116236000,116236000,1.37,1.35,0,199232000,-100236000,-140365000,-39417000,89698000,19492000,57.99,60.49,55.49,0.1613,0.079,16.8,3.51,22.79,0,0,0.2336,0.4758,0.0454,1.74,1.06,1.8861
2014-03-29,85364454,170728908,2,5880110000,2876906000,2578352000,1613261000,2816311000,485447000,0,2390107000,541687000,2430159000,102099000,102099000,1.2,1.18,0,-55249000,-167094000,161697000,-59501000,129115000,18484000,57.6,60.36,54.84,0.1619,0.0806,16.5,3.53,23.32,0,0,0.1923,0.479,0.0456,1.77,-0.43,1.7833
2013-12-28,85440027,170880054,2,5624636000,2834665000,2339096000,1550663000,2785197000,500343000,0,2052138000,450233000,2526370000,124268000,124268000,1.45,1.45,0,274628000,-172847000,13266000,118701000,188616000,21482000,54.64,58.03,51.25,0.1615,0.0811,16.3,3.46,22.96,0,0,0.1617,0.4952,0.0451,1.8,1.48,1.828
2013-09-28,85854069,171708138,2,5278089000,2635420000,2092103000,1446445000,2708842000,477144000,0,2065984000,311458000,2348956000,107378000,107378000,1.25,1.23,0,152796000,-33045000,-136569000,-8924000,69915000,16799000,50.92,53.88,47.97,0.1597,0.08,15.78,3.37,22.09,0,0,0.115,0.5132,0.0445,1.8,0.79,1.822
2013-06-29,86491195,172982390,2,5164506000,2573266000,2081044000,1314335000,2615379000,468083000,0,2043143000,446709000,2391810000,108430000,108430000,1.26,1.23,0,274798000,-16424000,-268744000,-11723000,78839000,10072000,46.8,49.14,44.45,0.1577,0.0786,15.12,3.16,20.99,0,0,0.1708,0.5064,0.0439,1.79,1.53,1.9578
2013-03-30,87132889,174265778,2,5205686000,2585415000,2162649000,1242569000,2578229000,464808000,0,2064498000,600599000,2293511000,91478000,91478000,1.06,1.03,0,-38047000,-44289000,56073000,-31518000,90562000,11862000,43.05,46.33,39.78,0.1556,0.0779,14.79,2.89,19.93,0,0,0.233,0.4953,0.0437,1.78,-0.29,2.0807
2012-12-29,87573322,175146644,2,5333997000,2704377000,2282958000,1472709000,2613585000,437454000,0,2063228000,488121000,2408438000,112467000,112467000,1.31,1.27,0,199661000,-32304000,-141306000,32744000,122080000,18303000,39.06,41.45,36.67,0.1522,0.0775,14.92,2.67,18.6,0,0,0.1868,0.49,0.0434,1.78,1.04,1.8363
2012-09-29,87994041,175988082,2,5111532000,2512179000,2162763000,1448958000,2571701000,377068000,0,2062625000,436426000,2231058000,96771000,96771000,1.11,1.08,0,78545000,-95220000,14592000,1440000,89336000,11562000,38.4,40.38,36.42,0.1519,0.0782,14.61,2.73,18.69,0,0,0.1697,0.5031,0.0429,1.82,0.38,1.7338
2012-06-30,88529318,177058636,2,4835256000,2331144000,1986098000,1283454000,2488648000,360510000,0,1948484000,434417000,2201452000,98086000,98086000,1.11,1.08,0,178498000,-109976000,-74796000,-13917000,87896000,9149000,38.08,40.19,35.98,0.1504,0.0785,14.06,2.71,18.85,0,0,0.1746,0.5147,0.0429,1.83,0.96,1.8163
2012-03-31,89864987,179729974,2,4759633000,2307010000,1863119000,1139136000,2526049000,370465000,0,1892236000,453058000,2099019000,80752000,80752000,0.92,0.89,0,-48605000,-32104000,30909000,-45471000,101813000,12223000,35.45,38.52,32.37,0.1477,0.0776,14.05,2.62,17.86,0,0,0.1794,0.5307,0.0428,1.81,-0.34,2.0252
2011-12-31,89775409,179550818,2,4740144000,2272508000,1904471000,1271640000,2432222000,403451000,0,1906720000,363524000,2340148000,104730000,104730000,1.18,1.15,0,287984000,-30667000,-213244000,40412000,147284000,12629000,32.42,35.56,29.28,0.1472,0.0765,13.55,2.31,17.02,0,0,0.1495,0.5131,0.0431,1.78,1.53,1.7871
2011-09-24,90360895,180721790,2,4798296000,2317132000,1840674000,1201352000,2539154000,418468000,0,1921317000,371864000,2111693000,91961000,91961000,1.02,0.99,0,81349000,-3382000,-120798000,-54917000,106872000,11783000,33.37,37.49,29.25,0.1428,0.0748,14.05,2.4,17.75,0,0,0.1465,0.5292,0.0433,1.73,0.38,1.9288
2011-06-25,92415293,184830586,2,4883759000,2349010000,1884775000,1236945000,2573356000,425628000,0,1960203000,372924000,2130640000,94475000,94475000,1.04,1.01,0,137713000,-21356000,-73454000,45077000,161789000,10306000,35.42,37.24,33.6,0.1436,0.0747,13.92,2.67,19.41,0,0,0.1449,0.5269,0.044,1.7,0.69,1.899
2011-03-26,92251522,184503044,2,4794994000,2261511000,1920734000,1234203000,2446830000,427430000,0,1958169000,407462000,1947761000,76495000,76495000,0.84,0.82,0,47579000,-140664000,53129000,-33636000,116712000,10458000,32.81,34.99,30.63,0.1439,0.0744,13.26,2.5,18.8,0,0,0.1665,0.5103,0.0443,1.68,0.2,1.8324
2010-12-25,91897104,183794208,2,4547471000,2169302000,1830374000,1168087000,2411625000,305472000,0,1830262000,395309000,2023568000,92995000,92995000,1.04,0.99,0,212049000,-54442000,-207016000,-53382000,150348000,12074000,29.54,31.31,27.77,0.1411,0.0731,13.12,2.3,17.08,0,0,0.1639,0.5303,0.0433,1.69,1.09,1.8571
2010-09-25,92273142,184546284,2,4604459000,2247774000,1937289000,1287647000,2366648000,300522000,0,1839352000,383495000,1893511000,87893000,87893000,0.97,0.94,0,47837000,-91564000,-81845000,-117386000,203730000,9384000,27.14,28.8,25.48,0.1421,0.0746,12.82,2.19,15.29,0,0,0.162,0.514,0.0438,1.7,0.21,1.7456
2010-06-26,91516274,183032548,2,4417665000,2212545000,1809568000,1026197000,2266814000,341283000,0,1774934000,523421000,1849401000,84001000,84001000,0.93,0.9,0,107313000,-137986000,-35000,-34272000,321116000,8480000,29.01,31.32,26.7,0.1508,0.0808,12.38,2.42,16.77,0,0,0.2309,0.5131,0.0465,1.74,0.54,2.1561
2010-03-27,91375697,182751394,2,4262631000,2219372000,1784526000,1013871000,2191570000,286535000,0,1608379000,522882000,1760310000,60900000,60900000,0.68,0.66,0,21675000,-144412000,5640000,-115766000,355388000,9062000,27.5,29.25,25.75,0.1476,0.0821,11.99,2.31,16.13,0,0,0.2386,0.5141,0.0466,1.76,0.07,2.189
2009-12-26,90684358,181368716,2,3835985000,2203533000,1495907000,1076254000,2161508000,178570000,0,1190840000,243373000,1779292000,86408000,86408000,0.96,0.96,0,178513000,28417000,-50777000,153547000,471154000,13210000,26.51,28.46,24.55,0.1477,0.0851,11.92,2.31,17.16,0,0,0.1126,0.5635,0.0476,1.79,0.91,2.0474
2009-09-26,90483640,180967280,2,3703339000,2079753000,1389920000,1029134000,2074190000,239229000,0,1189096000,242511000,1659433000,96421000,96421000,1.09,1.03,0,138802000,-72608000,-143756000,-76266000,317607000,10014000,25.08,28.25,21.91,0.1374,0.0783,11.46,2.08,17.85,0,0,0.1169,0.5601,0.0445,1.76,0.71,2.0209
2009-06-27,90188602,180377204,2,3645490000,2089290000,1398684000,1057612000,2171625000,75181000,0,1155291000,261229000,1611006000,73473000,73473000,0.83,0.81,0,106703000,-25377000,3292000,85717000,393873000,15537000,21.62,23.85,19.39,0.1257,0.0715,12.04,1.93,15.96,0,0,0.1203,0.5957,0.0401,1.78,0.51,1.9755
2009-03-28,90173818,180347636,2,3432544000,1940316000,1339990000,1011885000,2022060000,70494000,0,1103047000,256333000,1488605000,54851000,54851000,0.62,0.61,0,-27128000,-27880000,-6434000,-61414000,308156000,12866000,18.54,20.3,16.77,0.1255,0.0701,11.21,1.72,13.89,0,0,0.1268,0.5891,0.0386,1.82,-0.22,1.9175
2008-12-27,89358599,178717198,2,3599634000,2066272000,1599669000,1183665000,1932185000,67780000,0,1137045000,266646000,1573507000,56911000,56911000,0.64,0.64,0,196085000,-82272000,-30920000,81206000,369570000,12751000,21.93,27.83,16.04,0.1264,0.0696,10.81,2.01,15.23,0,0,0.138,0.5368,0.038,1.83,1.03,1.7457
2008-09-27,89353847,178707694,2,3506574000,2014262000,1508342000,1100698000,1947522000,50710000,0,1092030000,268990000,1650771000,68425000,68425000,0.77,0.75,0,49947000,-2999000,-28913000,16932000,288364000,14653000,27.34,30.21,24.46,0.1403,0.0773,10.9,2.53,19.67,0,0,0.1381,0.5554,0.0406,1.91,0.2,1.83
2008-06-28,89373393,178746786,2,3469515000,1931123000,1493631000,921818000,1929068000,46816000,0,1145242000,424470000,1644977000,65477000,65477000,0.73,0.71,0,125277000,-22522000,-33422000,68396000,271432000,9723000,27.54,29.71,25.37,0.1407,0.076,10.79,2.64,22.57,0,0,0.22,0.556,0.0401,1.89,0.65,2.0949
2008-03-29,90263973,180527946,2,3388469000,1873302000,1462620000,889520000,1885797000,40052000,0,1141035000,428541000,1525619000,52330000,52330000,0.59,0.57,0,13340000,-60084000,5285000,-44554000,203036000,13743000,29.72,31.81,27.63,0.1297,0.0696,10.45,2.99,25.29,0,0,0.2272,0.5565,0.0367,1.9,-0,2.106
2007-12-29,89628700,179257400,2,3313984000,1848799000,1498079000,940639000,1779982000,35923000,0,1109614000,423274000,1693455000,78269000,78269000,0.89,0.85,0,120286000,-82019000,3732000,40132000,247590000,23798000,29.74,31.73,27.75,0.1318,0.0699,9.93,3.18,27.04,0,0,0.2378,0.5371,0.0363,1.92,0.54,1.9655
2007-09-29,89537726,179075452,2,3283493000,1853469000,1580292000,1013891000,1673555000,29646000,0,1090674000,432279000,1505575000,59573000,59573000,0.67,0.65,0,69184000,-40646000,-16625000,16487000,207458000,11687000,28.82,30.99,26.66,0.1285,0.0673,9.35,3.28,28.96,0,0,0.2583,0.5097,0.0349,1.93,0.32,1.8281
2007-06-30,89128523,178257046,2,2896652000,1648858000,1304684000,733505000,1567281000,24687000,0,927457000,450260000,1387017000,33837000,33837000,0.38,0.37,0,114643000,-74334000,-3062000,36515000,190971000,12403000,26.98,28,25.96,0.1207,0.0635,8.79,3.18,25.45,0,0,0.2873,0.5411,0.0327,1.94,0.57,2.2479
2007-03-31,88835010,177670020,2,2815392000,1551779000,1284332000,698172000,1509134000,21926000,0,944892000,457318000,1334143000,43494000,43494000,0.49,0.48,0,-33902000,-45048000,-15165000,-94191000,154456000,8933000,25.29,27.66,22.91,0.1331,0.069,8.49,3.03,27.79,0,0,0.303,0.536,0.0359,1.93,-0.24,2.2226
2006-12-30,87954128,175908256,2,2881146000,1644848000,1388437000,810088000,1470963000,21746000,0,935343000,455806000,1498936000,62997000,62997000,0.72,0.7,0,170691000,-81340000,-12909000,72577000,248647000,17073000,25.39,27.04,23.75,0.1184,0.0606,8.36,3.2,29.7,0,0,0.3099,0.5105,0.0318,1.91,0.87,2.0305
2006-09-30,88573415,177146830,2,2717620000,1516650000,1294346000,724246000,1406777000,16497000,0,913087000,456487000,1272020000,39285000,39285000,0.44,0.44,0,64009000,-5968000,-15888000,37736000,176070000,17273000,24.63,26.18,23.09,0.1153,0.058,7.94,3.21,31.58,0,0,0.3245,0.5177,0.031,1.87,0.26,2.0941
2006-07-01,88172118,176344236,2,2650053000,1522740000,1277952000,672084000,1354848000,17253000,0,858004000,486014000,1220360000,45218000,45218000,0.51,0.5,0,38617000,-8223000,-14902000,22259000,138334000,21486000,23.48,24.79,22.18,0.1099,0.0543,7.68,3.19,31.1,0,0,0.3587,0.5113,0.0292,1.86,0.1,2.2657
2006-04-01,88314954,176629908,2,2566944000,1493506000,1253809000,649075000,1298877000,14258000,0,816418000,488214000,1161781000,16259000,16259000,0.19,0.18,0,-38000000,-84830000,22425000,-94608000,159890000,11168000,23.01,24.6,21.41,0.1099,0.0534,7.35,3.27,27.07,0,0,0.3759,0.506,0.0286,1.87,-0.28,2.301
2005-12-31,87331228,174662456,2,2583120000,1584409000,1341223000,724114000,1229544000,12353000,0,750073000,489520000,1267536000,51700000,51700000,0.6,0.59,0,151559000,-95671000,-24397000,34421000,254498000,14625000,21,22.96,19.04,0.1282,0.0615,7.04,3.05,29.17,0,0,0.3981,0.476,0.0326,1.88,0.78,2.1881
2005-09-24,87166433,174332866,2,2481622000,1482553000,1270417000,635002000,1199349000,11856000,0,755399000,513592000,1125363000,26427000,26427000,0.3,0.29,0,40967000,-4038000,-7323000,32969000,220077000,14171000,21.05,22.07,20.03,0.1124,0.0533,6.88,3.16,27.97,0,0,0.4282,0.4833,0.0283,1.88,0.15,2.3347
2005-06-25,87161160,174322320,2,2439888000,1419864000,1263137000,623471000,1162384000,14367000,0,760880000,518954000,1141620000,39974000,39974000,0.46,0.45,0,87910000,-9193000,-866000,72367000,187108000,13895000,19.52,21.2,17.83,0.1205,0.057,6.67,3,26.29,0,0,0.4465,0.4764,0.03,1.9,0.42,2.2774
2005-03-26,86746522,173493044,2,2340142000,1328647000,1198653000,572066000,1128452000,13037000,0,767272000,517093000,1101410000,33225000,33225000,0.38,0.37,0,-15295000,-53964000,-6280000,-71880000,114741000,8138000,18.3,20.25,16.35,0.1225,0.0579,6.5,2.86,25.59,0,0,0.4582,0.4822,0.0311,1.86,-0.14,2.3225
2004-12-25,86590754,173181508,2,2433670000,1430743000,1315179000,693899000,1106053000,12438000,0,756500000,525682000,1194320000,29550000,29550000,0.34,0.33,0,133420000,5564000,-11411000,113650000,186621000,13150000,15.82,17.61,14.04,0.1208,0.0591,6.39,2.58,21.23,0,0,0.4753,0.4545,0.0316,1.87,0.69,2.0619
2004-09-25,43263489,173053956,4,2212271000,1260253000,1141590000,530057000,1059314000,11367000,0,698856000,522767000,1033625000,31504000,31504000,0.72,0.71,0,-3164000,18866000,-48833000,-33366000,72971000,10898000,15.98,17,14.96,0.1296,0.0666,6.12,2.66,19.61,0,0,0.4935,0.4788,0.0352,1.89,-0.08,2.3776
2004-06-26,43583372,174333488,4,2200273000,1246674000,1138456000,649136000,1048554000,13263000,0,670281000,420877000,945690000,38736000,38736000,0.88,0.86,0,81045000,-109111000,61176000,33251000,106337000,8135000,17.68,19.86,15.49,0.1458,0.0779,6.01,3.03,22.52,0,0,0.4014,0.4766,0.04,1.95,0.42,1.9205
2004-03-27,44061896,176247584,4,1832588000,1086030000,791107000,479198000,1029482000,11999000,0,440201000,273327000,886631000,28393000,28393000,0.65,0.63,0,-20302000,-87871000,25438000,-84265000,73086000,5654000,17.49,18.5,16.48,0.145,0.0811,5.84,3.04,22.86,0,0,0.2655,0.5618,0.0403,2.01,-0.15,2.2663
2003-12-27,43642907,174571628,4,1819370000,1156484000,803720000,519188000,1004118000,11532000,0,436439000,247100000,946924000,35542000,35542000,0.81,0.78,0,110752000,-39704000,-2404000,64494000,157351000,9933000,15.67,17.5,13.84,0.1465,0.0823,5.75,2.88,21.18,0,0,0.2461,0.5519,0.041,2.01,0.58,2.2275
2003-09-27,43646271,174585084,4,1696987000,1087763000,734826000,460482000,952120000,10041000,0,377399000,245389000,892718000,44347000,44347000,1.02,0.99,0,-22940000,461000,-5161000,-28304000,92857000,7724000,13.98,15.08,12.88,0.1472,0.0828,5.45,2.68,19.69,0,0,0.2577,0.5611,0.0421,1.97,-0.18,2.3622
2003-06-28,43473339,173893356,4,1613796000,1000679000,697315000,423797000,907015000,9466000,0,377494000,247179000,776166000,32855000,32855000,0.76,0.74,0,55116000,-83932000,-37063000,-65834000,121161000,7813000,11.88,13.54,10.22,0.1469,0.0819,5.22,2.36,17.41,0,0,0.2725,0.562,0.0423,1.94,0.27,2.3612
2003-03-29,44192146,176768584,4,1551282000,1014046000,650898000,382921000,891314000,9070000,0,314425000,242868000,737997000,24766000,24766000,0.56,0.55,0,-14085000,5053000,-3747000,-13656000,186995000,13508000,10.09,11.65,8.54,0.1469,0.0815,5.04,2.05,15.35,0,0,0.2725,0.5746,0.0422,1.93,-0.16,2.6482
2002-12-28,43773451,175093804,4,1558052000,1027529000,690087000,423330000,861217000,6748000,0,310348000,242561000,747403000,30963000,30963000,0.69,0.68,0,69019000,-18271000,1332000,51352000,200651000,11283000,12.25,14.43,10.07,0.1491,0.0814,4.92,2.63,19.07,0,0,0.2816,0.5528,0.0418,1.95,0.33,2.4273
2002-09-28,44000348,176001392,4,1517132000,1006959000,689858000,426641000,820207000,7067000,0,303358000,242140000,759073000,39228000,39228000,0.9,0.87,0,52269000,-40267000,5326000,16791000,149299000,8140000,11.75,13.74,9.75,0.153,0.0812,4.66,2.65,20.61,0,0,0.2952,0.5406,0.0411,1.97,0.25,2.3602
2002-06-29,43799051,175196204,4,1410157000,910149000,625340000,362728000,776935000,7882000,0,304153000,242990000,671432000,28066000,28066000,0.65,0.63,0,52167000,-27723000,17191000,39087000,132508000,10530000,11.71,12.65,10.78,0.1421,0.0744,4.43,2.86,21.99,0,0,0.3128,0.551,0.0374,1.99,0.24,2.5092
2002-03-30,43201656,172806624,4,1309519000,827409000,594555000,334413000,707425000,7539000,0,293106000,241968000,647093000,19730000,19730000,0.46,0.45,0,-38786000,-56497000,-5166000,-99946000,93421000,17590000,10.18,11.53,8.84,0.1397,0.0718,4.09,2.57,20.26,0,0,0.342,0.5402,0.0356,2.02,-0.33,2.4742
2001-12-29,42917608,171670432,4,1385428000,926971000,698185000,437062000,680457000,6786000,0,288004000,242169000,698289000,27136000,27136000,0.64,0.62,0,111788000,-22137000,-3977000,85513000,193367000,16117000,9.18,10.38,7.97,0.137,0.0692,3.96,2.4,21.86,0,0,0.3559,0.4912,0.0342,2.03,0.56,2.1209
2001-09-29,42680355,170721420,4,1281436000,841778000,620878000,357750000,654397000,6161000,0,276189000,250651000,659774000,25195000,25195000,0.59,0.58,0,49844000,-18916000,3559000,32007000,107854000,17024000,8.95,10,7.9,0.1191,0.0596,3.83,2.46,24.03,0,0,0.383,0.5107,0.029,2.06,0.19,2.353
2001-06-30,42526485,170105940,4,1201787000,768836000,575220000,310972000,619613000,6954000,0,278768000,250799000,606285000,20910000,20910000,0.49,0.48,0,41370000,-6838000,3033000,37735000,75847000,6829000,8.8,10.14,7.46,0.1091,0.0534,3.64,2.5,25.14,0,0,0.4048,0.5156,0.026,2.05,0.2,2.4724
2001-03-31,42363098,169452392,4,1181175000,743873000,576876000,311601000,596960000,7339000,0,286420000,253870000,593895000,14132000,14132000,0.34,0.33,0,-12091000,-7179000,-2244000,-20250000,38112000,6157000,8.08,9.36,6.8,0.1049,0.0499,3.52,2.36,23.94,0,0,0.4253,0.5054,0.0246,2.03,-0.11,2.3873
2000-12-30,42216255,168865020,4,1231068000,788404000,644012000,364857000,579060000,7996000,0,292018000,266224000,656700000,12732000,12732000,0.31,0.29,0,67889000,-17482000,-28988000,21120000,58362000,10227000,6.89,9.13,4.65,0.1033,0.0477,3.43,2.08,19.27,0,0,0.4598,0.4704,0.0238,2,0.34,2.1609
2000-09-23,41547643,166190572,4,1184306000,766233000,624792000,341409000,552217000,7297000,0,280293000,272176000,603037000,16238000,16238000,0.39,0.39,0,19760000,-17135000,-13285000,-8658000,37242000,7943000,4.25,5.16,3.33,0.1115,0.0503,3.32,1.3,12.88,0,0,0.4929,0.4663,0.0255,1.98,0.07,2.2443
2000-06-24,41286794,165147176,4,1170907000,758327000,622298000,330315000,540285000,8324000,0,283389000,280128000,568174000,16381000,16381000,0.4,0.39,0,56490000,-4641000,-24017000,28495000,45900000,5532000,3.96,4.63,3.28,0.1053,0.0465,3.27,1.23,12.67,0,0,0.5185,0.4614,0.0237,1.96,0.31,2.2958
2000-03-25,40811314,163245256,4,1172339000,752713000,638984000,321285000,526285000,7070000,0,288275000,306263000,553810000,11398000,11398000,0.28,0.28,0,8855000,-6968000,-11561000,-8614000,17405000,6041000,3.7,4.7,2.69,0.1021,0.0442,3.22,1.17,12.23,0,0,0.5819,0.4489,0.0225,1.96,0.02,2.3428
1999-12-25,40792031,163168124,4,1204102000,778809000,678380000,350380000,517867000,7855000,0,295113000,318218000,611261000,15539000,15539000,0.38,0.37,0,4438000,-26418000,16978000,-5002000,26019000,13895000,3.23,3.85,2.6,0.1019,0.0432,3.17,1.05,15.2,0,0,0.6145,0.4301,0.022,1.96,-0.06,2.2228
1999-09-25,40701393,162805572,4,1168863000,768493000,662557000,358959000,499047000,7259000,0,282249000,293503000,578794000,11523000,11523000,0.28,0.28,0,38307000,-7192000,-17125000,13990000,39065000,6742000,5.67,8.03,3.31,0.0742,0.0323,3.07,1.9,36,0,0,0.5881,0.427,0.0157,2.06,0.19,2.1409
1999-06-26,40690856,162763424,4,1145709000,743647000,653606000,326296000,485203000,6900000,0,286565000,318157000,559310000,13337000,13337000,0.33,0.32,0,18494000,-8045000,1300000,11749000,25075000,2756000,6.82,8.75,4.89,0.0562,0.0252,2.98,2.34,54.56,0,0,0.6557,0.4235,0.0121,2.08,0.1,2.2791
1999-03-27,40539192,162156768,4,1140015000,735816000,660432000,324389000,473239000,6344000,0,285011000,323502000,536335000,9913000,9913000,0.25,0.24,0,-13235000,-122420000,120759000,-14896000,13326000,2573000,8.86,11.72,6,0.0443,0.0209,2.92,3.11,84.38,0,0,0.6836,0.4151,0.0099,2.11,-0.1,2.2683
1998-12-26,40560782,162243128,4,962040000,704529000,493102000,300937000,463034000,5904000,0,148428000,180445000,598146000,844000,844000,0.02,0.01,0,3243000,2775000,6128000,12146000,28222000,5427000,8.14,10.1,6.19,0.0367,0.0186,2.85,2.84,74,0,0,0.3897,0.4813,0.0085,2.19,-0.01,2.3411
1998-09-26,39789516,159158064,4,950400000,693977000,491420000,300572000,457196000,1784000,0,145252000,182014000,492634000,2306000,2306000,0.06,0.06,0,-5806000,-22256000,24636000,-3426000,16076000,12690000,10.27,12.78,7.75,0.0401,0.0211,2.87,3.42,1027,0,0,0.3981,0.4811,0.0086,2.45,-0.12,2.3089
1998-06-27,36540357,146161428,4,836284000,600975000,395570000,263152000,438629000,2085000,0,131134000,124154000,427873000,7213000,7213000,0.2,0.19,0,18727000,-15005000,-453000,3269000,15513000,8704000,10.41,11.56,9.25,0.0134,0.0073,3,3.49,694,0,0,0.2831,0.5245,0.0029,2.51,0.07,2.2838
1998-03-28,35447039,141788156,4,759081000,544802000,334493000,204820000,422321000,2267000,0,127054000,123439000,403032000,5964000,5964000,0.17,0.16,0,-13471000,-14213000,32104000,4420000,12244000,6700000,8.78,10.25,7.31,0.0095,0.0053,2.98,3.02,None,0,0,0.2923,0.5564,0.0021,2.6,-0.14,2.6599
1997-12-27,35334851,141339404,4,741194000,535056000,327771000,228029000,411198000,2225000,0,122217000,93192000,686902000,1834000,1834000,0.03,0.03,0,-17518000,-511000,8657000,-9372000,7824000,6246000,8.66,9.44,7.88,-0.003,-0.0018,2.91,2.95,138.56,0,None,0.2266,0.5548,None,2.68,-0.17,2.3464
1997-09-27,27457392,109829568,4,604276000,431050000,279576000,191568000,322855000,1845000,0,93524000,83976000,327616000,-9649000,-9649000,-0.34,-0.34,0,-4236000,-35949000,35019000,-5166000,16646000,4817000,8.85,10.13,7.56,0.0149,0.0091,2.94,3.18,42.65,0,0,0.2601,0.5343,0.0042,2.15,-0.08,2.2501
1997-06-28,27350241,109400964,4,484753000,341267000,177726000,131495000,304579000,2448000,0,73226000,41581000,263106000,5304000,5304000,0.21,0.21,0,1914000,-11412000,12885000,3387000,20298000,3091000,7.98,9.25,6.72,0.0665,None,2.78,2.53,38,0,0,0.1365,0.6283,0.0204,2.09,-0.01,2.5953
1997-03-29,23324084,93296336,4,438553000,314749000,139853000,113303000,293581000,5119000,0,56014000,23707000,240499000,1499000,1499000,0.06,0.06,0,-17317000,-7231000,-2291000,-26839000,16911000,2357000,7.94,9.75,6.13,0.0645,None,3.15,2.54,34.9,0,0,0.0808,0.6694,0.0208,2.02,-0.21,2.7779
1996-12-28,23324085,93296340,4,463936000,344356000,166885000,139601000,291762000,5289000,0,53420000,24569000,237352000,7372000,7372000,0.32,None,0,-1330000,-6849000,947000,-7232000,41673000,2648000,9.25,10.31,8.19,None,None,3.13,2.92,None,0,0,0.0842,0.6289,None,None,-0.04,2.4667
1996-09-28,22096851,88387404,4,434016000,321393000,148631000,122441000,280398000,4987000,0,50829000,24837000,212529000,5290000,5290000,0.24,0.24,0,-15878000,-28532000,464000,-43946000,48905000,3314000,8.94,10.06,7.81,None,None,3.17,2.88,None,0,None,0.0886,0.6461,None,None,-0.22,2.6249
1996-06-29,22037394,88149576,4,413997000,329078000,136770000,110329000,272919000,4308000,0,28612000,25274000,194722000,4214000,4214000,0.22,0.22,0,-1244000,-9978000,96573000,85351000,92851000,3295000,8.88,10.88,6.88,None,None,3.1,4.48,None,0,None,0.0926,0.6592,None,None,-0.05,2.9827
1996-03-30,18306994,73227976,4,303733000,225550000,154432000,101495000,144940000,4361000,0,26186000,51701000,185359000,2464000,2464000,0.13,None,0,-16036000,-3732000,19665000,-103000,7500000,1956000,6.79,7.69,5.88,None,None,1.98,None,None,0,None,0.3567,0.4772,None,None,-0.25,2.2223
