"Quarter end","Shares","Shares split adjusted","Split factor","Assets","Current Assets","Liabilities","Current Liabilities","Shareholders equity","Non-controlling interest","Preferred equity","Goodwill & intangibles","Long-term debt","Revenue","Earnings","Earnings available for common stockholders","EPS basic","EPS diluted","Dividend per share","Cash from operating activities","Cash from investing activities","Cash from financing activities","Cash change during period","Cash at end of period","Capital expenditures","Price","Price high","Price low","ROE","ROA","Book value of equity per share","P/B ratio","P/E ratio","Cumulative dividends per share","Dividend payout ratio","Long-term debt to equity ratio","Equity to assets ratio","Net margin","Asset turnover","Free cash flow per share","Current ratio"
2019-05-04,377971511,377971511,1,13620000000,4212000000,10049000000,2831000000,3571000000,0,0,0,1249000000,3706000000,227000000,227000000,0.6,0.6,0.2425,29000000,-340000000,-151000000,-462000000,958000000,288000000,27.86,31.39,24.33,0.3067,0.1126,9.45,2.97,10.76,9.32,0.3455,0.3498,0.2622,0.0646,1.74,-0.69,1.4878
2019-02-02,378598205,378598205,1,8049000000,4251000000,4496000000,2174000000,3553000000,0,0,201000000,1249000000,4623000000,276000000,276000000,0.73,0.72,0.24,814000000,-188000000,-185000000,444000000,1420000000,195000000,26.34,28.44,24.25,0.2965,0.1261,9.38,2.92,11.02,9.08,0.3695,0.3515,0.4414,0.0605,2.08,1.63,1.9554
2018-11-03,381434098,381434098,1,8173000000,4714000000,4733000000,2393000000,3440000000,0,0,0,1249000000,4089000000,266000000,266000000,0.69,0.69,0.2425,21000000,-195000000,-188000000,-364000000,976000000,184000000,29.13,32.98,25.27,0.2841,0.1174,9.02,3.36,12.78,8.84,0.3962,0.3631,0.4209,0.0557,2.11,-0.43,1.9699
2018-08-04,384708284,384708284,1,8010000000,4590000000,4670000000,2341000000,3340000000,0,0,0,1249000000,4085000000,297000000,297000000,0.77,0.76,0.2425,612000000,-309000000,-183000000,111000000,1340000000,188000000,30.89,34.21,27.58,0.2818,0.1137,8.68,3.74,14.04,8.6,0.4092,0.374,0.417,0.0543,2.09,1.1,1.9607
2018-05-05,387469526,387469526,1,7585000000,4187000000,4388000000,2058000000,3197000000,0,0,0,1249000000,3783000000,164000000,164000000,0.42,0.42,0.2425,-66000000,-309000000,-193000000,-570000000,1229000000,138000000,31.41,34.71,28.12,0.2824,0.1118,8.25,3.89,14.68,8.35,0.4179,0.3907,0.4215,0.0536,2.08,-0.53,2.0345
2018-02-03,389318839,389318839,1,7989000000,4568000000,4845000000,2461000000,3144000000,0,0,204000000,1249000000,4778000000,205000000,205000000,0.52,0.52,0.23,780000000,-262000000,-100000000,430000000,1783000000,268000000,30.52,35.68,25.36,0.2833,0.1097,8.08,3.92,14.06,8.11,0.4248,0.3973,0.3935,0.0535,2.05,1.32,1.8562
2017-10-28,388857073,388857073,1,7895000000,4483000000,4871000000,2596000000,3024000000,0,0,0,1248000000,3838000000,229000000,229000000,0.59,0.58,0.23,114000000,-187000000,-182000000,-256000000,1353000000,188000000,25.8,29.77,21.84,0.2942,0.1131,7.78,3.44,12.29,7.88,0.4202,0.4127,0.383,0.0557,2.03,-0.19,1.7269
2017-07-29,392158760,392158760,1,7617000000,4258000000,4672000000,2399000000,2945000000,0,0,0,1248000000,3799000000,271000000,271000000,0.69,0.68,0.23,395000000,-120000000,-256000000,26000000,1609000000,165000000,23.95,26.88,21.02,0.2931,0.1094,7.51,3.31,13.84,7.65,0.4355,0.4238,0.3866,0.0542,2.02,0.59,1.7749
2017-04-29,395759031,395759031,1,7411000000,4119000000,4549000000,2302000000,2862000000,0,0,0,1248000000,3440000000,143000000,143000000,0.36,0.36,0.23,91000000,-99000000,-193000000,-200000000,1583000000,110000000,24.38,26.72,22.03,0.2505,0.09,7.23,3.36,14.43,7.42,0.5295,0.4361,0.3862,0.0446,2.02,-0.05,1.7893
2017-01-28,399843485,399843485,1,7610000000,4315000000,4706000000,2453000000,2904000000,0,0,109000000,1248000000,4429000000,220000000,220000000,0.55,0.55,0.23,919000000,-145000000,-510000000,261000000,1783000000,141000000,26.49,30.74,22.25,0.2525,0.0876,7.26,3.88,15.77,7.19,0.5427,0.4298,0.3816,0.0436,2.01,1.95,1.7591
2016-10-29,398881367,398881367,1,8007000000,4671000000,5281000000,2915000000,2726000000,0,0,0,1320000000,3798000000,204000000,204000000,0.51,0.51,0.23,66000000,-113000000,-107000000,-159000000,1522000000,113000000,24.45,27.34,21.57,0.2589,0.0872,6.83,3.81,13.74,6.96,0.5467,0.4842,0.3405,0.0433,2.01,-0.12,1.6024
2016-07-30,398477051,398477051,1,7737000000,4301000000,5178000000,2781000000,2559000000,0,0,0,1321000000,3851000000,125000000,125000000,0.31,0.31,0.23,566000000,-131000000,-63000000,368000000,1681000000,131000000,21.48,25.95,17,0.279,0.0936,6.42,3.39,10.79,6.73,0.514,0.5162,0.3307,0.046,2.04,1.09,1.5466
2016-04-30,397964335,397964335,1,7507000000,3945000000,4985000000,2555000000,2522000000,0,0,0,1318000000,3438000000,127000000,127000000,0.32,0.32,0.23,168000000,-140000000,-97000000,-57000000,1313000000,139000000,26.26,30.49,22.03,0.3124,0.1075,6.34,4.1,11.78,6.5,0.4565,0.5226,0.336,0.0519,2.07,0.07,1.544
2016-01-30,397140119,397140119,1,7473000000,3985000000,4928000000,2535000000,2545000000,0,0,181000000,1310000000,4385000000,214000000,214000000,0.53,0.54,0.23,860000000,-221000000,-298000000,328000000,1370000000,221000000,25.11,28.65,21.57,0.3438,0.1224,6.41,3.87,10.33,6.27,0.4058,0.5147,0.3406,0.0582,2.1,1.61,1.572
2015-10-31,401902135,401902135,1,7806000000,4361000000,5197000000,2768000000,2609000000,0,0,0,1331000000,3857000000,248000000,248000000,0.61,0.61,0.23,92000000,-207000000,114000000,-1000000,1042000000,204000000,31.23,36.5,25.97,0.368,0.1354,6.49,4.75,11.92,6.04,0.365,0.5102,0.3342,0.0636,2.13,-0.28,1.5755
2015-08-01,406745460,406745460,1,7287000000,3947000000,4616000000,2184000000,2671000000,0,0,0,1328000000,3898000000,219000000,219000000,0.53,0.52,0.23,431000000,-152000000,-463000000,-191000000,1043000000,151000000,38.11,40.64,35.58,0.3962,0.149,6.57,5.52,13.37,5.81,0.3323,0.4972,0.3665,0.0695,2.14,0.69,1.8072
2015-05-02,417355180,417355180,1,7495000000,4118000000,4616000000,2174000000,2879000000,0,0,0,1331000000,3657000000,239000000,239000000,0.57,0.56,0.23,211000000,-150000000,-343000000,-281000000,1234000000,150000000,41.63,43.9,39.37,0.4256,0.1618,6.9,5.85,14.51,5.58,0.3038,0.4623,0.3841,0.0761,2.13,0.15,1.8942
2015-01-31,418771239,418771239,1,7690000000,4317000000,4707000000,2234000000,2983000000,0,0,181000000,1332000000,4708000000,319000000,319000000,0.75,0.74,0.22,1015000000,-208000000,-231000000,561000000,1515000000,206000000,40.48,43.85,37.1,0.4271,0.1635,7.12,6.01,14.46,5.35,0.2995,0.4465,0.3879,0.0768,2.13,1.93,1.9324
2014-11-01,423576007,423576007,1,7819000000,4323000000,4964000000,2522000000,2855000000,0,0,181000000,1358000000,3972000000,351000000,351000000,0.81,0.8,0.22,118000000,-180000000,-495000000,-564000000,954000000,180000000,41.16,46.85,35.46,0.4202,0.1611,6.74,6.08,15.13,5.13,0.3002,0.4757,0.3651,0.0767,2.1,-0.15,1.7141
2014-08-02,434865574,434865574,1,7678000000,4244000000,4732000000,2262000000,2946000000,0,0,181000000,1369000000,3981000000,332000000,332000000,0.76,0.75,0.22,483000000,-45000000,-463000000,-26000000,1518000000,45000000,40.38,42.37,38.38,0.412,0.1594,6.77,5.86,15.47,4.91,0.3008,0.4647,0.3837,0.0758,2.1,1.01,1.8762
2014-05-03,440723979,440723979,1,7695000000,4320000000,4659000000,2203000000,3036000000,0,0,181000000,1369000000,3774000000,260000000,260000000,0.58,0.58,0.22,513000000,-163000000,-318000000,34000000,1544000000,162000000,40.8,44.59,37,0.3859,0.1545,6.89,5.96,14.89,4.69,0.2869,0.4509,0.3945,0.0745,2.07,0.8,1.961
2014-02-01,447001764,447001764,1,7849000000,4430000000,4787000000,2445000000,3062000000,0,0,181000000,1369000000,4575000000,307000000,307000000,0.68,0.67,0.2,752000000,-185000000,-41000000,514000000,1510000000,183000000,39.42,42.45,36.39,0.4052,0.1652,6.85,5.99,14.03,4.47,0.2496,0.4471,0.3901,0.0793,2.08,1.27,1.8119
2013-11-02,448974801,448974801,1,7786000000,4390000000,4830000000,2631000000,2956000000,0,0,178000000,1247000000,3976000000,337000000,337000000,0.73,0.72,0.2,96000000,-170000000,-858000000,-929000000,996000000,172000000,41.33,46.53,36.13,0.4247,0.173,6.58,5.59,15.19,4.27,0.2195,0.4219,0.3797,0.0812,2.13,-0.17,1.6686
2013-08-03,467502700,467502700,1,7920000000,4586000000,4462000000,2278000000,3458000000,0,0,182000000,1247000000,3868000000,303000000,303000000,0.65,0.64,0.15,501000000,-165000000,-19000000,315000000,1925000000,164000000,42.42,46.56,38.28,0.4087,0.168,7.4,6.28,16.51,4.07,0.2013,0.3606,0.4366,0.08,2.1,0.72,2.0132
2013-05-04,467699851,467699851,1,7439000000,4131000000,4278000000,2102000000,3161000000,0,0,183000000,1247000000,3729000000,333000000,333000000,0.72,0.71,0.15,356000000,-104000000,-86000000,150000000,1610000000,151000000,35.16,39.13,31.19,0.4078,0.1616,6.76,5.65,15.09,3.92,0.203,0.3945,0.4249,0.0777,2.08,0.44,1.9653
2013-02-02,465307163,465307163,1,7470000000,4132000000,4576000000,2344000000,2894000000,0,0,187000000,1246000000,4725000000,351000000,351000000,0.74,0.74,0.13,711000000,-333000000,-606000000,-260000000,1460000000,210000000,32.99,36.15,29.84,0.3793,0.1478,6.22,5.01,16.33,3.77,0.2129,0.4305,0.3874,0.0725,2.04,1.08,1.7628
2012-10-27,479419352,479419352,1,8007000000,4833000000,4846000000,2628000000,3161000000,0,0,99000000,1246000000,3864000000,308000000,308000000,0.64,0.63,0.125,255000000,-133000000,-442000000,-319000000,1720000000,152000000,33.62,37.85,29.39,0.3388,0.1307,6.59,5.58,18.99,3.64,0.2344,0.3942,0.3948,0.0659,1.98,0.21,1.839
2012-07-28,480935170,480935170,1,7661000000,4540000000,4763000000,2238000000,2898000000,0,0,99000000,1566000000,3575000000,243000000,243000000,0.5,0.49,0.125,606000000,-147000000,-391000000,67000000,2039000000,149000000,27.59,30.17,25.02,0.3132,0.117,6.03,4.47,16.93,3.52,0.2591,0.5404,0.3783,0.0594,1.97,0.95,2.0286
2012-04-28,489217615,489217615,1,7572000000,4445000000,4555000000,2054000000,3017000000,0,0,99000000,1566000000,3487000000,233000000,233000000,0.48,0.47,0.125,364000000,-231000000,-42000000,87000000,1972000000,148000000,23.65,28.77,18.53,0.2884,0.1094,6.17,4.19,15.16,3.39,0.2727,0.5191,0.3984,0.0565,1.94,0.44,2.1641
2012-01-28,487724426,487724426,1,7422000000,4309000000,4667000000,2128000000,2755000000,0,0,100000000,1606000000,4283000000,218000000,218000000,0.44,0.43,0.11,725000000,-109000000,-118000000,493000000,1885000000,132000000,19.02,20.41,17.62,0.2707,0.1078,5.65,3.49,10.99,3.27,0.2736,0.5829,0.3712,0.0573,1.88,1.22,2.0249
2011-10-29,488305236,488305236,1,7657000000,4554000000,4998000000,2482000000,2659000000,0,0,100000000,1606000000,3585000000,193000000,193000000,0.38,0.38,0.1125,79000000,-106000000,-684000000,-712000000,1392000000,155000000,17.38,19.68,15.08,0.2875,0.1283,5.45,2.84,9.5,3.16,0.2375,0.604,0.3473,0.067,1.92,-0.16,1.8348
2011-07-30,510206631,510206631,1,7806000000,4681000000,4682000000,2158000000,3124000000,0,0,100000000,1606000000,3386000000,189000000,189000000,0.35,0.35,0.1125,328000000,-160000000,-489000000,-313000000,2104000000,134000000,20.57,23.73,17.41,0.2846,0.1424,6.12,3,11.18,3.04,0.2195,0.5141,0.4002,0.0742,1.92,0.38,2.1691
2011-04-30,550426338,550426338,1,8027000000,4870000000,4256000000,2090000000,3771000000,0,0,101000000,1246000000,3295000000,233000000,233000000,0.4,0.4,0.1125,231000000,-79000000,689000000,856000000,2417000000,127000000,21.15,23.35,18.94,0.2748,0.1507,6.85,3.03,11.19,2.93,0.2147,0.3304,0.4698,0.0776,1.94,0.19,2.3301
2011-01-29,584492032,584492032,1,7065000000,3926000000,2985000000,2095000000,4080000000,0,0,102000000,0,4364000000,365000000,365000000,0.6,0.6,0.1,808000000,6000000,-657000000,158000000,1561000000,144000000,20.7,22.51,18.89,0.2727,0.1603,6.98,2.93,11.56,2.82,0.205,0,0.5775,0.0821,1.95,1.14,1.874
2010-10-30,614360393,614360393,1,7728000000,4477000000,3384000000,2412000000,4344000000,0,0,103000000,0,3654000000,303000000,303000000,0.49,0.48,0.1,396000000,-57000000,-305000000,50000000,1403000000,165000000,18.36,20.09,16.62,0.2579,0.1538,7.07,2.63,10.49,2.72,0.2086,0,0.5621,0.0819,1.88,0.38,1.8561
2010-07-31,618883001,618883001,1,7308000000,4053000000,2981000000,2029000000,4327000000,0,0,104000000,0,3317000000,234000000,234000000,0.36,0.36,0.1,211000000,-73000000,-852000000,-703000000,1353000000,141000000,21.74,26.04,17.45,0.2502,0.1509,6.99,2.88,12.64,2.62,0.2056,0,0.5921,0.0826,1.83,0.11,1.9975
2010-05-01,650593147,650593147,1,7945000000,4664000000,3038000000,2091000000,4907000000,0,0,0,0,3329000000,302000000,302000000,0.45,0.45,0.1,329000000,-305000000,-313000000,-292000000,2056000000,107000000,22.68,26.34,19.02,0.2436,0.1483,7.54,3.09,14.35,2.52,0.2045,0,0.6176,0.0826,1.8,0.34,2.2305
2010-01-30,667420104,667420104,1,7985000000,4664000000,3094000000,2131000000,4891000000,0,0,0,0,4236000000,352000000,352000000,0.51,0.5,0.09,776000000,-110000000,-487000000,175000000,2348000000,112000000,20.89,23.15,18.64,0.2301,0.1406,7.33,2.89,14.82,2.42,0.2153,0,0.6125,0.0776,1.81,0.99,2.1886
2009-10-31,689992899,689992899,1,8430000000,5054000000,3449000000,2474000000,4981000000,0,0,0,0,3589000000,307000000,307000000,0.44,0.44,0.085,432000000,-214000000,-81000000,142000000,2173000000,90000000,19.8,23.36,16.23,0.2129,0.1285,7.22,2.91,15,2.33,0.2415,0,0.5909,0.0707,1.82,0.5,2.0428
2009-08-01,697841367,697841367,1,7705000000,4276000000,2960000000,1971000000,4745000000,0,0,0,0,3245000000,228000000,228000000,0.33,0.33,0.085,518000000,-168000000,-49000000,323000000,2031000000,68000000,16.71,18.76,14.65,0.2071,0.1215,6.8,2.56,12.76,2.24,0.2588,0,0.6158,0.0665,1.83,0.64,2.1695
2009-05-02,696819282,696819282,1,7221000000,3769000000,2681000000,1685000000,4540000000,0,0,0,0,3127000000,215000000,215000000,0.31,0.31,0.085,202000000,-45000000,-154000000,-7000000,1708000000,63000000,12.7,15.83,9.56,0.2136,0.1217,6.52,2.01,9.48,2.16,0.2598,0,0.6287,0.0654,1.86,0.2,2.2368
2009-01-31,695718239,695718239,1,7564000000,4005000000,3177000000,2158000000,4387000000,0,0,0,50000000,4082000000,243000000,243000000,0.34,0.33,0.09,578000000,-45000000,-304000000,235000000,1715000000,115000000,11.99,14.57,9.41,0.2242,0.1244,6.31,1.96,8.95,2.07,0.253,0.0114,0.58,0.0666,1.87,0.67,1.8559
2008-11-01,706483075,706483075,1,8186000000,4557000000,3861000000,2843000000,4325000000,0,0,0,50000000,3561000000,246000000,246000000,0.35,0.35,0.085,272000000,-252000000,-125000000,-126000000,1480000000,107000000,15.91,20.8,11.01,0.2309,0.1261,6.12,2.68,12.33,1.98,0.2435,0.0116,0.5283,0.0655,1.93,0.23,1.6029
2008-08-02,711417598,711417598,1,7702000000,4106000000,3478000000,2437000000,4224000000,0,0,0,50000000,3499000000,229000000,229000000,0.32,0.32,0.085,386000000,-166000000,-357000000,-138000000,1606000000,94000000,17.02,19.26,14.77,0.2252,0.1235,5.94,2.86,14.67,1.9,0.2456,0.0118,0.5484,0.0637,1.94,0.41,1.6849
2008-05-03,723956578,723956578,1,7648000000,3970000000,3335000000,2278000000,4313000000,0,0,0,50000000,3384000000,249000000,249000000,0.34,0.34,0.085,176000000,65000000,-219000000,20000000,1744000000,114000000,19.83,21.89,17.77,0.196,0.1091,5.96,3.41,19.07,1.81,0.2702,0.0116,0.5639,0.058,1.88,0.09,1.7428
2008-02-02,735071221,735071221,1,7838000000,4086000000,3564000000,2433000000,4274000000,0,0,0,50000000,4666000000,265000000,265000000,0.34,0.33,0.08,1078000000,-169000000,-668000000,233000000,1724000000,163000000,19.19,22.02,16.36,0.1712,0.097,5.81,3.13,19.78,1.73,0.2978,0.0117,0.5453,0.0528,1.84,1.24,1.6794
2007-11-03,751203743,751203743,1,8584000000,4861000000,3974000000,2714000000,4610000000,0,0,0,188000000,3854000000,238000000,238000000,0.3,0.3,0.08,334000000,134000000,-1205000000,-718000000,1491000000,186000000,17.46,19.73,15.2,0.1546,0.0898,6.14,2.65,19.4,1.65,0.3234,0.0408,0.537,0.0491,1.83,0.2,1.7911
2007-08-04,798224337,798224337,1,9076000000,5390000000,3825000000,2525000000,5251000000,0,0,0,188000000,3685000000,152000000,152000000,0.19,0.19,0.08,388000000,-172000000,-240000000,-13000000,2209000000,200000000,18.05,19.66,16.44,0.1409,0.0827,6.58,2.76,20.99,1.57,0.3513,0.0358,0.5786,0.046,1.8,0.24,2.1347
2007-05-05,815925471,815925471,1,8849000000,5281000000,3522000000,2268000000,5327000000,0,0,0,188000000,3558000000,178000000,178000000,0.22,0.22,0.08,281000000,-67000000,-33000000,192000000,2222000000,122000000,18.69,20.26,17.11,0.1361,0.0803,6.53,2.95,20.32,1.49,0.3665,0.0353,0.602,0.0445,1.81,0.19,2.3285
2007-02-03,815646737,815646737,1,8544000000,5029000000,3370000000,2272000000,5174000000,0,0,0,188000000,4930000000,219000000,219000000,0.28,0.26,0.08,630000000,-100000000,-243000000,277000000,2030000000,166000000,19.89,21.39,18.4,0.1487,0.0874,6.34,3.1,19.69,1.41,0.3381,0.0363,0.6056,0.0488,1.79,0.57,2.2135
2006-10-28,810622757,810622757,1,9207000000,5589000000,4014000000,2899000000,5193000000,0,0,0,188000000,3856000000,189000000,189000000,0.23,0.23,0.08,87000000,-16000000,-296000000,-224000000,1753000000,151000000,18.45,20.84,16.05,0.1694,0.1,6.41,2.89,18.09,1.33,0.2586,0.0362,0.564,0.0567,1.76,-0.08,1.9279
2006-07-29,828504127,828504127,1,8968000000,5429000000,3685000000,2237000000,5283000000,0,0,0,513000000,3716000000,128000000,128000000,0.15,0.15,0.08,217000000,94000000,-155000000,155000000,1977000000,142000000,17.39,18.88,15.91,0.1722,0.1029,6.38,2.75,14.86,1.25,0.2242,0.0971,0.5891,0.0581,1.77,0.09,2.4269
2006-04-29,833363137,833363137,1,8899000000,5346000000,3620000000,2178000000,5279000000,0,0,0,513000000,3441000000,242000000,242000000,0.28,0.28,0.08,316000000,-128000000,-408000000,-213000000,1822000000,91000000,18.34,19.42,17.26,0.1982,0.1194,6.33,2.88,15.28,1.17,0.1687,0.0972,0.5932,0.0672,1.78,0.27,2.4545
2006-01-28,853611821,853611821,1,8821000000,5239000000,3396000000,1942000000,5425000000,0,0,0,513000000,4821000000,338000000,338000000,0.38,0.35,0.04,1223000000,-244000000,-316000000,663000000,2035000000,146000000,17.73,18.75,16.71,0.2004,0.1219,6.36,2.86,15.83,1.09,0.1378,0.0946,0.615,0.0695,1.75,1.26,2.6977
2005-10-29,869625962,869625962,1,9071000000,5427000000,3682000000,2236000000,5389000000,0,0,0,513000000,3860000000,212000000,212000000,0.24,0.24,0.045,48000000,271000000,-213000000,109000000,1372000000,168000000,19.05,22.19,15.9,0.2124,0.1223,6.2,3.11,16.42,1.05,0.1182,0.0952,0.5941,0.0717,1.71,-0.14,2.4271
2005-07-30,878009209,878009209,1,8863000000,5150000000,3483000000,2033000000,5380000000,0,0,0,513000000,3716000000,272000000,272000000,0.3,0.3,0.045,55000000,849000000,-985000000,-91000000,1263000000,147000000,20.7,21.88,19.52,0.2231,0.1241,6.13,3.1,19.35,1,0.0967,0.0954,0.607,0.0744,1.67,-0.1,2.5332
2005-04-30,902105234,902105234,1,9772000000,6035000000,3749000000,2256000000,6023000000,0,0,0,513000000,3626000000,291000000,291000000,0.33,0.31,0.045,225000000,-590000000,-526000000,-891000000,1354000000,112000000,21.55,22.7,20.41,0.2089,0.1118,6.68,3.75,19.95,0.96,0.0862,0.0852,0.6164,0.0696,1.61,0.13,2.6751
2005-01-29,858529251,858529251,1,10048000000,6304000000,5112000000,2242000000,4936000000,0,0,0,1886000000,4898000000,379000000,379000000,0.43,0.27,0.02,1146000000,-84000000,-1031000000,31000000,2245000000,137000000,21.82,23.75,19.9,0.2222,0.1124,5.75,3.61,20.2,0.91,0.0667,0.3821,0.4912,0.0707,1.59,1.18,2.8118
2004-10-30,876738375,876738375,1,10231000000,6765000000,4933000000,2417000000,5298000000,0,0,0,1893000000,3980000000,265000000,265000000,0.29,0.28,0.0222,219000000,-179000000,-335000000,-284000000,2214000000,149000000,20.44,22.76,18.12,0.2193,0.1093,6.04,3.45,18.93,0.89,0.0688,0.3573,0.5178,0.0693,1.58,0.08,2.7989
2004-07-31,903758820,903758820,1,10355000000,6898000000,4995000000,2367000000,5360000000,0,0,0,2015000000,3721000000,194000000,194000000,0.22,0.21,0.0222,81000000,301000000,-259000000,126000000,2498000000,112000000,23.42,25.72,21.13,0.2289,0.1092,5.93,4.13,21.49,0.87,0.0693,0.3759,0.5176,0.0694,1.57,-0.03,2.9142
2004-05-01,900233152,900233152,1,10297000000,6788000000,5191000000,2261000000,5106000000,0,0,0,2317000000,3668000000,312000000,312000000,0.35,0.32,0.0222,174000000,122000000,-171000000,111000000,2372000000,44000000,21.07,23.39,18.75,0.2478,0.1126,5.67,3.95,21.28,0.85,0.0682,0.4538,0.4959,0.0705,1.6,0.14,3.0022
2004-01-31,898095233,898095233,1,10343000000,6689000000,5560000000,2492000000,4783000000,0,0,0,2487000000,4886474000,355654000,355654000,0.4,0.27,0.02,1485839000,-849778000,-116978000,536702000,2261000000,91178000,20.81,23.47,18.15,0.24,0.1043,5.33,4.24,20.4,0.83,0.0752,0.52,0.4624,0.065,1.61,1.55,2.6842
2003-11-01,895834143,895834143,1,10184512000,6321292000,5783763000,2569116000,4400749000,0,0,0,2627169000,3929456000,262567000,262567000,0.29,0.28,0.0222,339293000,-69726000,-100148000,177399000,2037149000,70933000,19.14,21.29,16.99,0.2302,0.0945,4.91,4.16,21.51,0.81,0.0837,0.597,0.4321,0.0591,1.6,0.3,2.4605
2003-08-02,893443208,893443208,1,9671438000,5733335000,5564394000,2073917000,4107044000,0,0,0,2908577000,3685299000,209307000,209307000,0.23,0.22,0.0222,375243000,-57607000,-1226449000,-909458000,1908413000,54348000,17.93,19.63,16.24,0.2118,0.0821,4.6,4.12,24.56,0.79,0.0968,0.7082,0.4247,0.0519,1.58,0.36,2.7645
2003-05-03,890601385,890601385,1,9298817000,5250892000,5425960000,1918641000,3872857000,0,0,0,2907545000,3352771000,202472000,202472000,0.23,0.22,0.0222,-29375000,-48889000,-495425000,-570643000,2817871000,54541000,14.49,16.97,12.01,0.1827,0.0671,4.35,3.53,26.35,0.76,0.1189,0.7507,0.4165,0.0431,1.56,-0.09,2.7368
2003-02-01,889164488,889164488,1,9902004000,5739725000,6243792000,2726574000,3658212000,0,0,0,2895794000,4650604000,248729000,248729000,0.29,0.3,0.02,954639000,-76446000,-1806000,887396000,3388514000,86522000,14.5,16.75,12.25,0.1437,0.0502,4.11,3.79,69.05,0.74,0.1593,0.7916,0.3694,0.033,1.52,0.98,2.1051
2002-11-02,883899858,883899858,1,9908919000,5653473000,6520377000,3104547000,3388542000,0,0,0,2875683000,3644956000,135270000,135270000,0.15,0.15,0.0222,73764000,-32095000,71929000,114289000,2501118000,23797000,10.9,13.45,8.35,0.0616,0.0217,3.83,3,None,0.72,0.3885,0.8486,0.342,0.014,1.55,0.06,1.821
2002-08-03,870460193,870460193,1,9231373000,4816972000,6067748000,2631046000,3163625000,0,0,0,2873132000,3268309000,56780000,56780000,0.07,0.06,0.0222,136566000,-85612000,7394000,67638000,2386829000,87572000,13.12,17.14,9.1,-0.0389,-0.014,3.63,3.71,None,0.7,None,0.9082,0.3427,None,1.59,0.06,1.8308
2002-05-04,869819282,869819282,1,8973757000,4457327000,5895866000,1955412000,3077891000,0,0,0,3355337000,2890840000,36678000,36678000,0.04,0.04,0.0222,73387000,-97202000,1300961000,1283442000,2319191000,96880000,13.88,15.9,11.85,-0.0279,-0.0105,3.54,4,None,0.68,None,1.0901,0.343,None,1.65,-0.03,2.2795
2002-02-02,866759250,866759250,1,7682823000,3136047000,4673242000,2147730000,3009581000,0,0,0,1961397000,4089625000,-34158000,-34158000,-0.04,-0.04,0.02,924969000,-147864000,-533806000,236239000,1035749000,143820000,14.34,17,11.69,-0.0025,-0.001,3.47,4.06,47.8,0.65,None,0.6517,0.3917,None,1.76,0.9,1.4602
2001-11-03,864847941,864847941,1,8342117000,3744218000,5288490000,3443627000,3053627000,0,0,0,1273025000,3333373000,-178837000,-178837000,-0.21,-0.21,0.0222,-49577000,-209598000,334043000,76558000,799510000,207869000,19.76,28.4,11.12,0.0969,0.0388,3.53,5.24,27.44,0.63,0.2499,0.4169,0.366,0.0208,1.87,-0.3,1.0873
2001-08-04,862435229,862435229,1,7848597000,3268546000,4599768000,2787114000,3248829000,0,0,0,1268036000,3245219000,89751000,89751000,0.1,0.1,0.0222,376400000,-277076000,-34217000,59863000,722952000,277258000,30.18,34.98,25.38,0.2235,0.0892,3.77,8.43,36.36,0.61,0.1116,0.3903,0.4139,0.046,1.94,0.11,1.1727
2001-05-05,859493042,859493042,1,7535423000,3062055000,4460385000,2658996000,3075038000,0,0,0,1270289000,3179656000,115480000,115480000,0.14,0.13,0.0222,66047000,-316089000,505265000,254295000,663089000,311131000,26.88,31.73,22.02,0.2724,0.1071,3.58,7.84,27.71,0.59,0.0971,0.4131,0.4081,0.0536,2,-0.29,1.1516
2001-02-03,854429402,854429402,1,7012908000,2648050000,4084669000,2799144000,2928239000,0,0,0,780246000,4579088000,271753000,271753000,0.31,0.28,0.02,1242107000,-508307000,-679229000,56593000,408794000,533050000,27.75,34,21.5,0.3351,0.1329,3.43,9.01,25,0.57,0.0834,0.2665,0.4175,0.0642,2.07,0.83,0.946
2000-10-28,849695146,849695146,1,7361459000,3395308000,4741293000,3239255000,2620166000,0,0,0,1003542000,3414668000,186348000,186348000,0.22,0.21,0.022,-19675000,-519989000,570133000,24341000,352201000,531785000,28.25,38,18.5,0.417,0.1659,3.08,9.61,22.6,0.55,0.0801,0.383,0.3559,0.0787,2.11,-0.65,1.0482
2000-07-29,849451709,849451709,1,6374436000,2783729000,3875295000,2400099000,2499141000,0,0,0,1022871000,2947714000,183920000,183920000,0.22,0.21,0.022,28441000,-474736000,339829000,-108312000,327860000,472724000,33.91,39.81,28,0.5059,0.2035,2.94,11.86,26.91,0.53,0.0696,0.4093,0.3921,0.0912,2.23,-0.52,1.1598
2000-04-29,850084219,850084219,1,5657591000,2403930000,3229797000,2029037000,2427794000,0,0,0,769287000,2731990000,235476000,235476000,0.28,0.27,0.022,40332000,-371882000,324746000,-14180000,436172000,321103000,44.38,53.75,35,0.5455,0.2224,2.86,16.94,36.68,0.5,0.0676,0.3169,0.4291,0.096,2.32,-0.33,1.1848
2000-01-29,851577689,851577689,1,5188756000,2197790000,2955711000,1752879000,2233045000,0,0,0,784925000,3858939000,413849000,413849000,0.48,0.42,0.03,956693000,-372868000,-604623000,-35328000,450352000,372971000,40.86,49.31,32.41,0.5695,0.2331,2.62,18.16,35.95,0.48,0.0682,0.3515,0.4304,0.0969,2.41,0.69,1.2538
1999-10-30,850895349,850895349,1,5345324000,2617285000,3427199000,2223578000,1918125000,0,0,0,808937000,3045386000,315017000,315017000,0.37,0.35,0.02,226693000,-321198000,147422000,64726000,485680000,315766000,39.38,47.94,30.81,0.5661,0.2268,2.25,17.5,40.83,0.45,0.0555,0.4217,0.3588,0.095,2.39,-0.1,1.1771
1999-07-31,856213988,856213988,1,4678583000,2221428000,2751103000,1842950000,1927480000,0,0,0,542279000,2453339000,195829000,195829000,0.23,0.22,0.02,152562000,-362753000,175253000,-35153000,420954000,331012000,46.03,52.69,39.38,0.5761,0.2299,2.25,21.51,51.4,0.43,0.0621,0.2813,0.412,0.0935,2.46,-0.21,1.2054
1999-05-01,857493260,857493260,1,4127872000,1918531000,2290101000,1397539000,1837771000,0,0,0,545045000,2277734000,202370000,202370000,0.24,0.22,0.02,141980000,-221742000,-28144000,-109146000,456107000,218973000,45.69,51.56,39.81,0.575,0.2309,2.14,24.97,55.27,0.41,0.0687,0.2966,0.4452,0.0927,2.49,-0.09,1.3728
1999-01-30,572932578,859398867,1.5,3963919000,1871824000,2390240000,1553103000,1573679000,0,0,0,496455000,3029832000,313850000,313850000,0.55,0.52,0.01,939075000,-214877000,-431734000,293735000,565253000,206536000,34.7,43.33,26.08,0.5448,0.2231,1.83,23.61,47.03,0.39,0.0772,0.3155,0.397,0.0911,2.45,0.85,1.2052
1998-10-31,380597122,856343524,2.25,3754761000,1841447000,2498765000,1687558000,1255996000,0,0,0,496352000,2399948000,237749000,237749000,0.42,0.4,0.0499,60652000,-201553000,-105302000,-243689000,271518000,242031000,25.19,30.21,20.17,0.4791,0.2052,1.47,14.31,33.87,0.39,0.1069,0.3952,0.3345,0.0887,2.31,-0.21,1.0912
1998-08-01,386317796,869215041,2.25,3583149000,1834021000,2053850000,1264980000,1529299000,0,0,0,496250000,1904970000,136874000,136874000,0.35,0.34,0.05,213738000,-216121000,-317451000,-321107000,515207000,174869000,26.21,29.96,22.46,0.4159,0.1917,1.76,13.65,39.14,0.36,0.1201,0.3245,0.4268,0.0864,2.22,0.04,1.4498
1998-05-02,392842829,883896365,2.25,3481726000,1844434000,1787170000,999024000,1694556000,0,0,0,496147000,1719712000,136066000,136066000,0.35,0.34,0.05,180696000,-193856000,-63772000,-76855000,836314000,174156000,20.21,22.88,17.54,0.3712,0.1856,1.92,11.29,33.11,0.34,0.1353,0.2928,0.4867,0.0837,2.22,0.01,1.8462
1998-01-31,393914220,886306995,2.25,3337502000,1830947000,1753516000,991548000,1583986000,0,0,0,496044000,2165479000,215616000,215616000,0.58,None,0.05,547519000,-119654000,-140122000,285409000,913169000,113098000,16.48,18.33,14.63,0.3425,0.1834,1.79,9.99,30.9,0.32,0.1495,0.3132,0.4746,0.082,2.24,0.49,1.8466
1997-11-01,263791121,890295033,3.375,3225076000,1762961000,1752214000,1007122000,1472862000,0,0,0,495941000,1765939000,164523000,164523000,0.62,None,0.075,248365000,-101019000,259197000,407612000,627760000,141362000,14.17,15.88,12.46,0.3105,0.1791,1.65,8.24,28.81,0.3,0.1675,0.3367,0.4567,0.0814,2.2,0.12,1.7505
1997-08-02,268114161,904885293,3.375,2576749000,1201089000,1016788000,782515000,1559961000,0,0,0,0,1345221000,69458000,69458000,0.26,None,0.075,106695000,6107000,-137209000,-24495000,220148000,117596000,11.16,13.25,9.08,0.2841,0.1778,1.72,6.27,23.11,0.27,0.1811,0,0.6054,0.0816,2.18,-0.01,1.5349
1997-05-03,269476100,909481837,3.375,2502415000,1136736000,883773000,663800000,1618642000,0,0,0,0,1231186000,84304000,84304000,0.31,None,0.075,-57928000,-99286000,-83506000,-241001000,244643000,93787000,9.59,10.71,8.46,0.2779,0.1784,1.78,5.36,20.23,0.25,0.1851,0,0.6468,0.0843,2.12,-0.17,1.7125
1997-02-01,273698780,923733382,3.375,2626927000,1329255000,972457000,774896000,1654470000,0,0,0,0,1667896000,171186000,171186000,0.61,None,0.08,360786000,-151792000,-199527000,8372000,485644000,125002000,9.09,9.93,8.26,0.2717,0.1796,1.79,5.25,20.05,0.23,0.1891,0,0.6298,0.0857,2.1,0.26,1.7154
1996-11-02,279247842,942461466,3.375,2628156000,1438579000,995930000,819218000,1632226000,0,0,0,0,1382996000,134310000,134310000,0.48,None,0.075,224160000,-116532000,-146903000,-36941000,477272000,95798000,9.26,10.81,7.7,0.2623,0.178,1.73,5.35,21.48,0.21,0.1857,0,0.6211,0.0849,2.1,0.14,1.756
1996-08-03,283511071,956849864,3.375,2459300000,1303903000,807891000,641496000,1651409000,0,0,0,0,1120335000,65790000,65790000,0.23,None,0.075,184090000,-89108000,-134545000,-38516000,514213000,81847000,9.38,10.7,8.07,0.2574,0.1771,1.73,5.24,23.71,0.18,0.1846,0,0.6715,0.0853,2.08,0.11,2.0326
1996-05-04,286822510,968025971,3.375,2373314000,1269058000,643717000,486853000,1729597000,0,0,0,0,1113154000,81573000,81573000,0.28,None,0.075,65917000,-78501000,-14122000,-26837000,552729000,69186000,7.96,9.04,6.87,0.246,0.1713,1.79,4.71,21.84,0.16,0.1903,0,0.7288,0.0827,2.07,-0,2.6067
1996-02-03,288377346,973273542,3.375,2343068000,1280045000,702595000,551744000,1640473000,0,0,0,0,1522122000,154637000,154637000,0.54,None,0.06,331371000,-74941000,-37000,255384000,579566000,79236000,6.63,7.56,5.7,0.2391,0.1653,1.69,4.33,20.34,0.14,0.1953,0,0.7001,0.0806,2.05,0.26,2.32
1995-10-28,143859338,971050531,6.75,2286770000,1252110000,799095000,652835000,1487675000,0,0,0,0,1155929000,116875000,116875000,0.81,None,0.12,161120000,-58498000,-27466000,74965000,324182000,88362000,5.35,6,4.7,0.225,0.1547,1.53,3.69,17.79,0.12,0.2172,0,0.6506,0.0779,1.99,0.07,1.918
1995-07-29,144165227,973115282,6.75,2000466000,1013022000,590106000,454121000,1410360000,0,0,0,0,868514000,32414000,32414000,0.22,None,0.12,26340000,-61192000,-14172000,-49001000,249217000,73969000,4.98,5.56,4.41,0.215,0.1496,1.45,3.51,15.93,0.1,0.2348,0,0.705,0.0753,1.99,-0.05,2.2307
1995-04-29,144057151,972385769,6.75,1934728000,978562000,550582000,422829000,1384146000,0,0,0,0,848688000,50113000,50113000,0.35,None,0.12,-29744000,-28488000,-58749000,-116269000,298218000,60693000,4.91,5.26,4.56,0.2314,None,1.42,3.46,15.06,0.09,0.2264,0,0.7154,0.0803,1.99,-0.09,2.3143
1995-01-28,143900233,971326572,6.75,2004244000,1055687000,629012000,499860000,1375232000,0,0,0,75000000,1209793000,118763000,118763000,0.82,None,0.12,309286000,-53129000,-63904000,190833000,414487000,68606000,5,5.72,4.28,0.2506,None,1.42,3.73,None,0.07,0.2084,0.0545,0.6862,0.086,1.98,0.25,2.112
1994-10-29,145071709,979234035,6.75,1948304000,1010700000,631634000,511915000,1316670000,0,0,0,75000000,988346000,93647000,93647000,0.64,None,0.12,109441000,-121167000,-26603000,-37574000,223654000,62398000,5.54,6.63,4.46,None,None,1.34,4.43,None,0.05,None,0.057,0.6758,None,None,0.05,1.9744
1994-07-30,145848929,984480270,6.75,1775681000,894863000,547968000,436463000,1227713000,0,0,0,75000000,773131000,44352000,44352000,0.3,None,0.12,46840000,-27376000,-81655000,-61911000,261228000,58187000,6.44,7.24,5.63,None,None,1.25,5.32,None,0.03,None,0.0611,0.6914,None,None,-0.01,2.0503
1994-04-30,145738648,983735874,6.75,1780632000,942905000,587756000,483780000,1192876000,0,0,0,75000000,751670000,63478000,63478000,0.44,None,0.1,38883000,-158185000,-17639000,-137193000,323139000,43585000,6.61,7.31,5.91,None,None,1.21,5.75,None,0.01,None,0.0629,0.6699,None,None,-0,1.949
1994-01-29,145572634,982615279,6.75,1763117000,956438000,636642000,462244000,1126475000,0,0,0,75000000,None,None,None,None,None,0,None,None,None,None,460332000,0,5.67,6.35,5,None,None,1.15,None,None,0,None,0.0666,0.6389,None,None,None,2.0691
