"Quarter end","Shares","Shares split adjusted","Split factor","Assets","Current Assets","Liabilities","Current Liabilities","Shareholders equity","Non-controlling interest","Preferred equity","Goodwill & intangibles","Long-term debt","Revenue","Earnings","Earnings available for common stockholders","EPS basic","EPS diluted","Dividend per share","Cash from operating activities","Cash from investing activities","Cash from financing activities","Cash change during period","Cash at end of period","Capital expenditures","Price","Price high","Price low","ROE","ROA","Book value of equity per share","P/B ratio","P/E ratio","Cumulative dividends per share","Dividend payout ratio","Long-term debt to equity ratio","Equity to assets ratio","Net margin","Asset turnover","Free cash flow per share","Current ratio"
2019-03-31,403075032,403075032,1,23093000000,5000000000,14815000000,3872000000,7976000000,302000000,0,12229000000,8637000000,2958000000,376000000,376000000,0.93,0.93,0.2,491000000,-416000000,-124000000,-48000000,486000000,40000000,31.5,35.41,27.6,0.2146,0.0695,19.79,1.66,8.42,9.27,0.1999,1.0829,0.3454,0.1263,0.55,1.12,1.2913
2018-12-31,403070416,403070416,1,22744000000,5036000000,14781000000,3833000000,7670000000,293000000,0,11911000000,8635000000,3090000000,321000000,321000000,0.8,0.8,0.2,228000000,-44000000,-1202000000,-1023000000,534000000,37000000,32.51,38,27.01,0.2083,0.0649,19.03,1.77,7.61,9.07,0.2144,1.1258,0.3372,0.116,0.56,0.47,1.3139
2018-09-30,402868891,402868891,1,23783000000,6076000000,16072000000,4054000000,7407000000,304000000,0,11922000000,9515000000,3485000000,394000000,394000000,0.98,0.99,0.2,825000000,-96000000,-101000000,628000000,1557000000,133000000,34.77,37.55,32,0.2478,0.0741,18.39,2,7.02,8.87,0.1874,1.2846,0.3114,0.1328,0.56,1.72,1.4988
2018-06-30,402863978,402863978,1,23161000000,5573000000,15845000000,3297000000,7006000000,310000000,0,11921000000,10065000000,3237000000,522000000,522000000,1.3,1.29,0.2,698000000,-41000000,-97000000,512000000,929000000,25000000,35.63,40.2,31.05,0.3032,0.0863,17.39,2.11,6.65,8.67,0.1611,1.4366,0.3025,0.1565,0.55,1.67,1.6903
2018-03-31,402404941,402404941,1,22994000000,5077000000,15876000000,3328000000,6780000000,338000000,0,12049000000,10069000000,3148000000,266000000,266000000,0.66,0.66,0.2,287000000,-82000000,-210000000,23000000,417000000,15000000,36.47,40.64,32.3,0.3488,0.0933,16.85,2.24,7.29,8.47,0.149,1.4851,0.2949,0.1674,0.56,0.68,1.5255
2017-12-31,402342105,402342105,1,22831000000,5005000000,15951000000,3538000000,6550000000,330000000,0,11965000000,10069000000,3073000000,537000000,537000000,1.33,1.33,0.2,12000000,-5000000,-1002000000,-995000000,394000000,5000000,32.98,37.75,28.2,0.3546,0.0867,16.28,2.2,7.06,8.28,0.1597,1.5373,0.2869,0.1549,0.56,0.02,1.4146
2017-09-30,402258086,402258086,1,23698000000,5801000000,17331000000,3753000000,6035000000,332000000,0,11978000000,11100000000,3319000000,674000000,674000000,1.68,1.67,0.2,1018000000,73000000,-149000000,964000000,1389000000,56000000,39.45,42.55,36.35,0.3632,0.0802,15,2.93,10.87,8.08,0.1711,1.8393,0.2547,0.1413,0.57,2.39,1.5457
2017-06-30,402149629,402149629,1,23126000000,5134000000,17455000000,3796000000,5409000000,262000000,0,11973000000,11103000000,3364000000,683000000,683000000,1.7,1.7,0.2,248000000,537000000,-1052000000,-246000000,425000000,44000000,42.63,49,36.25,0.3081,0.063,13.45,3.62,14.12,7.88,0.2198,2.0527,0.2339,0.1104,0.57,0.51,1.3525
2017-03-31,401731773,401731773,1,23342000000,5128000000,18359000000,3560000000,4734000000,249000000,0,11934000000,12171000000,3256000000,121000000,121000000,0.3,0.3,0.2,246000000,68000000,-101000000,228000000,671000000,43000000,43.7,48.8,38.6,0.274,0.0524,11.78,3.89,12.56,7.68,0.3306,2.571,0.2028,0.0932,0.56,0.51,1.4404
2016-12-31,396896182,396896182,1,23312000000,4989000000,18603000000,4205000000,4458000000,251000000,0,11930000000,11783000000,3324000000,396000000,396000000,1,1,0.2,159000000,-349000000,292000000,64000000,443000000,52000000,40.8,43.55,38.05,0.3314,0.0609,11.23,3.78,11.3,7.48,0.3436,2.6431,0.1912,0.1094,0.56,0.27,1.1864
2016-09-30,396812557,396812557,1,22508000000,4522000000,18178000000,3672000000,4277000000,53000000,0,11715000000,11896000000,3226000000,254000000,254000000,0.65,0.63,0.2,971000000,-160000000,-628000000,187000000,379000000,92000000,44.5,50.4,38.61,0.3605,0.0639,10.78,4.31,8.61,7.28,0.3858,2.7814,0.19,0.1152,0.55,2.22,1.2315
2016-06-30,396656017,396656017,1,22605000000,4609000000,18453000000,4635000000,4092000000,60000000,0,11737000000,10996000000,3107000000,432000000,432000000,1.09,1.09,0.4,116000000,-41000000,-337000000,-288000000,192000000,26000000,44.36,50.81,37.9,0.5436,0.0922,10.32,4.52,7.99,7.08,0.3067,2.6872,0.181,0.1585,0.58,0.23,0.9944
2016-03-31,396043058,396043058,1,22565000000,4734000000,18618000000,4470000000,3889000000,58000000,0,11769000000,11496000000,3001000000,303000000,303000000,0.76,0.76,0.4,410000000,-42000000,-218000000,153000000,480000000,28000000,42.22,50.55,33.88,0.6364,0.0998,9.82,4.52,9.06,6.68,0.285,2.956,0.1723,0.1713,0.58,0.96,1.0591
2015-12-31,395890769,395890769,1,22362000000,4699000000,18606000000,4468000000,3698000000,58000000,0,11762000000,11494000000,3154000000,449000000,449000000,1.13,1.13,0.4,-126000000,-56000000,10000000,-179000000,327000000,26000000,46.19,53.35,39.02,0.603,0.0846,9.34,5.18,9.77,6.28,0.3246,3.1082,0.1654,0.1431,0.59,-0.38,1.0517
2015-09-30,396944691,396944691,1,22217000000,4658000000,18618000000,3854000000,3538000000,61000000,0,11796000000,12267000000,3788000000,884000000,884000000,2.21,2.19,0.4,1233000000,-172000000,-970000000,85000000,506000000,52000000,50.89,65.47,36.32,0.6372,0.0859,8.91,7.05,11.95,5.88,0.3032,3.4672,0.1592,0.1449,0.59,2.98,1.2086
2015-06-30,397783851,397783851,1,22095000000,4415000000,19155000000,3830000000,2872000000,68000000,0,11828000000,12816000000,3058000000,591000000,591000000,1.49,1.47,0.4,400000000,-26000000,-279000000,115000000,421000000,26000000,68.75,73.52,63.98,0.5781,0.0783,7.22,11.85,16.41,5.47,0.3161,4.4624,0.13,0.1314,0.6,0.94,1.1527
2015-03-31,396966045,396966045,1,21757000000,4383000000,19435000000,3567000000,2303000000,19000000,0,11780000000,13213000000,3078000000,-53000000,-53000000,-0.13,-0.13,0.33,624000000,-24000000,-1421000000,-879000000,306000000,30000000,69.7,76.29,63.11,0.5291,0.0784,5.8,8.44,12.79,5.07,0.3018,5.7373,0.1059,0.1293,0.61,1.5,1.2288
2014-12-31,405761670,405761670,1,23416000000,5470000000,20039000000,4039000000,3352000000,25000000,0,11867000000,13146000000,3344000000,500000000,500000000,1.22,1.2,0.33,56000000,-35000000,193000000,185000000,1185000000,34000000,71.93,78,65.86,0.5993,0.1004,8.26,7.94,13.2,4.74,0.2295,3.9218,0.1431,0.1683,0.6,0.05,1.3543
2014-09-30,410466912,410466912,1,23117000000,5252000000,19370000000,3935000000,3719000000,28000000,0,11934000000,12751000000,3991000000,732000000,732000000,1.74,1.72,0.33,1234000000,-769000000,-987000000,-585000000,1000000000,42000000,83.14,89.76,76.52,0.5594,0.1032,9.06,8.48,15.37,4.41,0.2239,3.4286,0.1609,0.1735,0.59,2.9,1.3347
2014-06-30,423030197,423030197,1,22948000000,5704000000,18762000000,3383000000,4151000000,35000000,0,11323000000,12758000000,3421000000,610000000,610000000,1.43,1.4,0.33,550000000,-50000000,-1507000000,-995000000,1585000000,32000000,84.84,88.5,81.19,0.5305,0.1055,9.81,8.24,15.95,4.08,0.2167,3.0735,0.1809,0.1832,0.58,1.22,1.6861
2014-03-31,429821284,429821284,1,23862000000,6596000000,19441000000,3914000000,4424000000,-3000000,0,11354000000,12761000000,3174000000,502000000,502000000,1.15,1.13,0.3,520000000,-22000000,661000000,1163000000,2580000000,29000000,83.85,89.27,78.43,0.4702,0.1074,10.29,7.65,16.28,3.75,0.2152,2.8845,0.1854,0.182,0.59,1.14,1.6852
2013-12-31,438053166,438053166,1,22778000000,5447000000,17979000000,3223000000,4802000000,-3000000,0,11358000000,11868000000,3197000000,547000000,547000000,1.23,1.2,0.3,293000000,-14000000,-1267000000,-986000000,1417000000,20000000,83.34,87.84,78.83,0.4173,0.1081,10.96,7.16,17.11,3.45,0.2191,2.4715,0.2108,0.1807,0.6,0.62,1.69
2013-09-30,445980929,445980929,1,23829000000,6726000000,18639000000,3790000000,5193000000,-3000000,0,11358000000,11867000000,3652000000,804000000,804000000,1.72,1.68,0.3,1051000000,-249000000,458000000,1259000000,2403000000,63000000,76.02,85.22,66.82,0.3676,0.1057,11.64,5.32,17.08,3.15,0.2281,2.2852,0.2179,0.1736,0.61,2.22,1.7747
2013-06-30,476929494,476929494,1,22464000000,5408000000,15652000000,3769000000,6814000000,-2000000,0,11354000000,8893000000,3693000000,643000000,643000000,1.33,1.31,0.3,739000000,-31000000,-823000000,-116000000,1144000000,30000000,65.86,70.91,60.82,0.3166,0.1007,14.29,4.63,15.87,2.85,0.2468,1.3051,0.3033,0.1659,0.61,1.49,1.4349
2013-03-31,484917002,484917002,1,22438000000,5294000000,15561000000,3530000000,6889000000,-12000000,0,11353000000,8915000000,3135000000,478000000,478000000,0.97,0.96,0.275,724000000,-9000000,-99000000,589000000,1260000000,31000000,59.28,64.71,53.86,0.2943,0.0963,14.21,4.09,13.92,2.55,0.2587,1.2941,0.307,0.1633,0.59,1.43,1.4997
2012-12-31,494958723,494958723,1,21897000000,4623000000,14741000000,3722000000,7165000000,-9000000,0,11389000000,8371000000,3314000000,470000000,470000000,0.94,0.92,0.275,569000000,-46000000,-695000000,-177000000,671000000,36000000,52.26,56.91,47.61,0.2996,0.1012,14.48,3.52,14.05,2.28,0.2457,1.1683,0.3272,0.169,0.6,1.08,1.2421
2012-09-30,502177207,502177207,1,22250000000,4853000000,14811000000,3830000000,7448000000,-9000000,0,11373000000,8131000000,3363000000,650000000,650000000,1.26,1.26,0.28,762000000,-44000000,-663000000,74000000,848000000,45000000,50.23,55.6,44.85,0.2577,0.0885,14.83,3.46,14.56,2,0.2773,1.0917,0.3347,0.1427,0.62,1.43,1.2671
2012-06-30,514587946,514587946,1,21958000000,4511000000,14485000000,3716000000,7478000000,-5000000,0,11370000000,8147000000,3241000000,534000000,534000000,1.02,1.01,0.275,232000000,-132000000,-449000000,-361000000,774000000,46000000,47.59,49.85,45.32,0.2388,0.0847,14.53,3.22,13.96,1.73,0.2867,1.0895,0.3406,0.1308,0.65,0.36,1.2139
2012-03-31,527820259,527820259,1,22427000000,4967000000,14635000000,4163000000,7803000000,-11000000,0,11397000000,7757000000,3331000000,585000000,585000000,1.09,1.07,0.25,877000000,-44000000,-847000000,-12000000,1135000000,35000000,47.33,49.77,44.89,0.2316,0.0861,14.78,3.19,15.94,1.45,0.2819,0.9941,0.3479,0.1289,0.67,1.6,1.1931
2011-12-31,540630421,540630421,1,22903000000,5399000000,14900000000,5082000000,8014000000,-11000000,0,11422000000,7017000000,3952000000,212000000,212000000,0.39,0.38,0.25,627000000,-36000000,-454000000,126000000,1147000000,28000000,40.7,46.26,35.13,0.1976,0.0767,14.82,2.6,11.34,1.2,0.2903,0.8756,0.3499,0.1156,0.66,1.11,1.0624
2011-09-30,552211545,552211545,1,22801000000,5261000000,14168000000,3942000000,8644000000,-11000000,0,11456000000,7342000000,4053000000,576000000,576000000,1.01,0.99,0.25,808000000,-92000000,-629000000,66000000,1021000000,78000000,45.69,52.67,38.71,0.2332,0.0948,15.65,2.86,15.76,0.95,0.2149,0.8494,0.3791,0.1432,0.66,1.32,1.3346
2011-06-30,574596703,574596703,1,22310000000,4881000000,13156000000,3580000000,9163000000,-9000000,0,11495000000,6928000000,3766000000,574000000,574000000,0.99,0.97,0.25,392000000,-34000000,-961000000,-600000000,955000000,35000000,49.33,51.93,46.73,0.1877,0.0782,15.95,3.09,18.83,0.7,0.1835,0.7561,0.4107,0.1239,0.63,0.62,1.3634
2011-03-31,585116977,585116977,1,22615000000,5190000000,13282000000,3837000000,9353000000,-20000000,0,11510000000,6935000000,3267000000,376000000,376000000,0.63,0.63,0.15,731000000,-25000000,-69000000,644000000,1555000000,25000000,43.5,47.34,39.65,0.1713,0.0717,15.98,2.74,18.2,0.45,0.1684,0.7415,0.4136,0.1169,0.61,1.21,1.3526
2010-12-31,596969091,596969091,1,22429000000,4752000000,12979000000,3749000000,9472000000,-22000000,0,11497000000,6722000000,3828000000,610000000,610000000,1.01,1,0.15,713000000,-76000000,-568000000,74000000,911000000,17000000,37.98,40.25,35.7,0.1593,0.0666,15.87,2.47,15.01,0.3,0.1235,0.7097,0.4223,0.1112,0.6,1.17,1.2675
2010-09-30,604539091,604539091,1,22096000000,4549000000,12682000000,3498000000,9283000000,131000000,0,11502000000,6721000000,3250000000,189000000,189000000,0.31,0.3,0,364000000,-112000000,-103000000,160000000,837000000,59000000,33.62,36.99,30.24,0.1717,0.0707,15.36,2.24,11.24,0.15,0.059,0.724,0.4201,0.115,0.61,0.5,1.3005
2010-06-30,608154207,608154207,1,21801000000,4276000000,12686000000,3780000000,9139000000,-24000000,0,11798000000,6528000000,3301000000,420000000,420000000,0.69,0.69,0.15,385000000,-53000000,-8000000,319000000,677000000,30000000,33.88,37.07,30.7,0.2094,0.084,15.03,2.32,12.28,0.15,0.0502,0.7143,0.4192,0.1347,0.62,0.58,1.1312
2010-03-31,607377009,607377009,1,21606000000,4029000000,12756000000,3445000000,8876000000,-26000000,0,11863000000,6745000000,2786000000,245000000,245000000,0.4,0.4,0,398000000,-3000000,-325000000,60000000,358000000,16000000,31.34,34.78,27.89,0.2025,0.0778,14.61,2.19,11.83,0,0,0.7599,0.4108,0.1241,0.63,0.63,1.1695
2009-12-31,607332552,607332552,1,21900000000,4430000000,13223000000,3751000000,8704000000,-27000000,0,11971000000,6650000000,4098000000,691000000,691000000,1.14,1.14,0,419000000,-157000000,-219000000,49000000,298000000,66000000,29.3,31.56,27.04,0.2061,0.075,14.33,2.21,16.37,0,0,0.764,0.3974,0.1183,0.63,0.58,1.181
2009-09-30,607003090,607003090,1,21307000000,3605000000,13263000000,3707000000,8029000000,15000000,0,12091000000,6751000000,3317000000,463000000,463000000,0.76,0.76,0,572000000,-37000000,-541000000,-1000000,249000000,35000000,24.75,29.56,19.95,0.1477,0.0506,13.23,2,14.73,0,0,0.8408,0.3768,0.0794,0.64,0.88,0.9725
2009-06-30,606866698,606866698,1,21395000000,3535000000,13886000000,3962000000,7495000000,14000000,0,12082000000,7275000000,3299000000,277000000,277000000,0.46,0.46,0,10000000,-26000000,-6000000,-9000000,250000000,26000000,20.61,24.18,17.04,0.1436,0.0469,12.35,1.78,11.02,0,0,0.9706,0.3503,0.0744,0.63,-0.03,0.8922
2009-03-31,606441246,606441246,1,21280000000,3340000000,14093000000,4070000000,7042000000,145000000,0,12095000000,7267000000,2905000000,180000000,180000000,0.29,0.29,0,150000000,-54000000,-622000000,-533000000,259000000,14000000,17.02,20.8,13.25,0.1646,0.0519,11.61,1.47,8.51,0,0,1.032,0.3309,0.0806,0.64,0.22,0.8206
2008-12-31,606308053,606308053,1,22487000000,4502000000,15416000000,4842000000,7033000000,38000000,0,12144000000,7897000000,4243000000,173000000,173000000,0.28,0.28,0,1416000000,-56000000,-1077000000,267000000,792000000,53000000,18.48,25.01,11.96,0.1775,0.0553,11.6,1.59,7.16,0,0,1.1228,0.3128,0.0855,0.65,2.25,0.9298
2008-09-30,613525812,613525812,1,22815000000,4169000000,15622000000,4183000000,7150000000,43000000,0,12149000000,8819000000,3408000000,401000000,401000000,0.65,0.65,0,617000000,-281000000,-520000000,-212000000,525000000,53000000,27.27,31.11,23.44,0.2317,0.072,11.65,2.42,9.44,0,0,1.2334,0.3134,0.1121,0.64,0.92,0.9967
2008-06-30,620916345,620916345,1,22888000000,4365000000,15850000000,4422000000,6994000000,44000000,0,12144000000,9072000000,3857000000,407000000,407000000,0.65,0.65,0,-88000000,-129000000,140000000,-75000000,737000000,94000000,35.56,41.1,30.02,0.2666,0.0839,11.26,3.21,12.39,0,0,1.2971,0.3056,0.1298,0.65,-0.29,0.9871
2008-03-31,632772578,632772578,1,22376000000,4097000000,15318000000,4504000000,7019000000,39000000,0,12093000000,8419000000,3117000000,270000000,270000000,0.42,0.42,0,91000000,-105000000,-98000000,-108000000,812000000,88000000,39.48,42.57,36.4,0.2686,0.0869,11.09,3.56,14.41,0,0,1.1995,0.3137,0.1381,0.63,0,0.9096
2007-12-31,640881671,640881671,1,22904100000,4832600000,15756200000,5273400000,7111200000,36700000,0,12059400000,8059500000,4220600000,559600000,559600000,0.87,0.86,0,673500000,-79700000,-68800000,546800000,920200000,89100000,41.51,44.79,38.23,0.2571,0.0852,11.1,3.86,16.15,0,0,1.1334,0.3105,0.1369,0.62,0.91,0.9164
2007-09-30,656239801,656239801,1,21369800000,3589500000,14282500000,4204300000,7051400000,35900000,0,11898600000,7605200000,3270600000,641600000,641600000,0.96,0.96,0,298200000,251600000,-594000000,-46600000,373400000,66600000,40.02,42.98,37.05,0.2456,0.0826,10.75,3.82,18.97,0,0,1.0785,0.33,0.1375,0.6,0.35,0.8538
2007-06-30,686616888,686616888,1,21024800000,3675500000,13805700000,4271800000,7186400000,32700000,0,11817200000,7211600000,3185900000,434000000,434000000,0.63,0.63,0,455900000,140300000,-576300000,21700000,420000000,40900000,42.48,44.92,40.04,0.206,0.0696,10.47,4.04,20.33,0,0,1.0035,0.3418,0.121,0.58,0.6,0.8604
2007-03-31,689129229,689129229,1,20964400000,3480000000,13682600000,3939500000,7249200000,32600000,0,11974700000,7309900000,2746000000,202900000,202900000,0.29,0.29,0,348600000,-63700000,-592300000,-307500000,398300000,40500000,40.52,42.51,38.52,0.2086,None,10.52,3.91,18.17,0,0,1.0084,0.3458,0.1248,0.57,0.45,0.8834
2006-12-31,692158137,692158137,1,21796700000,4211100000,14603500000,4616800000,7166200000,27000000,0,12030500000,7584000000,3592500000,480800000,480800000,0.69,0.69,0,1426900000,-252200000,-928800000,256600000,705800000,81400000,39.03,41.13,36.93,0.2265,None,10.35,3.88,None,0,0,1.0583,0.3288,0.1388,0.55,1.94,0.9121
2006-09-30,699267443,699267443,1,20947400000,3840000000,13915400000,3393500000,7032000000,0,0,11724300000,8123700000,2659800000,356800000,356800000,0.51,0.5,0,268300000,-365900000,231700000,137100000,449200000,59600000,35.09,37.77,32.42,None,None,10.06,3.61,None,0,None,1.1552,0.3357,None,None,0.3,1.1316
2006-06-30,709460942,709460942,1,20048100000,3469400000,13154200000,3359400000,6893900000,0,0,11397400000,7601600000,2846700000,437300000,437300000,0.61,0.61,0,179900000,528400000,-867200000,-158900000,312100000,42400000,37.88,40.42,35.33,None,None,9.72,3.89,None,0,None,1.1027,0.3439,None,None,0.19,1.0327
2006-03-31,721039521,721039521,1,20964300000,3766300000,13934200000,3955200000,7030100000,0,0,11200400000,7728100000,2367500000,317200000,317200000,0.43,0.43,0,394800000,-843200000,551500000,103100000,464200000,26300000,40.78,43.9,37.67,None,None,9.75,3.83,None,0,None,1.0993,0.3353,None,None,0.51,0.9522
2005-12-31,730766989,730766989,1,19115600000,3512800000,11325300000,3268600000,7787900000,2400000,0,10732200000,5405000000,None,None,None,None,None,0,None,None,None,None,361100000,0,None,None,None,None,None,10.66,None,None,0,None,0.694,0.4074,None,None,None,1.0747
