"Quarter end","Shares","Shares split adjusted","Split factor","Assets","Current Assets","Liabilities","Current Liabilities","Shareholders equity","Non-controlling interest","Preferred equity","Goodwill & intangibles","Long-term debt","Revenue","Earnings","Earnings available for common stockholders","EPS basic","EPS diluted","Dividend per share","Cash from operating activities","Cash from investing activities","Cash from financing activities","Cash change during period","Cash at end of period","Capital expenditures","Price","Price high","Price low","ROE","ROA","Book value of equity per share","P/B ratio","P/E ratio","Cumulative dividends per share","Dividend payout ratio","Long-term debt to equity ratio","Equity to assets ratio","Net margin","Asset turnover","Free cash flow per share","Current ratio"
2019-06-29,77221531,77221531,1,7343700000,3654100000,4330900000,1591000000,3012800000,0,0,1083500000,692100000,1428800000,117100000,117100000,1.5,1.47,0.6875,197400000,107200000,-244800000,64900000,691400000,49400000,118.2,133.63,102.77,0.1339,0.0688,39.02,2.81,22.51,17.14,0.4594,0.2297,0.4103,0.0691,0.99,1.92,2.2967
2019-03-30,78073657,78073657,1,5942800000,3594800000,2655600000,1200100000,3287200000,0,0,1083300000,901700000,1505700000,31600000,31600000,0.41,0.39,0.63,100700000,-69200000,-124600000,-97000000,626500000,48500000,115.81,131.19,100.44,0.1274,0.0711,42.1,2.71,21.65,16.46,0.4625,0.2743,0.5531,0.0683,1.04,0.67,2.9954
2018-12-29,78621952,78621952,1,6092000000,3696400000,2738100000,1273700000,3353900000,0,0,1094300000,904700000,1725800000,120000000,120000000,1.5,1.48,0.625,470100000,-77300000,-262600000,127000000,723500000,36100000,117.56,139.5,95.63,0.1287,0.0722,42.66,2.73,40.96,15.83,0.4333,0.2697,0.5505,0.0695,1.04,5.52,2.9021
2018-09-29,80438149,80438149,1,6155500000,3693500000,2693500000,1241100000,3462000000,0,0,1103600000,906900000,1690900000,170300000,170300000,2.09,2.07,0.625,-17600000,94300000,-54100000,20700000,596500000,50800000,135.97,147.79,124.14,0.0695,0.0389,43.04,3.22,53.32,15.2,0.7638,0.262,0.5624,0.0382,1.02,-0.85,2.976
2018-06-30,81130116,81130116,1,6035300000,3550100000,2614300000,1563700000,3421000000,0,0,1110100000,517100000,1390600000,109000000,109000000,1.33,1.31,0.625,230600000,-827100000,-164400000,-779700000,575800000,42300000,124.96,145.94,103.98,0.0616,0.0348,42.17,2.95,63.76,14.58,0.8138,0.1512,0.5668,0.0341,1.02,2.32,2.2703
2018-03-31,81554627,81554627,1,6143300000,3548400000,2685900000,1587200000,3457400000,0,0,1138500000,524400000,1529200000,41300000,41300000,0.5,0.49,0.5,24000000,128700000,-38800000,132300000,1355500000,38600000,109.71,119.33,100.09,0.0474,0.0269,42.39,2.62,None,13.95,0.9993,0.1517,0.5628,0.0263,1.02,-0.18,2.2356
2017-12-30,81289728,81289728,1,6199000000,3533200000,2791500000,1710200000,3407500000,0,0,1136500000,528600000,1641800000,-81800000,-81800000,-1,-1,0.5,514100000,-404500000,-48900000,64300000,1223200000,48300000,94.39,105.52,83.26,-0.0244,-0.014,41.92,2.19,96.32,13.45,None,0.1551,0.5497,None,1.05,5.73,2.066
2017-09-30,81276049,81276049,1,6028300000,3324400000,2518700000,1590100000,3509600000,0,0,1140700000,534400000,1664200000,143800000,143800000,1.76,1.75,0.5,102800000,215200000,-48800000,282500000,1158900000,32800000,81.45,92.55,70.36,0.0235,0.0138,43.18,1.97,None,12.95,2.0108,0.1523,0.5822,0.0129,1.07,0.86,2.0907
2017-07-01,81262491,81262491,1,5814000000,3086700000,2453900000,1216900000,3360100000,0,0,1137900000,837100000,1347100000,59500000,59500000,0.73,0.72,0.5,334200000,-128500000,-61000000,164600000,876400000,41900000,75.27,84.47,66.06,-0.0051,-0.003,41.35,1.85,None,12.45,None,0.2491,0.5779,None,1.1,3.6,2.5365
2017-04-01,80995252,80995252,1,5652000000,2954500000,2352400000,1159900000,3299600000,0,0,1124400000,588200000,1565800000,-204300000,-204300000,-2.47,-2.47,0.5,102300000,-224800000,-149100000,-260000000,668300000,59000000,84.34,93.05,75.62,-0.0282,-0.0167,40.74,1.92,48.19,11.95,None,0.1783,0.5838,None,1.12,0.53,2.5472
2016-12-31,82212629,82212629,1,5966000000,3034000000,2356000000,1151000000,3610000000,0,0,1125000000,841000000,1714000000,82000000,82000000,0.98,0.98,0.5,618000000,30000000,-142000000,494000000,928000000,60000000,101.62,114,89.24,0.0402,0.024,43.91,2.32,43.99,11.45,1.1287,0.233,0.6051,0.021,1.14,6.79,2.636
2016-10-01,82196159,82196159,1,6067000000,2976000000,2469000000,1217000000,3598000000,0,0,1171000000,856000000,1821000000,45000000,45000000,0.55,0.55,0.5,-11000000,28000000,-41000000,-23000000,434000000,87000000,98.56,109.85,87.26,0.053,0.0315,43.77,2.27,27.23,10.95,0.8497,0.2379,0.593,0.0271,1.16,-1.19,2.4454
2016-07-02,82258478,82258478,1,6118000000,3002000000,2552000000,1296000000,3566000000,0,0,1170000000,866000000,1552000000,-22000000,-22000000,-0.27,-0.27,0.5,243000000,-41000000,-186000000,1000000,457000000,78000000,91.08,98.5,83.66,0.0831,0.0494,43.35,2.02,19.71,10.45,0.5385,0.2428,0.5829,0.0422,1.17,2.01,2.3164
2016-04-02,82902042,82902042,1,6213000000,3053000000,2469000000,1198000000,3744000000,0,0,1162000000,597000000,1871000000,41000000,41000000,0.48,0.49,0.5,155000000,-192000000,-45000000,-71000000,456000000,93000000,99,115.85,82.15,0.1044,0.0632,45.16,2.19,17.84,9.95,0.4258,0.1595,0.6026,0.0535,1.18,0.75,2.5484
2015-12-26,84014734,84014734,1,6341000000,3452000000,2537000000,1214000000,3804000000,0,0,1149000000,865000000,1946000000,131000000,131000000,1.55,1.54,0.5,486000000,-80000000,-252000000,147000000,527000000,123000000,120.34,137.38,103.29,0.1251,0.0768,45.28,2.67,18.74,9.45,0.3556,0.2274,0.5999,0.0646,1.19,4.32,2.8435
2015-09-26,84694523,84694523,1,6443000000,3580000000,2632000000,1278000000,3811000000,0,0,1161000000,871000000,1970000000,160000000,160000000,1.87,1.86,0.5,34000000,-234000000,99000000,-110000000,380000000,134000000,120,135.67,104.34,0.1445,0.0902,45,2.7,17.62,8.95,0.2977,0.2285,0.5915,0.075,1.2,-1.18,2.8013
2015-06-27,85647866,85647866,1,6068000000,3304000000,2261000000,1229000000,3807000000,0,0,1161000000,816000000,1618000000,64000000,64000000,0.74,0.73,0.5,332000000,-77000000,-275000000,-10000000,490000000,68000000,134.43,141.08,127.77,0.1529,0.097,44.45,2.98,17.06,8.45,0.2727,0.2143,0.6274,0.0802,1.21,3.08,2.6884
2015-03-28,86273366,86273366,1,6106000000,3324000000,2215000000,1186000000,3891000000,0,0,1170000000,596000000,1885000000,124000000,124000000,1.43,1.42,0.5,4000000,-164000000,-69000000,-263000000,500000000,91000000,157.39,187.49,127.29,0.1759,0.1124,45.1,3.37,19.31,7.95,0.23,0.1532,0.6372,0.0921,1.22,-1.01,2.8027
2014-12-27,87314280,87314280,1,6344000000,3519000000,2269000000,1258000000,4075000000,0,0,1190000000,843000000,2033000000,215000000,215000000,2.44,2.41,0.45,615000000,-85000000,-227000000,280000000,763000000,124000000,169.65,185.92,153.39,0.1815,0.1171,46.67,3.69,20.42,7.45,0.2165,0.2069,0.6423,0.0962,1.22,5.62,2.7973
2014-09-27,87704977,87704977,1,6398000000,3560000000,2369000000,1283000000,4029000000,0,0,1223000000,849000000,1994000000,201000000,201000000,2.27,2.25,0.45,-140000000,-176000000,113000000,-228000000,483000000,91000000,163.6,174.98,152.22,0.1874,0.1221,45.94,3.62,19.73,7,0.2115,0.2107,0.6297,0.0993,1.23,-2.63,2.7747
2014-06-28,87946205,87946205,1,6130000000,3321000000,2158000000,1061000000,3972000000,0,0,1256000000,300000000,1708000000,162000000,162000000,1.82,1.8,0.45,415000000,-264000000,-238000000,-86000000,711000000,85000000,153.34,164.75,141.93,0.1889,0.1234,45.16,3.37,18.19,6.55,0.206,0.0755,0.648,0.1009,1.22,3.75,3.1301
2014-03-29,88727931,88727931,1,6090000000,3329000000,2056000000,970000000,4034000000,0,0,1263000000,300000000,1867000000,153000000,153000000,1.67,1.69,0.45,147000000,-48000000,-185000000,-85000000,797000000,95000000,162.3,178.59,146,0.1962,0.13,45.46,3.6,20.01,6.1,0.1966,0.0744,0.6624,0.1042,1.25,0.59,3.432
2013-12-28,89586431,89586431,1,6060000000,3342000000,2026000000,984000000,4034000000,0,0,1263000000,558000000,2015000000,237000000,237000000,2.62,2.57,0.45,540000000,-32000000,-465000000,43000000,882000000,81000000,169.04,181.07,157.01,0.1927,0.1293,45.03,3.83,21.53,5.65,0.1986,0.1383,0.6657,0.1038,1.25,5.12,3.3963
2013-09-28,90340406,90340406,1,6266000000,3558000000,2275000000,1218000000,3991000000,0,0,1285000000,563000000,1915000000,205000000,205000000,2.28,2.23,0.4,-75000000,-301000000,268000000,-101000000,839000000,148000000,175.89,189.8,161.98,0.1905,0.1288,44.18,4.23,22.24,5.2,0.1989,0.1411,0.6369,0.1033,1.25,-2.47,2.9212
2013-06-29,90478805,90478805,1,5460000000,3084000000,1699000000,1179000000,3761000000,0,0,1288000000,0,1653000000,181000000,181000000,1.99,1.94,0.4,295000000,-107000000,-217000000,-34000000,940000000,66000000,178.68,192.03,165.33,0.196,0.1348,41.57,4.29,22.34,4.8,0.1972,0,0.6888,0.1053,1.28,2.53,2.6158
2013-03-30,90898009,90898009,1,5418200000,2962800000,1633600000,1121300000,3784600000,0,0,1295900000,0,1643300000,127200000,127200000,1.4,1.37,0.4,121600000,-105900000,-32300000,-25400000,973700000,81500000,163.24,179.9,146.58,0.2032,0.1387,41.64,3.93,21.42,4.4,0.1943,0,0.6985,0.108,1.28,0.44,2.6423
2012-12-29,90716256,90716256,1,5489200000,3002000000,1719500000,1191600000,3769700000,0,0,1332900000,0,1846100000,215700000,215700000,2.37,2.31,0.4,590600000,74400000,-209000000,455400000,999100000,77700000,154.77,165.41,144.14,0.1961,0.1327,41.55,3.79,21.83,4,0.1783,0,0.6867,0.103,1.29,5.65,2.5193
2012-09-29,91485006,91485006,1,5523500000,3003000000,1787100000,958100000,3736400000,0,0,1363700000,265800000,1862000000,213700000,213700000,2.34,2.29,0.4,38000000,39600000,-7900000,75200000,543700000,55700000,149.28,164.28,134.29,0.1864,0.125,40.84,3.92,20.56,3.6,0.1642,0.0711,0.6765,0.0968,1.29,-0.19,3.1343
2012-06-30,91153807,91153807,1,5194100000,2719300000,1722300000,933000000,3471800000,0,0,1357600000,261000000,1593400000,193400000,193400000,2.1,2.03,0.4,268700000,-121200000,-345600000,-203100000,468500000,61600000,156.74,179,134.48,0.1967,0.1298,38.09,3.98,21.98,3.2,0.1331,0.0752,0.6684,0.0991,1.31,2.27,2.9146
2012-03-31,92708505,92708505,1,5416400000,2899900000,1763900000,946200000,3652500000,0,0,1363000000,274400000,1662800000,94400000,94400000,1.03,0.99,0.2,101100000,-258800000,13400000,-144200000,671600000,112100000,159.7,182.48,136.92,0.1979,0.1295,39.4,4.18,23.21,2.8,0.1086,0.0751,0.6743,0.0993,1.3,-0.12,3.0648
2011-12-31,92340964,92340964,1,5326500000,2826500000,1796800000,979200000,3529700000,0,0,1383600000,265600000,1805600000,169000000,169000000,1.83,1.78,0.2,500700000,21800000,-105000000,408100000,815800000,67700000,142.93,164.55,121.3,0.1967,0.1281,38.22,3.89,20.96,2.6,0.1126,0.0752,0.6627,0.1003,1.28,4.69,2.8865
2011-10-01,92129525,92129525,1,5328400000,2773900000,1944500000,1122400000,3383900000,0,0,1403100000,273700000,1904600000,233500000,233500000,2.53,2.46,0.2,71100000,-104500000,14600000,-23800000,407700000,53100000,129.87,154.62,105.11,0.1982,0.13,36.73,3.75,20.13,2.4,0.0993,0.0809,0.6351,0.1051,1.24,0.2,2.4714
2011-07-02,92466522,92466522,1,4960200000,2515700000,1758500000,908400000,3201700000,0,0,1404300000,296700000,1486500000,184100000,184100000,1.96,1.9,0.2,212400000,91900000,-330700000,-21500000,431500000,39300000,125.55,136.5,114.6,0.1928,0.1273,34.63,3.59,21.8,2.2,0.0896,0.0927,0.6455,0.1078,1.18,1.87,2.7694
2011-04-02,94574221,94574221,1,4981100000,2478000000,1676400000,832000000,3304700000,0,0,1404000000,291900000,1382800000,73200000,73200000,0.77,0.74,0.2,94400000,-58600000,-230800000,-190400000,453000000,83500000,115.44,128.56,102.33,0.1766,0.1173,34.94,3.25,18.8,2,0.0839,0.0883,0.6634,0.1035,1.13,0.12,2.9784
2011-01-01,96186714,96186714,1,5008600000,2513100000,1595600000,792500000,3413000000,0,0,1388700000,275100000,1497900000,168400000,168400000,1.76,1.72,0.1,370300000,-222400000,60800000,207500000,643400000,77700000,102.4,115.45,89.34,0.1921,0.1279,35.48,3.07,18.55,1.8,0.0633,0.0806,0.6814,0.1119,1.14,3.04,3.1711
2010-10-02,95062248,95062248,1,4875000000,2444000000,1702500000,884500000,3172500000,0,0,1371700000,285200000,1485600000,205200000,205200000,2.15,2.09,0.1,52600000,116500000,-91600000,90100000,435900000,55300000,81.44,91.76,71.12,0.1788,0.1181,33.37,2.63,15.72,1.7,0.0703,0.0899,0.6508,0.1064,1.11,-0.03,2.7631
2010-07-03,95863855,95863855,1,4499000000,2161000000,1533200000,764000000,2965800000,0,0,1325900000,261700000,1115500000,120800000,120800000,1.24,1.21,0.1,171400000,-134900000,-251000000,-217300000,345800000,38500000,83.37,95.59,71.14,0.1723,0.114,30.94,2.63,17.63,1.6,0.0654,0.0882,0.6592,0.1032,1.1,1.39,2.8285
2010-04-03,98193353,98193353,1,4648900000,2275800000,1532300000,747300000,3116600000,0,0,1349800000,282100000,1337100000,114100000,114100000,1.17,1.12,0.1,102200000,-439700000,-62300000,-410700000,563100000,97000000,81.02,86.97,75.06,0.1596,0.1044,31.74,2.6,20,1.5,0.0618,0.0905,0.6704,0.0963,1.08,0.05,3.0454
2009-12-26,98639896,98639896,1,4651400000,2350400000,1575300000,755000000,3076100000,0,0,1343400000,298300000,1243900000,111100000,111100000,1.12,1.1,0.1,483800000,130300000,-54500000,550300000,973800000,51300000,77.6,83.5,71.71,0.1409,0.0907,31.19,2.57,19.4,1.4,0.0604,0.097,0.6613,0.0842,1.08,4.38,3.1131
2009-09-26,99052036,99052036,1,4572000000,2251100000,1576400000,733200000,2995600000,0,0,1331200000,307500000,1374200000,177500000,177500000,1.79,1.75,0.05,28200000,-54200000,-176900000,-197300000,423500000,35200000,63.82,78.44,49.2,0.1436,0.0907,30.24,2.25,16.66,1.3,0.0491,0.1027,0.6552,0.0829,1.09,-0.07,3.0702
2009-06-27,99693966,99693966,1,4500800000,2206100000,1669800000,887500000,2831000000,0,0,1322500000,292500000,1023700000,76800000,76800000,0.77,0.76,0.05,292300000,-140800000,-12700000,139600000,620800000,17800000,50.15,59.51,40.79,0.1437,0.0885,28.4,1.82,12.54,1.25,0.0512,0.1033,0.629,0.0786,1.13,2.75,2.4857
2009-03-28,99178490,99178490,1,4356500000,2056700000,1621400000,674100000,2735100000,0,0,1315300000,406400000,1224400000,44500000,44500000,0.44,0.44,0.05,23400000,-107400000,-4300000,-93100000,481200000,55100000,39.97,48.29,31.64,0.1556,0.094,27.58,1.47,8.77,1.2,0.0489,0.1486,0.6278,0.0809,1.16,-0.32,3.051
2008-12-27,99100814,99100814,1,4385300000,2004200000,1690900000,721300000,2694400000,0,0,1330600000,419600000,1252000000,105300000,105300000,1.07,1.05,0.05,362800000,-200700000,5900000,156700000,574300000,44600000,50.93,70.64,31.22,0.1843,0.1076,27.19,1.99,11.1,1.15,0.0427,0.1557,0.6144,0.0923,1.17,3.21,2.7786
2008-09-27,98703231,98703231,1,4276200000,1866500000,1750800000,735100000,2525400000,0,0,1312800000,439200000,1428900000,161000000,161000000,1.62,1.58,0.05,-8700000,-4800000,-109500000,-136200000,417600000,29200000,67.94,82.02,53.86,0.1928,0.1096,25.59,2.73,16.57,1.1,0.0423,0.1739,0.5906,0.0935,1.17,-0.38,2.5391
2008-06-28,99739740,99739740,1,4261600000,1798800000,1777200000,714200000,2484400000,0,0,1322800000,469800000,1113600000,95200000,95200000,0.96,0.93,0.05,396700000,-145100000,-244200000,2300000,553800000,56100000,64.14,71.2,57.07,0.1793,0.0995,24.91,2.67,16.08,1.05,0.0472,0.1891,0.583,0.0867,1.15,3.41,2.5186
2008-03-29,99417783,99417783,1,4365500000,1893500000,1975800000,908600000,2389700000,0,0,1324400000,472800000,1240900000,103500000,103500000,1.02,1,0.05,-4400000,-132900000,-137600000,-252900000,551500000,65400000,59.61,68.67,50.55,0.1813,0.0994,24.04,2.53,16.24,1,0.0484,0.1978,0.5474,0.086,1.16,-0.7,2.084
2007-12-29,101761750,101761750,1,4344700000,1925700000,1944600000,909900000,2400100000,0,0,1309300000,438500000,1269800000,112700000,112700000,1.11,1.08,0.05,445600000,-83800000,-46400000,331400000,804400000,58600000,69.56,78.61,60.5,0.1692,0.0957,23.59,3.15,19.22,0.95,0.0527,0.1827,0.5524,0.0834,1.15,3.8,2.1164
2007-09-29,101527545,101527545,1,4187500000,1812100000,1944700000,909100000,2242800000,0,0,1308900000,424400000,1299100000,115300000,115300000,1.12,1.09,0.05,-26600000,-63400000,-101200000,-170200000,473000000,48400000,87.17,102.58,71.76,0.17,0.1001,22.09,4.04,22.88,0.9,0.0533,0.1892,0.5356,0.0852,1.17,-0.74,1.9933
2007-06-30,103277430,103277430,1,3995400000,1706200000,1767300000,792700000,2228100000,0,0,1296400000,403100000,1070300000,88300000,88300000,0.85,0.82,0.05,280800000,-224900000,24700000,79300000,643200000,44700000,94.58,101.46,87.7,0.1804,0.112,21.57,4.21,25.36,0.85,0.0507,0.1809,0.5577,0.0927,1.21,2.29,2.1524
2007-03-31,103957065,103957065,1,3758000000,1685900000,1423100000,640300000,2334900000,0,0,1088200000,398800000,1031300000,73200000,73200000,0.71,0.68,0.05,142000000,-276900000,-54900000,-187900000,563900000,80000000,84.01,90.12,77.9,0.1795,0.1163,22.46,3.78,23.14,0.8,0.0519,0.1708,0.6213,0.0933,1.25,0.6,2.633
2006-12-30,103861207,103861207,1,3530600000,1714800000,1224600000,604900000,2306000000,0,0,956100000,393800000,1143700000,110500000,110500000,1.06,1.03,0.05,397500000,-40400000,68400000,430800000,751800000,40400000,73.96,83.15,64.77,0.1805,0.1189,22.2,3.5,21.5,0.75,0.0536,0.1708,0.6531,0.0921,1.29,3.44,2.8348
2006-09-30,103971100,103971100,1,3320100000,1533600000,1121200000,912600000,2198900000,0,0,954700000,0,1166800000,137000000,137000000,1.31,1.28,0.05,24800000,-84900000,-46600000,-108200000,321000000,29100000,55.92,66.2,45.65,0.1781,0.1175,21.15,2.8,17.87,0.7,0.0566,0,0.6623,0.0906,1.3,-0.04,1.6805
2006-07-01,104635048,104635048,1,3184600000,1440400000,1092800000,888800000,2091800000,0,0,958500000,0,953600000,80200000,80200000,0.76,0.74,0.05,231800000,-32400000,-62100000,143500000,429200000,34500000,57.45,62.87,52.02,0.1688,0.1106,19.99,2.96,20.02,0.65,0.0622,0,0.6568,0.0855,1.29,1.89,1.6206
2006-04-01,105551852,105551852,1,3088700000,1378500000,1039100000,843500000,2049600000,0,0,958200000,0,971492000,62415000,62415000,0.6,0.58,0.05,-44510000,-327610000,8539000,-358189000,285700000,60975000,57.33,61.74,52.91,0.1611,0.1047,19.42,3.04,23.02,0.6,0.0681,0,0.6636,0.0822,1.27,-1,1.6343
2005-12-31,104927366,104927366,1,3017459000,1593505000,1042062000,872163000,1975397000,0,0,672088000,0,995482000,90673000,90673000,0.87,0.84,0.05,295540000,-23115000,-2788000,260718000,643874000,23115000,52.34,56.84,47.83,0.147,0.0938,18.83,2.92,22.08,0.55,0.0778,0,0.6547,0.072,1.3,2.6,1.8271
2005-10-01,104823737,104823737,1,2913313000,1527227000,1034385000,618863000,1878928000,0,0,675413000,267657000,1027384000,104205000,104205000,1,0.97,0.05,7363000,-155868000,9646000,-139171000,383156000,41903000,48.27,53.25,43.29,0.1447,0.0917,17.92,2.88,22.14,0.5,0.0823,0.1425,0.6449,0.0697,1.32,-0.33,2.4678
2005-07-02,104137556,104137556,1,2743814000,1447485000,1000691000,591757000,1743123000,0,0,593795000,269149000,751942000,50707000,50707000,0.49,0.48,0.05,190707000,-32607000,18103000,171842000,522327000,32607000,39.45,44.7,34.19,0.1378,0.0871,16.74,2.41,21.56,0.45,0.0902,0.1544,0.6353,0.0657,1.32,1.52,2.4461
2005-04-02,102255274,102255274,1,2726669000,1413763000,1050961000,622410000,1675708000,0,0,605849000,290960000,940992000,21773000,21773000,0.23,0.2,0.05,21988000,-48645000,6578000,-21304000,350485000,49231000,40,42.59,37.4,0.1206,0.0767,16.39,2.48,16.88,0.4,0.1071,0.1736,0.6146,0.0576,1.33,-0.27,2.2714
2005-01-01,102678990,102678990,1,2590048000,1264124000,936841000,529259000,1653207000,0,0,616364000,307981000,887993000,74842000,74842000,0.73,0.72,0.05,244597000,-40229000,10086000,216949000,362931000,40515000,38.29,42.83,33.75,0.1618,0.1035,16.1,2.53,19.15,0.35,0.0829,0.1863,0.6383,0.077,1.34,1.99,2.3885
2004-10-02,101854063,101854063,1,2399571000,1112082000,859206000,488011000,1540365000,0,0,598244000,280948000,883680000,80407000,80407000,0.79,0.78,0.05,17218000,-53296000,7052000,-28926000,145982000,49147000,34.79,38.57,31.01,0.1444,0.0912,15.12,2.43,19.77,0.3,0.098,0.1824,0.6419,0.07,1.3,-0.31,2.2788
2004-07-03,101111737,101111737,1,2216351000,954734000,771597000,415786000,1444754000,0,0,597292000,278983000,592750000,13403000,13403000,0.13,0.13,0.05,98169000,-275216000,7795000,-168569000,174908000,35245000,34.14,37.05,31.23,0.1321,0.0829,14.29,2.42,20.32,0.25,0.1129,0.1931,0.6519,0.0649,1.28,0.62,2.2962
2004-04-03,100636536,100636536,1,2270241000,1271319000,848168000,501130000,1422073000,0,0,359243000,277345000,818781000,76531000,76531000,0.77,0.74,0.05,28763000,-46464000,16759000,5774000,343477000,46843000,31.32,35.35,27.28,0.1314,0.0813,14.13,2.42,18.64,0.2,0.119,0.195,0.6264,0.0645,1.26,-0.18,2.5369
2003-12-27,99674294,99674294,1,2131158000,1171294000,840133000,479004000,1291025000,0,0,353596000,284746000,645365000,35358000,35358000,0.36,0.35,0.05,172391000,-37638000,1872000,127066000,337703000,30137000,28.74,31.52,25.96,0.1344,0.082,12.95,2.34,16.33,0.15,0.0913,0.2206,0.6058,0.0664,1.23,1.43,2.4453
2003-09-27,103435129,103435129,1,2035824000,1112508000,764439000,430446000,1271385000,0,0,339826000,264025000,707777000,54010000,54010000,0.55,0.54,0.05,-2351000,-25184000,-47524000,-76836000,210637000,25145000,27.58,30.1,25.06,0.1453,0.0881,12.29,2.33,15.85,0.1,0.059,0.2077,0.6245,0.0696,1.27,-0.27,2.5845
2003-06-28,103063342,103063342,1,1973424000,1072238000,754517000,423821000,1218907000,0,0,341610000,265069000,477731000,5055000,5055000,0.05,0.05,0.05,11803000,-23416000,-47530000,-56133000,287473000,13510000,24.59,27.93,21.25,0.1501,0.0885,11.83,2.01,13.97,0.05,0.0298,0.2175,0.6177,0.0705,1.25,-0.02,2.5299
2003-03-29,98831928,98831928,1,2038822000,1166007000,830055000,500347000,1208767000,0,0,326959000,248494000,692331000,73219000,73219000,0.73,0.74,0,8459000,-104534000,-6410000,-97978000,343606000,38969000,21.15,23,19.3,0.1586,0.0912,12.23,1.87,14.1,0,0,0.2056,0.5929,0.0714,1.28,-0.31,2.3304
2002-12-28,98899771,98899771,1,1903827000,1117199000,782759000,468927000,1121068000,0,0,295378000,238127000,639170000,42812000,42812000,0.44,0.43,0,120749000,-23469000,-14150000,86109000,441584000,19518000,21.19,25.18,17.2,0.1425,0.0811,11.34,2.06,13.85,0,0,0.2124,0.5888,0.0626,1.3,1.02,2.3825
2002-09-28,102692971,102692971,1,1892955000,1125669000,834968000,528943000,1057987000,0,0,284623000,226577000,640839000,51744000,51744000,0.53,0.52,0,11466000,-26546000,-1430000,-16148000,355475000,27682000,21.16,24.6,17.73,0.1515,0.0845,10.3,2.07,14.11,0,0,0.2142,0.5589,0.0644,1.31,-0.16,2.1281
2002-06-29,98418861,98418861,1,1802623000,1038801000,796405000,491840000,1006218000,0,0,289430000,225475000,467000000,6460000,6460000,0.07,0.07,0,128300000,-11720000,5326000,126890000,371623000,12495000,25.88,30.82,20.95,0.1535,0.0848,10.22,2.55,14.79,0,0,0.2241,0.5582,0.064,1.33,1.18,2.1121
2002-03-30,98399394,98399394,1,1749497000,1008057000,751302000,391771000,998195000,0,0,273348000,285414000,633088000,48025000,48025000,0.49,0.48,0,16005000,-28883000,-42285000,-55795000,238774000,26956000,27.63,29.66,25.59,0.1862,0.1016,10.14,2.86,15.7,0,0,0.2859,0.5706,0.073,1.39,-0.11,2.5731
2001-12-29,97949651,97949651,1,1741745000,972618000,794355000,402931000,947390000,0,0,280760000,298033000,617095000,45614000,45614000,0.47,0.46,0,152674000,-66515000,16526000,102747000,294569000,20810000,23.25,27.94,18.56,0.1956,0.1032,9.67,2.52,12.77,0,0,0.3146,0.5439,0.0758,1.36,1.35,2.4139
2001-09-29,97632037,97632037,1,1682450000,958602000,780505000,390761000,901945000,0,0,246054000,305551000,595695000,47810000,47810000,0.49,0.49,0,40067000,-344000,23987000,64443000,141101000,24005000,22.43,26.44,18.41,0.2123,0.109,9.24,2.55,32.99,0,0,0.3388,0.5361,0.0781,1.4,0.16,2.4532
2001-06-30,97604083,97604083,1,1617291000,898785000,759528000,389200000,857763000,0,0,244701000,290132000,517829000,31051000,31051000,0.32,0.32,0,85012000,-20210000,-38551000,25160000,76658000,16237000,26.96,30.98,22.95,0.084,0.0414,8.79,3.25,44.2,0,0,0.3382,0.5304,0.0294,1.41,0.7,2.3093
2001-03-31,97541998,97541998,1,1626093000,901721000,816784000,439577000,809309000,0,0,249391000,296988000,538520000,47497000,47497000,0.49,0.49,0,-5010000,-19387000,-8954000,-35516000,51498000,37310000,26.45,30.45,22.44,0.0769,0.037,8.3,3.35,60.11,0,0,0.367,0.4977,0.0266,1.39,-0.43,2.0513
2000-12-30,96867986,96867986,1,1570344000,875981000,805907000,378486000,764437000,0,0,253261000,328928000,613740000,50603000,50603000,0.52,0.52,0,81032000,-26788000,-48547000,7581000,87014000,21536000,19.66,23.19,16.13,0.0572,0.0272,7.89,2.62,78.64,0,0,0.4303,0.4868,0.0202,1.35,0.61,2.3144
2000-09-30,96737230,96737230,1,1599145000,905893000,872273000,449276000,726872000,0,0,262002000,322743000,586217000,-62821000,-62821000,-0.65,-0.65,0,-18316000,-95065000,58326000,-60474000,79433000,28337000,17.75,19.94,15.56,0.0332,0.0161,7.51,2.2,12.16,0,0,0.444,0.4545,0.0123,1.31,-0.48,2.0163
2000-07-01,96922874,96922874,1,1609039000,848040000,825885000,370854000,783154000,0,0,271251000,343368000,487297000,23983000,23983000,0.25,0.25,0,42580000,-40732000,-26711000,-24664000,139907000,17987000,16.78,20.31,13.25,0.189,0.097,8.08,2.11,11.57,0,0,0.4384,0.4867,0.0714,1.36,0.25,2.2867
2000-04-01,97047947,97047947,1,1620562000,852891000,848125000,406228000,772437000,0,0,277822000,342707000,466923000,31770000,31770000,0.32,0.32,0,8930000,-217456000,30582000,-180759000,164571000,33383000,17.16,20.25,14.06,0.196,0.1047,7.96,2.25,16.26,0,0,0.4437,0.4766,0.0734,1.43,-0.25,2.0995
2000-01-01,98671476,98671476,1,1419651000,898798000,665838000,235935000,753813000,0,0,76937000,356705000,510299000,32268000,32268000,0.33,0.33,0,191342000,-32684000,147348000,306006000,345330000,29945000,18.31,20.25,16.38,0.1482,0.084,7.64,2.5,18.77,0,0,0.4732,0.531,0.0539,1.56,1.64,3.8095
1999-10-02,99024776,99024776,1,1264322000,761186000,539356000,387562000,724966000,0,0,76014000,80000000,543885000,55349000,55349000,0.56,0.56,0,22929000,-46440000,21734000,-1777000,42353000,45268000,19.03,20.56,17.5,0.1428,None,7.32,2.79,20.79,0,0,0.1104,0.5734,0.052,1.66,-0.23,1.964
1999-07-03,99287716,99287716,1,1178684000,705191000,501501000,353210000,677183000,0,0,77209000,80000000,434421000,24110000,24110000,0.24,0.24,0,19488000,-21742000,1926000,-328000,44130000,13414000,21.56,24.63,18.5,0.1391,None,6.82,3.26,23.89,0,0,0.1181,0.5745,0.051,1.69,0.06,1.9965
1999-04-03,99603889,99603889,1,1104584000,679454000,445679000,347972000,658905000,0,0,0,44217000,445747000,-7431000,-7431000,None,None,0,-3816000,-92520000,119717000,23381000,44458000,46701000,21.5,24.88,18.13,None,None,6.62,3.21,None,0,0,0.0671,0.5965,None,None,-0.51,1.9526
1998-12-26,99674214,99674214,1,964094000,597726000,297758000,245857000,666336000,0,0,0,0,447530000,25351000,25351000,0.25,0.25,0,37059000,-22912000,-39600000,-25453000,21077000,22584000,20,24,16,None,None,6.69,3.11,None,0,None,0,0.6912,None,None,0.15,2.4312
1998-09-26,99674214,99674214,1,1015813000,671355000,374828000,328943000,640985000,0,0,0,0,474806000,49919000,49919000,0.5,0.5,0,1848000,-58187000,67696000,11357000,46530000,50857000,24.91,29.69,20.13,None,None,6.43,4.15,None,0,None,0,0.631,None,None,-0.49,2.0409
1998-06-27,99973042,99973042,1,842456000,558949000,242649000,201561000,599807000,0,0,0,0,358776000,22711000,22711000,None,None,0,3432000,-22610000,-4404000,-23582000,35173000,21550000,28.97,31,26.94,None,None,6,None,None,0,None,0,0.712,None,None,-0.18,2.7731
