"Quarter end","Shares","Shares split adjusted","Split factor","Assets","Current Assets","Liabilities","Current Liabilities","Shareholders equity","Non-controlling interest","Preferred equity","Goodwill & intangibles","Long-term debt","Revenue","Earnings","Earnings available for common stockholders","EPS basic","EPS diluted","Dividend per share","Cash from operating activities","Cash from investing activities","Cash from financing activities","Cash change during period","Cash at end of period","Capital expenditures","Price","Price high","Price low","ROE","ROA","Book value of equity per share","P/B ratio","P/E ratio","Cumulative dividends per share","Dividend payout ratio","Long-term debt to equity ratio","Equity to assets ratio","Net margin","Asset turnover","Free cash flow per share","Current ratio"
2013-03-31,134739756,134739756,1,8955277000,3053929000,4119274000,2137486000,4836003000,0,0,2893606000,1585312000,3520235000,135369000,134214000,1.01,1,0.125,222225000,-77192000,-12517000,132516000,1531678000,15871000,45.77,47.31,44.23,0.0958,0.0512,35.89,1.3,13.04,0.63,0.1517,0.3278,0.54,0.0321,1.58,1.53,1.4287
2012-12-31,134604569,134604569,1,8750988000,2882119000,4028073000,2045070000,4722915000,0,0,2910080000,1585190000,3445817000,119342000,118421000,0.88,0.88,0.13,249394000,-93643000,-18667000,137084000,1399162000,27989000,43.27,44.97,41.58,0.1038,0.0551,35.09,1.26,13.4,0.51,0.1431,0.3356,0.5397,0.0341,1.6,1.64,1.4093
2012-09-30,134503432,134503432,1,8706663000,2924610000,4080340000,2108114000,4626323000,0,0,2925568000,1585067000,3457783000,105259000,104224000,0.79,0.78,0.125,-260289000,10293000,-3897000,-253893000,1262078000,19946000,36.21,42.29,30.13,0.0978,0.0512,34.4,1.08,11.01,0.38,0.1145,0.3426,0.5314,0.0325,1.56,-2.08,1.3873
2012-06-30,133858595,133858595,1,8873443000,3103358000,4367160000,2402278000,4506283000,0,0,2941616000,1584945000,3517796000,91743000,90600000,0.65,0.65,0.125,61024000,2742000,-292778000,-229012000,1515971000,17612000,31.63,35.55,27.72,0.1025,0.0527,33.66,0.96,7.62,0.25,0.074,0.3517,0.5078,0.0351,1.49,0.32,1.2918
2012-03-31,142858289,142858289,1,9017819000,3118818000,4315121000,2360217000,4702698000,0,0,2968473000,1584823000,3691967000,170719000,168247000,1.21,1.2,0.125,420515000,-44340000,-210195000,165980000,1744983000,23517000,32.53,36.04,29.02,0.132,0.0676,32.92,1.02,8.82,0.13,0.0297,0.337,0.5215,0.0469,1.44,2.78,1.3214
2011-12-31,141194989,141194989,1,8813532000,2969508000,4302541000,2352155000,4510991000,0,0,2916367000,1584700000,3129156000,85696000,85696000,0.61,0.6,0,-269581000,-13428000,-124311000,-407320000,1579003000,8190000,29.67,33.56,25.78,0.1221,0.0615,31.95,0.95,7.2,0,0,0.3513,0.5118,0.0446,1.38,-1.97,1.2625
2011-09-30,144277685,144277685,1,9023896000,3226208000,4511301000,2494120000,4512595000,0,0,2943187000,1584578000,2975543000,122681000,122681000,0.85,0.84,0,484234000,-45342000,-98185000,340707000,1986323000,18900000,32.02,37.86,26.17,0.1391,0.0694,31.28,1.06,7.01,0,0,0.3511,0.5001,0.0503,1.38,3.23,1.2935
2011-06-30,148557269,148557269,1,8883993000,3172170000,4389171000,2373708000,4494822000,0,0,2951989000,1584456000,3033046000,224495000,224495000,1.53,1.51,0,157892000,-60258000,189451000,287085000,1645616000,15337000,33.37,36.99,29.75,0.1586,0.0786,30.26,1.16,10.87,0,0,0.3525,0.5059,0.0565,1.39,0.96,1.3364
2011-03-31,148222634,148222634,1,8603983000,2991479000,4334145000,2552169000,4269838000,0,0,2970672000,1365585000,3048938000,110233000,110233000,0.75,0.74,0,28614000,-482978000,-41093000,-495457000,1358531000,19658000,29.58,32.71,26.45,0.1103,0.0536,28.81,1.05,9.89,0,0,0.3198,0.4963,0.0383,1.4,0.06,1.1721
2010-12-31,149775281,149775281,1,8495585000,3034941000,4296419000,2282998000,4199166000,0,0,2982456000,1599396000,3025016000,150325000,150325000,1.02,1.03,0,51007000,802000,15592000,67401000,1853988000,21877000,23.9,27.44,20.35,0.1102,0.0531,28.04,0.87,8.85,0,0,0.3809,0.4943,0.0379,1.4,0.19,1.3294
2010-09-30,148489914,148489914,1,8384397000,2837267000,4328008000,2289405000,4056389000,0,0,2978232000,1599304000,2835781000,189945000,189945000,1.3,1.29,0,287273000,4458000,-558000,291173000,1786587000,18460000,19.38,22.14,16.61,0.103,0.0486,27.32,0.75,10.25,0,0,0.3943,0.4838,0.0334,1.46,1.81,1.2393
2010-06-30,148390177,148390177,1,8191788000,2620121000,4348298000,2320932000,3843490000,0,0,2995299000,1599211000,2868141000,1021000,1021000,0.01,0.01,0,120895000,5627000,-1351000,125171000,1495414000,10439000,21.56,25.53,17.59,0.0743,0.0342,25.9,0.84,10.78,0,0,0.4161,0.4692,0.0222,1.54,0.74,1.1289
2010-03-31,147938822,147938822,1,7990088000,2375844000,4170977000,2150287000,3819111000,0,0,3016790000,1599119000,2858978000,97325000,97325000,0.67,0.66,0,-186923000,138774000,-162000,-48311000,1370243000,12481000,24.55,27.27,21.82,0.0806,0.0364,25.82,0.98,14.97,0,0,0.4187,0.478,0.0224,1.62,-1.35,1.1049
2009-12-31,148014777,148014777,1,8166532000,2850158000,4453978000,2398433000,3712554000,0,0,3000977000,1599027000,3348877000,109079000,109079000,0.74,0.74,0,93000000,-235553000,-130740000,-273293000,1418554000,25528000,21.98,25.78,18.18,0.0676,0.0298,25.08,0.9,14.65,0,0,0.4307,0.4546,0.0174,1.71,0.46,1.1883
2009-09-30,147983317,147983317,1,8184878000,2965224000,4582229000,2440217000,3602649000,0,0,3026882000,1708935000,3444110000,70629000,70629000,0.48,0.48,0,310265000,-227542000,-103028000,-20305000,1691847000,11622000,21.14,24.84,17.45,0.063,0.0276,24.34,0.9,13.21,0,0,0.4744,0.4402,0.0163,1.69,2.02,1.2151
2009-06-30,149575318,149575318,1,8124059000,2899131000,4597993000,2374865000,3526066000,0,0,3135688000,1806842000,3536950000,18425000,18425000,0.13,0.12,0,120349000,98940000,-92229000,127060000,1712152000,10624000,16.2,20.1,12.29,0.0687,0.0304,23.57,0.69,7.98,0,0,0.5124,0.434,0.018,1.68,0.73,1.2208
2009-03-31,148433316,148433316,1,8102078000,2775079000,4601839000,2328454000,3500239000,0,0,3224550000,1902569000,3573589000,44168000,44168000,0.3,0.3,0,358229000,103650000,99000,461978000,1585092000,12549000,12.65,17.33,7.97,0.0888,0.04,23.58,0.55,4.98,0,0,0.5436,0.432,0.024,1.67,2.33,1.1918
2008-12-31,148294466,148294466,1,7727398000,2410490000,4296729000,2025775000,3430669000,0,0,3241193000,1902472000,3019849000,88241000,88241000,0.61,0.6,0,45670000,-414061000,433133000,64742000,1123114000,20820000,21.45,33.47,9.44,0.1145,0.0521,23.13,0.97,6.85,0,0,0.5545,0.444,0.0321,1.62,0.17,1.1899
2008-09-30,148976460,148976460,1,7171138000,1969271000,3864129000,1998872000,3307009000,0,0,3241964000,1472315000,2975285000,85474000,85474000,0.58,0.58,0,361902000,-97015000,-100608000,164279000,1058372000,16200000,33.69,39.36,28.01,0.1447,0.0665,22.2,1.5,9.28,0,0,0.4452,0.4612,0.0409,1.62,2.32,0.9852
2008-06-30,148118281,148118281,1,7130849000,1902898000,3814170000,1897070000,3316679000,0,0,3258832000,1472337000,2977904000,83151000,83151000,0.55,0.55,0,37602000,184400000,-240793000,-18791000,894093000,24197000,38.38,46.66,30.1,0.172,0.0772,22.39,1.77,9.5,0,0,0.4439,0.4651,0.05,1.55,0.09,1.0031
2008-03-31,151666759,151666759,1,7300277000,1872929000,4012932000,1896485000,3287345000,0,0,3246754000,1662119000,2940608000,125029000,125029000,0.82,0.81,0,182182000,-52121000,-162712000,-32651000,912884000,8154000,50.7,63.89,37.5,0.1988,0.0888,21.67,2.38,12.71,0,0,0.5056,0.4503,0.0595,1.49,1.15,0.9876
2007-12-31,154706723,154706723,1,7158791000,1846701000,3857312000,1749821000,3301479000,0,0,3163744000,1662021000,2787894000,184335000,184335000,1.19,1.19,0,-273254000,-453207000,-53340000,-779801000,945535000,30227000,59.39,62.72,56.06,0.204,0.0916,21.34,2.92,15.75,0,0,0.5034,0.4612,0.0634,1.45,-1.96,1.0554
2007-09-30,154880057,154880057,1,7473156000,2554006000,4326829000,2279816000,3146327000,0,0,3171608000,1661924000,2522648000,168716000,168716000,1.1,1.08,0,123100000,-784562000,701665000,40203000,1725336000,17850000,57.06,64,50.12,0.2005,0.0925,20.31,3.02,15.81,0,0,0.5282,0.421,0.0662,1.4,0.68,1.1203
2007-06-30,154851315,154851315,1,6411076000,2449106000,3480714000,2186862000,2930362000,0,0,2372469000,968563000,2332492000,151302000,151302000,0.98,0.96,0,246582000,-332863000,-139093000,-225374000,1685133000,10201000,58.66,61.28,56.04,0.1996,0.0972,18.92,3.16,16.81,0,0,0.3305,0.4571,0.0685,1.42,1.53,1.1199
2007-03-31,156333410,156333410,1,6295597000,2656339000,3397518000,2104738000,2898079000,0,0,2015600000,978526000,2236497000,121741000,121741000,0.78,0.76,0,483582000,27982000,28107000,539671000,1910507000,3029000,53.08,57.37,48.78,0.2,0.0992,18.54,2.87,15.3,0,0,0.3376,0.4603,0.0698,1.42,3.07,1.2621
2006-12-31,159475200,159475200,1,5665107000,2134382000,2712105000,1651989000,2953002000,0,0,2008672000,750500000,1940994000,156093000,156093000,0.98,0.97,0,315946000,-160820000,235000,155361000,1370836000,24895000,48.31,52.29,44.33,0.2063,0.1039,18.52,2.77,14.77,0,0,0.2541,0.5213,0.0724,1.43,1.83,1.292
2006-09-30,159354500,159354500,1,5358921000,1841138000,2583413000,1508025000,2775508000,0,0,2026255000,750500000,1909136000,147517000,147517000,0.93,0.92,0,89106000,208611000,13754000,311471000,1215475000,7558000,53.97,57.66,50.29,0.2028,0.102,17.42,3.31,17.08,0,0,0.2704,0.5179,0.0706,1.45,0.51,1.2209
2006-06-30,158897580,158897580,1,5284743000,1759431000,2694890000,1641617000,2589853000,0,0,2035021000,750500000,1944909000,135454000,135454000,0.86,0.84,0,170846000,169277000,-106136000,233987000,904004000,13360000,50.41,55.46,45.37,0.2042,0.1023,16.3,3.18,16.19,0,0,0.2898,0.4901,0.0709,1.44,0.99,1.0718
2006-03-31,160501887,160501887,1,5254181000,1643856000,2713839000,1647800000,2540342000,0,0,2044304000,760500000,1938717000,120981000,120981000,0.76,0.74,0,490573000,-70020000,-142182000,278371000,670017000,26760000,57.79,61.88,53.7,0.2084,0.1045,15.83,3.63,18.64,0,0,0.2994,0.4835,0.073,1.43,2.89,0.9976
2005-12-31,160320895,160320895,1,4895172000,1325702000,2340469000,1270227000,2554703000,0,0,2031742000,760500000,1718900000,126427000,126427000,0.79,0.77,0,115551000,-296962000,3222000,-178189000,391646000,31799000,54.94,60.31,49.57,0.2141,0.1064,15.93,3.69,17.9,0,0,0.2977,0.5219,0.0759,1.4,0.52,1.0437
2005-09-30,162464311,162464311,1,4730519000,1238921000,2309280000,1280507000,2421239000,0,0,1995577000,760500000,1674189000,133065000,133065000,0.83,0.81,0,247215000,-136842000,-111402000,-1029000,569835000,14047000,51.2,58.07,44.33,0.2327,0.1145,14.9,3.65,17.66,0,0,0.3141,0.5118,0.0744,1.54,1.44,0.9675
2005-06-30,107890413,161835619,1.5,4639026000,1203823000,2367989000,1230198000,2271037000,0,0,2016594000,878000000,1652957000,129496000,129496000,1.22,1.19,0,224438000,176141000,-148180000,252399000,570864000,9837000,45.25,48.39,42.11,0.2509,0.1221,14.03,3.43,16.6,0,0,0.3866,0.4896,0.071,1.72,1.33,0.9786
2005-03-31,107376950,161065425,1.5,4596894000,1132875000,2473599000,1220258000,2123295000,0,0,2020776000,998000000,1565200000,112651000,112651000,1.12,1.09,0,217265000,-963403000,646967000,-99171000,318465000,15710000,39.99,45.77,34.21,0.2759,0.1333,13.18,5.3,15.7,0,0,0.47,0.4619,0.0672,1.98,1.25,0.9284
2004-12-31,107006167,160509250,1.5,2340600000,973027000,1128174000,931820000,1212426000,0,0,319106000,170500000,1384180000,91766000,91766000,1.03,1.11,0,106587000,-94862000,7058000,18783000,417636000,7160000,30.41,36.17,24.66,0.3175,0.155,7.55,3.71,13.07,0,0,0.1406,0.518,0.0635,2.44,0.62,1.0442
2004-09-30,89760111,134640166,1.5,2217794000,874125000,1113701000,917136000,1104093000,0,0,307482000,170500000,1329816000,87022000,87022000,0.99,0.96,0,101980000,-4848000,-1621000,95511000,398853000,4648000,33.27,36.2,30.33,0.318,0.1511,8.2,4.45,15.26,0,0,0.1544,0.4978,0.0612,2.47,0.72,0.9531
2004-06-30,89554959,134332438,1.5,2111171000,736882000,1107964000,915813000,1003207000,0,0,308108000,170500000,1310006000,84002000,84002000,0.96,0.93,0,118189000,-83841000,-2440000,31908000,303342000,2442000,30.46,33.73,27.19,0.3187,0.1464,7.47,4.37,15.03,0,0,0.17,0.4752,0.0594,2.46,0.86,0.8046
2004-03-31,88642461,132963691,1.5,2028294000,570935000,1101221000,897173000,927073000,0,0,308757000,170500000,1287967000,74327000,74327000,0.85,0.82,0,127149000,-25258000,-83788000,18103000,271434000,722000,28.2,30.06,26.33,0.3153,0.1412,6.97,4.03,15.25,0,0,0.1839,0.4571,0.0578,2.44,0.95,0.6364
2003-12-31,88622550,132933825,1.5,1981736000,533967000,1052738000,854880000,928998000,0,0,308630000,170500000,1223305000,69688000,69688000,0.82,0.78,0,85110000,-123851000,3244000,-35497000,253331000,6451000,26.27,29.23,23.31,0.3067,0.1334,6.99,4.18,16.19,0,0,0.1835,0.4688,0.0552,2.42,0.59,0.6246
2003-09-30,60073261,135164837,2.25,1954968000,592195000,1105183000,907724000,849785000,0,0,321363000,170500000,1149989000,67523000,67523000,1.14,1.11,0,93833000,-31062000,-4048000,58723000,288828000,1761000,22.73,25,20.45,0.2965,0.1233,6.29,3.91,15.98,0,0,0.2006,0.4347,0.0519,2.38,0.68,0.6524
2003-06-30,59875852,134720667,2.25,1822856000,493086000,1040278000,837807000,782578000,0,0,282856000,175000000,1096431000,63427000,63427000,1.08,1.05,0,84654000,-108064000,3034000,-20376000,230105000,3727000,17.41,20.62,14.19,0.2795,0.114,5.81,3.3,14.24,0,0,0.2236,0.4293,0.0484,2.36,0.6,0.5885
2003-03-31,58990689,132729050,2.25,1742705000,497120000,1041868000,844820000,700837000,0,0,283417000,175000000,1065418000,49507000,49507000,0.85,0.83,0,59519000,2294000,1900000,63713000,250481000,1433000,12.95,14.62,11.27,0.2586,0.1024,5.28,2.65,12.29,0,0,0.2497,0.4022,0.0439,2.33,0.44,0.5884
2002-12-31,58800208,132300468,2.25,1643440000,424275000,997403000,800712000,646037000,0,0,269433000,175000000,946290000,40378000,40378000,0.68,0.66,0,89573000,-41949000,-34282000,13342000,186768000,4096000,14.27,16.69,11.85,0.2407,0.0934,4.88,3,15.22,0,0,0.2709,0.3931,0.0407,2.3,0.65,0.5299
2002-09-30,59888922,134750074,2.25,1578247000,417502000,938249000,740817000,639998000,0,0,269235000,175000000,891953000,40185000,40185000,0.68,0.66,0,53721000,-55027000,-21840000,-23146000,173426000,2778000,12.66,14.99,10.33,0.208,0.0848,4.75,2.89,16.09,0,0,0.2734,0.4055,0.0372,2.28,0.38,0.5636
2002-06-30,59942842,134871394,2.25,1544538000,493758000,953493000,763061000,591045000,0,0,269886000,175000000,890113000,36601000,36601000,0.62,0.6,0,43637000,-100076000,457000,-55982000,196572000,3867000,13.21,15.2,11.21,0.1759,0.0748,4.38,3.23,20.22,0,0,0.2961,0.3827,0.0327,2.29,0.29,0.6471
2002-03-31,58906626,132539908,2.25,1467148000,518251000,924483000,738967000,542665000,0,0,262272000,175000000,848549000,28439000,28439000,0.47,0.45,0,21834000,-77948000,-3696000,-59810000,252554000,2292000,10.48,12.17,8.8,0.1473,0.0665,4.09,2.01,18,0,0,0.3225,0.3699,0.0288,2.31,0.15,0.7013
2001-12-31,58681606,132033613,2.25,1451273000,578518000,762194000,751545000,689079000,0,0,262111000,0,814453000,22870000,22870000,0.36,0.4,0,74475000,1380000,190000,76045000,312364000,6351000,9.22,10.31,8.13,0.1294,0.0621,5.22,2.04,17,0,0,0,0.4748,0.0268,2.32,0.52,0.7698
2001-09-30,65562957,147516653,2.25,1393594000,527496000,724849000,713395000,668745000,0,0,265403000,0,794682000,21650000,21650000,0.33,0.32,0,35694000,-35534000,1930000,2090000,236319000,1875000,9.66,11.28,8.04,0.1308,0.0632,4.53,2.23,19.23,0,0,0,0.4799,0.027,2.34,0.23,0.7394
2001-06-30,65296586,146917318,2.25,1307620000,493454000,671676000,664937000,635944000,0,0,264351000,0,786699000,20418000,20418000,0.32,0.3,0,25326000,-40150000,95000,-14729000,234229000,2043000,7.86,9.15,6.57,0.1282,0.0617,4.33,1.86,17,0,0,0,0.4863,0.0262,2.35,0.16,0.7421
2001-03-31,64743698,145673320,2.25,1282584000,514974000,666429000,658559000,616155000,0,0,262623000,0,751411000,19469000,19469000,0.3,0.29,0,46077000,-44455000,-8893000,-7271000,248958000,1602000,8.42,10.72,6.11,0.1231,0.058,4.23,2.06,20.37,0,0,0,0.4804,0.0252,2.3,0.31,0.782
2000-12-31,65359766,147059473,2.25,1239036000,506500000,638606000,632163000,600430000,0,0,261840000,0,718689000,20938000,20938000,0.34,0.31,0,86041000,-6257000,3123000,82907000,256229000,2258000,9.82,12.97,6.67,0.116,0.0535,4.08,2.5,25.99,0,0,0,0.4846,0.0235,2.27,0.57,0.8012
2000-09-30,59413477,133680323,2.25,1116587000,435497000,548371000,526066000,568216000,0,42358000,265801000,0,647617000,15406000,15406000,0.26,0.23,0,-23338000,-7091000,1611000,-28818000,173322000,7227000,6.75,7.84,5.67,0.1111,0.05,3.93,1.79,19.22,0,0,0,0.471,0.0225,2.22,-0.23,0.8278
2000-06-30,59102943,132981621,2.25,1127730000,483183000,578246000,545758000,549484000,0,47095000,265848000,0,621194000,13254000,13254000,0.23,0.21,0,23606000,-62160000,599000,-37955000,202140000,2922000,5.15,6.5,3.8,0.1029,0.0471,3.78,1.39,15.87,0,0,0,0.4455,0.0218,2.16,0.16,0.8853
2000-03-31,58558772,131757237,2.25,1106579000,481699000,572442000,541181000,534137000,0,47095000,267911000,0,617410000,11742000,11742000,0.2,0.18,0,19133000,-14282000,-4832000,19000,240095000,3617000,3.56,4.03,3.08,0.0969,0.0446,3.7,0.98,11.61,0,0,0,0.4401,0.0208,2.14,0.12,0.8901
1999-12-31,59027084,132810939,2.25,1081583000,483405000,554103000,522886000,527480000,0,47095000,268289000,0,572804000,15015000,15015000,0.25,0.23,0,55629000,-1198000,236000,54667000,240076000,5718000,2.9,3.53,2.28,0.0918,0.042,3.62,0.76,11.65,0,0,0,0.4441,0.0201,2.09,0.38,0.9245
1999-09-30,59213414,133230181,2.25,1014997000,412105000,503785000,464075000,511212000,0,0,265341000,0,529889000,10970000,10970000,0.19,0.17,0,24345000,-84458000,1909000,-58204000,185409000,3263000,4.67,5.11,4.22,0.075,0.0335,3.84,1.36,21.89,0,0,0,0.5037,0.0158,2.12,0.16,0.888
1999-06-30,59078766,132927223,2.25,997728000,458494000,541194000,456867000,456534000,0,0,268927000,42358000,531831000,9157000,9157000,0.16,0.15,0,-44250000,-92702000,630000,-136322000,243613000,2815000,4.89,6.61,3.17,0.065,None,3.43,1.46,None,0,0,0.0928,0.4576,0.0127,2.13,-0.35,1.0036
1999-03-31,58861191,132437679,2.25,1040684000,548497000,596426000,507133000,444258000,0,0,292244000,47246000,527848000,8293000,8293000,0.14,0.14,0,-46854000,21468000,-2000,-25388000,383435000,2921000,4.2,5.06,3.33,-0.0188,None,3.35,1.27,None,0,None,0.1063,0.4269,None,2.14,-0.38,1.0816
1998-12-31,58847894,132407761,2.25,1090593000,591045000,654054000,565853000,436539000,0,0,295966000,46358000,603092000,6240000,6240000,0.1,0.1,0,45673000,98036000,-44967000,98742000,408823000,-5013000,3.31,4.56,2.06,None,None,3.3,1.02,None,0,None,0.1062,0.4003,None,None,0.38,1.0445
1998-09-30,58831515,132370908,2.25,1111968000,526844000,680013000,607286000,431955000,0,0,371998000,45414000,593278000,5068000,5068000,0.09,0.09,0,37164000,-9414000,3114000,30864000,310081000,3639000,4.42,7.11,1.72,None,None,3.26,1.38,None,0,None,0.1051,0.3885,None,None,0.25,0.8675
1998-06-30,58633933,131926349,2.25,1061147000,476376000,637248000,575082000,423899000,0,0,371630000,43971000,583804000,-27756000,-27756000,-0.47,-0.47,0,-9369000,147699000,-1910000,136420000,279217000,2738000,7.08,8.5,5.67,None,None,3.21,7.45,None,0,None,0.1037,0.3995,None,None,-0.09,0.8284
1998-03-31,58457267,131528850,2.25,460182000,223463000,335787000,286070000,124395000,0,0,107757000,43690000,330209000,4707000,4707000,0.14,0.13,0,-5189000,-6885000,892000,-11182000,142797000,1872000,7.03,8.56,5.5,None,None,0.95,None,None,0,None,0.3512,0.2703,None,None,-0.05,0.7811
