"Quarter end","Shares","Shares split adjusted","Split factor","Assets","Current Assets","Liabilities","Current Liabilities","Shareholders equity","Non-controlling interest","Preferred equity","Goodwill & intangibles","Long-term debt","Revenue","Earnings","Earnings available for common stockholders","EPS basic","EPS diluted","Dividend per share","Cash from operating activities","Cash from investing activities","Cash from financing activities","Cash change during period","Cash at end of period","Capital expenditures","Price","Price high","Price low","ROE","ROA","Book value of equity per share","P/B ratio","P/E ratio","Cumulative dividends per share","Dividend payout ratio","Long-term debt to equity ratio","Equity to assets ratio","Net margin","Asset turnover","Free cash flow per share","Current ratio"
2019-03-31,268597251,268597251,1,29574000000,9066000000,17849000000,9453000000,11402000000,323000000,0,13545000000,5470000000,5280000000,274000000,274000000,1.02,1,0.19,748000000,109000000,-480000000,424000000,2899000000,476000000,60.78,69.45,52.12,0.1108,0.0432,42.45,1.48,11.23,38.12,0.166,0.4797,0.3855,0.0606,0.71,1.01,0.9591
2018-12-31,268271187,268271187,1,28871000000,8522000000,17515000000,8522000000,11022000000,334000000,0,14363000000,5980000000,5178000000,462000000,462000000,1.68,1.66,0.19,150000000,44000000,-497000000,-305000000,2475000000,-265000000,71.92,94.65,49.19,0.13,0.0511,41.09,1.75,11.19,37.93,0.1354,0.5426,0.3818,0.0709,0.72,1.55,1
2018-09-30,280113621,280113621,1,28882000000,8815000000,17045000000,8514000000,11500000000,337000000,0,14019000000,5409000000,5013000000,262000000,262000000,0.93,0.92,0.19,412000000,200000000,-386000000,201000000,2780000000,183000000,88.21,96.75,79.67,0.1507,0.0592,41.05,2.16,13.8,37.74,0.1127,0.4703,0.3982,0.0815,0.73,0.82,1.0354
2018-06-30,281160730,281160730,1,29126000000,8816000000,17312000000,9314000000,11472000000,342000000,0,14350000000,4747000000,5282000000,259000000,259000000,0.91,0.9,0.19,473000000,-284000000,-300000000,-150000000,2579000000,201000000,91.48,105.02,77.95,0.1483,0.057,40.8,1.93,15.15,37.55,0.1121,0.4138,0.3939,0.0774,0.74,0.97,0.9465
2018-03-31,284792350,284792350,1,33921000000,9617000000,20084000000,9852000000,13487000000,350000000,0,17743000000,7060000000,6294000000,560000000,560000000,1.96,1.93,0.18,701000000,-246000000,-754000000,-278000000,2648000000,-396000000,99.73,107.85,91.61,0.1388,0.0531,47.36,2.22,23.09,37.36,0.1172,0.5235,0.3976,0.0713,0.74,3.85,0.9761
2017-12-31,285687865,285687865,1,33582000000,9521000000,20380000000,9638000000,12837000000,365000000,0,17247000000,6367000000,6186000000,776000000,776000000,2.72,2.68,0.18,999000000,-224000000,-515000000,255000000,2926000000,197000000,92.14,99.44,84.85,0.1257,0.046,44.93,2.16,52.95,37.18,0.1422,0.496,0.3823,0.0606,0.76,2.81,0.9879
2017-09-30,285268745,285268745,1,33176000000,9440000000,20669000000,9437000000,12140000000,367000000,0,17162000000,6325000000,6163000000,256000000,256000000,0.9,0.88,0.18,1009000000,-422000000,-453000000,154000000,2671000000,235000000,80.97,86.29,75.64,0.0656,0.0226,42.56,1.92,114.04,37,0.3081,0.521,0.3659,0.0291,0.78,2.71,1.0003
2017-06-30,284689520,284689520,1,31216000000,9575000000,18871000000,8091000000,12005000000,340000000,0,15624000000,6249000000,5913000000,159000000,159000000,0.56,0.55,0.18,534000000,859000000,-168000000,1254000000,2517000000,130000000,74.3,80.83,67.76,0.0411,0.0129,42.17,5.5,None,36.82,0.5998,0.5205,0.3846,0.0158,0.81,1.42,1.1834
2016-12-30,141046304,141046304,1,8302000000,3048000000,6108000000,2656000000,1906000000,288000000,0,3564000000,2217000000,1917000000,31000000,31000000,0.22,0.21,0.14,563000000,-104000000,-304000000,57000000,1111000000,95000000,56.88,63.34,50.41,-0.0474,-0.0112,13.51,3.93,None,36.64,None,1.1632,0.2296,None,0.89,3.32,1.1476
2016-09-30,140815153,140815153,1,8819000000,3326000000,6494000000,2701000000,2041000000,284000000,0,3725000000,2506000000,1871000000,15000000,15000000,0.11,0.1,0.14,192000000,-172000000,22000000,54000000,1054000000,145000000,49.41,53.46,45.37,-0.0398,-0.0098,14.49,3.53,102.94,36.5,None,1.2278,0.2314,None,0.88,0.33,1.2314
2016-07-01,140427072,140427072,1,8857000000,3404000000,6628000000,2763000000,1968000000,261000000,0,3713000000,2543000000,1930000000,-21000000,-21000000,-0.15,-0.15,0.14,50000000,-549000000,354000000,-178000000,1000000000,116000000,42.53,52.55,32.51,0.0303,0.0081,14.01,2.91,24.03,36.36,63.3412,1.2922,0.2222,0.0085,0.95,-0.47,1.232
2016-04-01,138523516,138523516,1,7736000000,3412000000,5704000000,2608000000,2025000000,7000000,0,2605000000,2003000000,1807000000,-119000000,-119000000,-0.86,-0.86,0.14,107000000,-450000000,-296000000,-652000000,1178000000,635000000,29.38,34.49,24.27,0.098,0.028,14.62,1.83,10.92,36.22,17.7133,0.9891,0.2618,0.0278,1.01,-3.81,1.3083
2016-01-01,138066691,138066691,1,7989000000,3861000000,5766000000,2586000000,2216000000,7000000,0,2264000000,1909000000,1750000000,43000000,43000000,0.31,0.3,31.6,254000000,-249000000,24000000,12000000,1830000000,105000000,50.33,71.15,29.51,0.136,0.0396,16.05,2.32,314.56,36.08,11.7634,0.8615,0.2774,0.0374,1.06,1.08,1.493
2015-10-02,138783908,138783908,1,10013000000,4445000000,6967000000,3377000000,3017000000,29000000,0,3158000000,1716000000,2712000000,167000000,167000000,1.21,1.19,0.23,117000000,-397000000,-35000000,-381000000,1818000000,188000000,63.67,68.57,58.77,0.0072,0.0021,21.74,2.95,6367,4.48,5.8111,0.5688,0.3013,0.0019,1.11,-0.51,1.3163
2015-07-03,138331545,138331545,1,10116000000,4796000000,7102000000,3533000000,2990000000,24000000,0,2891000000,1707000000,2761000000,160000000,160000000,1.16,1.14,0.23,324000000,-84000000,-178000000,101000000,2199000000,72000000,67.42,71,63.85,0.0019,0.0006,21.61,3.18,None,4.25,21.3727,0.5709,0.2956,0.0005,1.13,1.82,1.3575
2015-04-03,137679779,137679779,1,10201000000,4905000000,7252000000,3601000000,2921000000,28000000,0,2897000000,1980000000,2909000000,9000000,9000000,0.07,0.06,0.23,290000000,-137000000,-359000000,-295000000,2098000000,513000000,66.55,73.29,59.8,-0.0023,-0.0007,21.22,2.82,24.03,4.02,None,0.6779,0.2863,None,1.14,-1.62,1.3621
2015-01-02,141046567,141046567,1,10653000000,5186000000,7298000000,3190000000,3330000000,25000000,0,2930000000,2170000000,2947000000,-314000000,-314000000,-2.23,-2.23,0.23,653000000,-101000000,-23000000,470000000,2393000000,106000000,60.61,66.99,54.23,0.1151,0.0391,23.61,2.31,10.2,3.79,0.2956,0.6517,0.3126,0.0342,1.14,3.88,1.6257
2014-10-03,140490619,140490619,1,10573000000,5076000000,6854000000,3020000000,3687000000,32000000,0,3005000000,2214000000,3080000000,151000000,151000000,1.05,1.04,0.23,217000000,-184000000,-475000000,-517000000,1923000000,134000000,60.85,65.52,56.19,0.2313,0.0794,26.24,2.2,9.75,3.56,0.1399,0.6005,0.3487,0.0688,1.15,0.59,1.6808
2014-07-04,145064452,145064452,1,11420000000,5649000000,7382000000,3411000000,4011000000,27000000,0,3054000000,2194000000,3237000000,146000000,146000000,1,0.98,0.23,273000000,-114000000,-181000000,-3000000,2440000000,115000000,61.09,64.72,57.46,0.2517,0.0836,27.65,2.26,9.73,3.33,0.129,0.547,0.3512,0.0722,1.16,1.09,1.6561
2014-03-28,144870144,144870144,1,11389000000,5628000000,7445000000,3462000000,3912000000,32000000,0,3017000000,2540000000,3323000000,447000000,447000000,3.06,2.98,0.2,548000000,-189000000,-206000000,159000000,2443000000,761000000,58.51,64.1,52.92,0.2711,0.0856,27,2.31,11.43,3.1,0.1236,0.6493,0.3435,0.0729,1.17,-1.47,1.6256
2013-12-27,145692424,145692424,1,11226000000,5408000000,7501000000,3382000000,3698000000,27000000,0,3039000000,2184000000,3228000000,141000000,141000000,0.96,0.94,0.2,529000000,-301000000,-44000000,189000000,2284000000,167000000,51.35,55.91,46.8,0.2367,0.0708,25.38,2.31,6.89,2.9,0.1513,0.5906,0.3294,0.0597,1.19,2.48,1.5991
2013-09-27,147210799,147210799,1,10773000000,5327000000,7465000000,2837000000,3270000000,38000000,0,2745000000,2448000000,3187000000,203000000,203000000,1.37,1.34,0.2,270000000,25000000,-142000000,166000000,2095000000,149000000,49.39,54.8,43.99,0.3595,0.1042,22.21,2.36,7.12,2.7,0.1041,0.7486,0.3035,0.0844,1.23,0.82,1.8777
2013-06-28,147688288,147688288,1,10866000000,5360000000,7754000000,3079000000,3093000000,19000000,0,2755000000,2461000000,3260000000,156000000,156000000,1.04,1.02,0.2,213000000,-101000000,-207000000,-125000000,1929000000,168000000,46.34,50.26,42.43,0.3478,0.0957,20.94,2.22,7.5,2.5,0.1127,0.7957,0.2846,0.0753,1.27,0.3,1.7408
2013-03-29,150228623,150228623,1,11251000000,5673000000,8091000000,3349000000,3135000000,25000000,0,2863000000,2877000000,3401000000,281000000,281000000,1.84,1.82,0.2,41000000,-18000000,-156000000,-144000000,2054000000,687000000,44.81,50.59,39.02,0.3211,0.0853,20.87,2.09,13.42,2.3,0.1279,0.9177,0.2786,0.0641,1.33,-4.3,1.6939
2012-12-28,153483884,153483884,1,11260000000,5618000000,7943000000,3287000000,3297000000,20000000,0,2931000000,2398000000,3781000000,510000000,510000000,3.29,3.27,0.2,413000000,840000000,-902000000,348000000,2198000000,156000000,35.39,40.63,30.15,0.1797,0.0464,21.48,1.92,None,2.1,0.2373,0.7273,0.2928,0.0332,1.4,1.67,1.7092
2012-09-28,155368699,155368699,1,11649000000,5468000000,8764000000,4015000000,2863000000,22000000,0,3205000000,2399000000,3854000000,130000000,130000000,0.84,0.83,0.2,444000000,-187000000,566000000,850000000,1850000000,166000000,28.47,34.74,22.19,-0.4789,-0.1229,18.43,1.65,None,1.9,None,0.8379,0.2458,None,1.4,1.79,1.3619
2012-06-29,155330902,155330902,1,10926000000,4799000000,8198000000,4409000000,2678000000,50000000,0,3180000000,1461000000,3957000000,40000000,40000000,0.26,0.26,0.2,221000000,-179000000,-97000000,-93000000,1000000000,199000000,26.69,30.28,23.1,None,-0.3769,17.24,1.49,None,1.7,None,0.5456,0.2451,None,1.36,0.14,1.0885
2012-03-30,155201837,155201837,1,11189000000,4883000000,8355000000,4536000000,2779000000,55000000,0,3256000000,1899000000,4114000000,-158000000,-158000000,-1.02,-1.02,0.2,496000000,-220000000,-110000000,195000000,1093000000,1046000000,28.53,33.8,23.27,-0.9241,-0.3261,17.91,1.39,None,1.5,None,0.6833,0.2484,None,1.22,-3.54,1.0765
2011-12-30,155074995,155074995,1,11098000000,4671000000,7852000000,3392000000,3190000000,56000000,0,3248000000,2470000000,3764000000,-1390000000,-1390000000,-8.96,-8.96,0.2,720000000,-185000000,-590000000,-80000000,898000000,446000000,27.96,33.12,22.8,-0.678,-0.2748,20.57,0.93,None,1.3,None,0.7743,0.2874,None,1.12,1.77,1.3771
2011-09-30,155060761,155060761,1,13321000000,6676000000,8585000000,4074000000,4679000000,57000000,0,3396000000,2478000000,3966000000,-2877000000,-2877000000,-18.56,-18.56,0.2,6000000,-569000000,-75000000,-688000000,978000000,140000000,32,38.41,25.6,-0.3371,-0.1481,30.18,0.64,6.41,1.1,None,0.5296,0.3512,None,1.05,-0.86,1.6387
2011-07-01,155049198,155049198,1,16429000000,7780000000,8658000000,4233000000,7713000000,58000000,0,5481000000,2418000000,4033000000,183000000,183000000,1.18,1.17,0.2,-46000000,-334000000,194000000,-171000000,1666000000,161000000,43.86,51.43,36.3,0.1063,0.0479,49.75,0.91,9.27,0.9,0.149,0.3135,0.4695,0.0483,0.99,-1.34,1.8379
2011-04-01,154954273,154954273,1,16120000000,7557000000,8560000000,4178000000,7504000000,56000000,0,5418000000,2409000000,4117000000,171000000,171000000,1.1,1.1,0.2,760000000,-157000000,-413000000,208000000,1837000000,1113000000,51.03,56.61,45.45,0.1052,0.0457,48.43,1.1,9.63,0.7,0.1464,0.321,0.4655,0.0461,0.99,-2.28,1.8088
2010-12-31,155090200,155090200,1,15756000000,7465000000,8534000000,4192000000,7167000000,55000000,0,5097000000,2343000000,4008000000,242000000,242000000,1.57,1.54,0.2,462000000,-277000000,-1216000000,-1028000000,1629000000,230000000,47.22,50.01,44.44,0.1223,0.0508,46.21,1.05,9.22,0.5,0.0934,0.3269,0.4549,0.0512,0.99,1.5,1.7808
2010-10-01,154484208,154484208,1,16887000000,8607000000,9853000000,3979000000,6971000000,63000000,0,5271000000,3835000000,3975000000,184000000,184000000,1.19,1.18,0.15,402000000,-205000000,-49000000,222000000,2657000000,240000000,43.39,47.18,39.61,0.1202,0.0486,45.12,1.03,8.13,0.3,0.0581,0.5501,0.4128,0.0495,0.98,1.05,2.1631
2010-07-02,154384792,154384792,1,16047000000,8149000000,9495000000,3771000000,6494000000,58000000,0,5059000000,3735000000,3942000000,143000000,143000000,0.93,0.91,0.15,-60000000,-253000000,2000000,-349000000,2435000000,249000000,49.95,55.86,44.04,0.1281,0.0511,42.06,1.2,9.46,0.15,0.0279,0.5751,0.4047,0.0513,1,-2,2.161
2010-04-02,154240124,154240124,1,16455000000,8422000000,9947000000,4122000000,6446000000,62000000,0,5019000000,3669000000,4236000000,259000000,259000000,1.7,1.67,0,1236000000,-276000000,-601000000,357000000,2784000000,278000000,54.25,58,50.51,0.1288,0.0506,41.79,1.26,8.86,0,0,0.5692,0.3917,0.0507,1,6.21,2.0432
2010-01-01,153615200,153615200,1,16196000000,8297000000,9516000000,3562000000,6621000000,59000000,0,5041000000,4176000000,3953000000,211000000,211000000,1.38,1.36,0,132000000,-228000000,105000000,20000000,2427000000,295000000,54.17,58.36,49.99,0.1539,0.059,43.1,1.31,9.31,0,0,0.6307,0.4088,0.0588,1,-1.06,2.3293
2009-10-02,152418908,152418908,1,16137000000,8155000000,9757000000,3791000000,6320000000,60000000,0,5075000000,4175000000,4041000000,216000000,216000000,1.42,1.4,0,572000000,-128000000,23000000,487000000,2407000000,181000000,47.69,53.7,41.68,0.1515,0.0565,41.46,1.21,6.47,0,0,0.6606,0.3916,0.0556,1.02,2.57,2.1511
2009-07-03,151699458,151699458,1,15811000000,7784000000,9728000000,3828000000,5989000000,94000000,0,5044000000,4176000000,3898000000,131000000,131000000,0.86,0.85,0,-297000000,-158000000,-14000000,-377000000,1920000000,173000000,40.55,45.16,35.95,0.1965,0.0725,39.48,1.11,5.55,0,0,0.6973,0.3788,0.0695,1.04,-3.1,2.0334
2009-04-03,151501103,151501103,1,15618700000,7707200000,10108800000,4016200000,5509900000,0,0,4943400000,4172600000,4111700000,382300000,382300000,2.53,2.51,0,1058000000,-199700000,-210500000,624200000,2297300000,142000000,36,40.88,31.11,0.198,0.0719,36.37,0.96,5.9,0,0,0.7573,0.3528,0.0666,1.08,6.05,1.919
2009-01-02,151499950,151499950,1,15453200000,7421900000,9778000000,4002400000,5675200000,0,0,5060700000,4158000000,3952400000,160600000,160600000,1.06,1.06,0,583400000,-281500000,665400000,931500000,1673100000,194600000,32.11,40.3,23.93,0.1627,0.0588,37.46,0.85,5.27,0,0,0.7327,0.3673,0.0534,1.1,2.57,1.8544
2008-10-03,151483019,151483019,1,15177900000,6813700000,9439000000,5079000000,5738900000,0,0,3867600000,2665100000,4238700000,451700000,451700000,2.98,2.95,0,401000000,-228300000,-11600000,126000000,741600000,167100000,43.95,49.37,38.52,0.1669,0.0601,37.88,1.19,12.31,0,0,0.4644,0.3781,0.0539,1.12,1.54,1.3415
2008-07-04,151342152,151342152,1,15801600000,7010200000,10198000000,5637800000,5603600000,0,0,4022500000,2665600000,4437100000,120600000,120600000,0.8,0.79,0,-56000000,-328500000,298800000,-83300000,615600000,195000000,44.26,50.52,37.99,0.1,0.0359,37.03,1.22,13.06,0,0,0.4757,0.3546,0.0326,1.1,-1.66,1.2434
2008-03-28,151139288,151139288,1,15774800000,6923200000,10313000000,5590300000,5461800000,0,0,3975200000,2635300000,4484400000,181700000,181700000,1.27,1.3,0,844400000,-559600000,-182200000,109800000,698900000,232400000,43.2,49.5,36.91,0.0978,0.0357,36.14,1.23,12.45,0,0,0.4825,0.3462,0.033,1.08,4.05,1.2384
2007-12-28,158698789,158698789,1,15361500000,6991100000,9810300000,5046400000,5551200000,0,0,3697400000,2515100000,4160000000,179000000,179000000,1.07,1.05,0,590300000,-278700000,-212900000,98300000,589100000,210900000,54.61,60,49.21,0.1087,0.0412,34.98,1.58,17.79,0,0,0.4531,0.3614,0.0378,1.09,2.39,1.3854
2007-09-28,163638116,163638116,1,15118700000,6696900000,9456700000,4685200000,5662000000,0,0,3687000000,2511800000,4017200000,75800000,75800000,0.44,0.43,0,313900000,-1636700000,-25800000,-1338600000,490800000,243300000,55.36,63.76,46.95,0.0941,0.0383,34.6,1.62,17.46,0,0,0.4436,0.3745,0.0349,1.1,0.43,1.4294
2007-06-29,163638116,163638116,1,14769400000,7760100000,9166900000,4496200000,5602500000,0,0,2516600000,2496700000,3837900000,108100000,108100000,0.62,0.61,0,-405700000,-243700000,1418800000,779300000,1829400000,190000000,55.77,60,51.55,0.0955,0.0412,34.24,1.75,24.57,0,0,0.4456,0.3793,0.037,1.11,-3.64,1.7259
2007-03-30,173993039,173993039,1,13740200000,6701500000,8200200000,5656100000,5540000000,0,0,2500100000,1412200000,4056600000,244400000,244400000,1.39,1.38,0,1041400000,-234400000,-489100000,324100000,1050100000,276300000,53.31,56.25,50.38,0.0656,0.0302,31.84,1.47,27.2,0,0,0.2549,0.4032,0.0267,1.13,4.4,1.1848
2006-12-29,173215807,173215807,1,13120700000,6173900000,6843300000,4616700000,6277400000,0,0,2491600000,1421800000,3636900000,114800000,114800000,0.67,0.65,0,469200000,-353800000,-96400000,22800000,726000000,188700000,50.8,54.13,47.48,0.0554,0.0272,36.24,1.45,21.26,0,0,0.2265,0.4784,0.024,1.13,1.62,1.3373
2006-09-29,173215907,173215907,1,12796800000,6014800000,6741400000,4519000000,6055400000,0,0,2369600000,1425500000,3605200000,93400000,93400000,0.54,0.53,0,280400000,-197200000,-385000000,-304800000,703200000,162500000,50.02,53.8,46.23,0.0687,0.0343,34.96,1.35,20.93,0,0,0.2354,0.4732,0.0302,1.14,0.68,1.331
2006-06-30,171721159,171721159,1,13041000000,6271100000,6693400000,4559000000,6347600000,0,0,2339500000,1397300000,3556200000,-55300000,-55300000,-0.29,-0.29,0,-212400000,-87300000,15000000,-282700000,1008000000,199400000,54.33,60.39,48.26,0.069,0.0352,36.96,1.51,16.07,0,0,0.2201,0.4867,0.0306,1.15,-2.4,1.3755
2006-03-31,187814080,187814080,1,12943300000,6305900000,6171400000,4141100000,6771900000,0,0,2306300000,1376800000,3883500000,199400000,199400000,1.06,1.07,0,744900000,-223200000,-9000000,517500000,1290700000,197500000,53.55,59.09,48.01,0.0985,0.0508,36.06,1.53,12.03,0,0,0.2033,0.5232,0.0434,1.17,2.91,1.5228
2005-12-30,186496142,186496142,1,12623800000,5911100000,6115500000,3942000000,6508300000,0,0,2293200000,1321600000,3577000000,203500000,203500000,1.1,1.08,0,565900000,-278300000,81000000,368600000,773200000,174000000,52.08,59.9,44.25,0.1329,0.0682,34.9,1.53,12.43,0,0,0.2031,0.5156,0.0622,1.1,2.1,1.4995
2005-09-30,185008751,185008751,1,12201800000,5433800000,5919500000,3639100000,6282300000,0,0,2289300000,1301300000,3572600000,99500000,99500000,0.54,0.53,0,231000000,-266900000,11800000,-22700000,404600000,220000000,45.55,47.6,43.49,0.1272,0.0639,33.96,1.36,10.5,0,0,0.2071,0.5149,0.0591,1.08,0.06,1.4932
2005-07-01,184785420,184785420,1,12197000000,5308000000,6002000000,3776000000,6195000000,0,0,2297200000,1301600000,3582500000,131600000,131600000,0.71,0.7,0,9500000,-355600000,-234500000,-583000000,427300000,235400000,45.59,48.87,42.31,0.1348,0.0662,33.53,1.29,10.8,0,0,0.2101,0.5079,0.0598,1.11,-1.22,1.4057
2005-04-01,184096827,184096827,1,12633900000,5689800000,6139200000,3877900000,6494700000,0,0,2343400000,1303000000,2870900000,411800000,411800000,2.16,2.14,0,981400000,353500000,-1021100000,303600000,1010300000,235500000,50.27,56.51,44.03,0.1347,0.065,35.28,1.55,16.27,0,0,0.2006,0.5141,0.0576,1.13,4.05,1.4672
2004-12-31,191100200,191100200,1,13099400000,6182400000,6894900000,4344900000,6204500000,0,0,2432300000,1804600000,3516800000,157500000,157500000,0.83,0.82,0,365000000,-252400000,84400000,207300000,753600000,173800000,52.35,58,46.7,0.1021,0.048,32.47,1.71,17.75,0,0,0.2909,0.4736,0.0388,1.24,1,1.4229
2004-10-01,189260915,189260915,1,12329100000,5270000000,6545400000,3996000000,5783700000,0,0,2617200000,1806000000,3934500000,130500000,130500000,0.69,0.68,0,475200000,-312400000,19400000,186400000,546300000,211900000,44.89,48.98,40.8,0.1012,0.0476,30.56,1.52,15.81,0,0,0.3123,0.4691,0.0366,1.3,1.39,1.3188
2004-07-02,188719999,188719999,1,11815900000,4781100000,6234300000,3227700000,5581600000,0,0,2600100000,2306000000,3736400000,110400000,110400000,0.59,0.58,0,119900000,-384100000,16700000,-249800000,359900000,234000000,42.25,46.43,38.07,0.1009,0.0472,29.58,1.44,15.36,0,0,0.4131,0.4724,0.036,1.31,-0.6,1.4813
2004-04-02,188251062,188251062,1,11804000000,4867200000,6300300000,3253200000,5503700000,0,0,2604800000,2306400000,4000400000,190600000,190600000,1.01,1.01,0,1003800000,-458600000,-74400000,461300000,609700000,193100000,43.3,47,39.6,0.101,0.0465,29.24,1.54,16.22,0,0,0.4191,0.4663,0.0352,1.32,4.31,1.4961
2004-01-02,187576312,187576312,1,11106700000,4379200000,5849300000,2777600000,5257400000,0,0,2654900000,2391300000,3621200000,128400000,128400000,0.69,0.68,0,296700000,-257700000,-92900000,-50700000,148400000,181200000,41.19,44.99,37.38,0.0999,0.0454,28.03,1.55,15.84,0,0,0.4548,0.4734,0.0355,1.28,0.62,1.5766
2003-10-03,187316376,187316376,1,10867200000,4258700000,5895700000,2864700000,4971500000,0,0,2590500000,2340500000,3591200000,108100000,108100000,0.58,0.57,0,356700000,-203100000,-96500000,55800000,199100000,127400000,40.83,44.95,36.7,0.1015,0.0457,26.54,1.58,15.89,0,0,0.4708,0.4575,0.0361,1.27,1.22,1.4866
2003-07-04,187128668,187128668,1,10872600000,4221700000,6028400000,2964800000,4844200000,0,0,2571200000,2399600000,3554800000,92300000,92300000,0.49,0.49,0,20300000,-359000000,179800000,-156300000,143300000,223300000,34.56,42.61,26.52,0.1042,0.0466,25.89,1.4,13.61,0,0,0.4954,0.4455,0.0374,1.25,-1.08,1.4239
2003-03-28,186935500,186935500,1,10433200000,4088100000,5826800000,2987200000,4606400000,0,0,2507300000,2204900000,3055700000,162600000,162600000,0.93,0.93,0,676000000,-503000000,-40400000,138600000,299600000,236800000,32.08,36.65,27.5,0.1076,0.0477,24.64,1.36,13.2,0,0,0.4787,0.4415,0.0388,1.23,2.35,1.3685
2002-12-27,172167828,172167828,1,8883600000,3529000000,4831900000,2441600000,4051700000,0,0,1749200000,2023900000,2793600000,105700000,105700000,0.62,0.61,0,214600000,-130700000,-61400000,28800000,161000000,98800000,30.15,36,24.3,0.1089,0.0478,23.53,1.33,12.94,0,0,0.4995,0.4561,0.0369,1.29,0.67,1.4454
2002-09-27,171657895,171657895,1,8777100000,3381900000,4871600000,2523700000,3905500000,0,0,1722000000,2026600000,2732400000,92900000,92900000,0.54,0.54,0,235900000,-164900000,-63700000,8900000,132200000,127300000,36.66,47.85,25.47,0.1081,0.046,22.75,1.66,16.74,0,0,0.5189,0.445,0.035,1.32,0.63,1.3401
2002-06-28,171595190,171595190,1,8787300000,3379800000,4986500000,2703400000,3800800000,0,0,1717300000,1937800000,2764800000,79000000,79000000,0.46,0.46,0,21700000,-195400000,145300000,-25800000,123300000,175600000,44.25,50.1,38.4,0.105,0.0433,22.15,2.09,22.01,0,0,0.5098,0.4325,0.0327,1.32,-0.9,1.2502
2002-03-29,171484690,171484690,1,8610500000,3304200000,4986900000,2708000000,3623600000,0,0,1641000000,1873100000,3046200000,141100000,141100000,0.83,0.82,0,762200000,-443800000,-293500000,24900000,149100000,196400000,47,53.47,40.52,0.1,0.04,21.13,2.31,48.45,0,0,0.5169,0.4208,0.0301,1.33,3.3,1.2202
2001-12-28,170880165,170880165,1,8602200000,3431400000,5125600000,2692300000,3476600000,0,0,1650700000,2015000000,2900900000,87100000,87100000,0.51,0.51,0,356500000,-195300000,-147500000,11900000,124200000,117100000,40.73,50.5,30.96,0.0496,0.0195,20.35,2.04,48.49,0,0,0.5796,0.4042,0.0147,1.33,1.4,1.2745
2001-09-28,170326724,170326724,1,8694500000,3526700000,5299300000,3030600000,3395200000,0,0,1667800000,1844900000,2765300000,68200000,68200000,0.4,0.4,0,297700000,-245300000,-26400000,26700000,112300000,142200000,35.25,39.5,31,0.0437,0.0173,19.93,1.82,32.64,0,0,0.5434,0.3905,0.0131,1.32,0.91,1.1637
2001-06-29,169537318,169537318,1,8530600000,3415800000,5255900000,2903600000,3274700000,0,0,1654500000,1971900000,2713600000,47700000,47700000,0.28,0.28,0,-111000000,-321300000,333500000,-99100000,85600000,215800000,37.49,46,28.99,0.0569,0.0237,19.32,1.97,27.57,0,0,0.6022,0.3839,0.0172,1.38,-1.93,1.1764
2001-03-30,169224534,169224534,1,8174800000,3204000000,4959600000,3588900000,3215200000,0,0,1653600000,1029400000,2897100000,-37400000,-37400000,-0.22,-0.22,0,503800000,-629200000,145600000,13400000,184700000,318100000,48.1,66.71,29.5,0.0726,0.0322,19,2.46,19.79,0,0,0.3202,0.3933,0.0222,1.45,1.1,0.8928
2000-12-29,168605970,168605970,1,7986100000,3436100000,4686200000,3407000000,3299900000,0,0,986200000,1071500000,2664700000,65600000,65600000,0.39,0.38,0,295200000,-901200000,641800000,36200000,171300000,258700000,67.81,77.38,58.25,0.1336,0.0635,19.57,3.57,26.8,0,0,0.3247,0.4132,0.0405,1.57,0.22,1.0085
2000-09-29,168386805,168386805,1,6507800000,3049300000,3306500000,1885700000,3201300000,0,0,944500000,1223100000,2498900000,109000000,109000000,0.65,0.64,0,150900000,-280000000,143700000,13900000,135100000,188000000,70.91,81.44,60.38,0.1435,0.0725,19.01,3.81,29.06,0,0,0.3821,0.4919,0.0434,1.67,-0.22,1.6171
2000-06-30,168121623,168121623,1,6300000000,2891100000,3170100000,2242700000,3129900000,0,0,1004700000,726800000,2463300000,96000000,96000000,0.57,0.56,0,-95700000,-433000000,390400000,-139200000,121200000,132400000,84.69,99.88,69.5,0.1442,0.0735,18.62,4.67,35.89,0,0,0.2322,0.4968,0.043,1.71,-1.36,1.2891
2000-03-31,167987084,167987084,1,5874124000,2766335000,2830150000,1983966000,3043974000,0,0,903194000,652367000,2821143000,152652000,152652000,0.87,0.85,0,453081000,-370895000,-61050000,20973000,260403000,176279000,83.47,94.94,72,0.1461,0.0747,18.12,4.84,37.43,0,0,0.2143,0.5182,0.043,1.74,1.65,1.3943
1999-12-31,167333575,167333575,1,5579513000,2729707000,2691849000,1917192000,2887664000,0,0,823599000,656916000,2360071000,82329000,82329000,0.49,0.48,0,295189000,-361310000,42866000,-26654000,239430000,190639000,76.28,94.63,57.94,0.1413,0.0709,17.26,4.7,33.31,0,0,0.2275,0.5175,0.0423,1.68,0.62,1.4238
1999-10-01,160465545,160465545,1,5131384000,2555983000,2526665000,1740959000,2604719000,0,0,726833000,667413000,2126100000,89623000,89623000,0.56,0.55,0,172387000,-179184000,36792000,29541000,262919000,83515000,67.94,74,61.88,0.1517,0.0754,16.23,4.35,31.02,0,0,0.2562,0.5076,0.0451,1.67,0.55,1.4681
1999-07-02,159987078,159987078,1,4995581000,2485885000,2498244000,1944899000,2497337000,0,0,702381000,420841000,2063380000,78268000,78268000,0.49,0.48,0,25611000,-265167000,-129958000,-369215000,233378000,135160000,61.13,69.88,52.38,0.151,0.0752,15.61,4.07,28.97,0,0,0.1685,0.4999,0.0446,1.69,-0.68,1.2782
1999-04-02,159638183,159638183,1,5007709000,2668985000,2607855000,2081412000,2399854000,0,0,653034000,397860000,2130378000,116757000,116757000,0.74,0.72,0,514095000,-194047000,120406000,434626000,602593000,120791000,64.66,74.38,54.94,0.1518,0.0757,15.03,4.47,33.68,0,0,0.1658,0.4792,0.0445,1.7,2.46,1.2823
1999-01-01,158812508,158812508,1,4586060000,2300730000,2285908000,1982255000,2300152000,0,0,614330000,198613000,1927888000,87018000,87018000,0.55,0.54,0,115158000,-262969000,72941000,-74093000,167967000,112373000,58.59,70.94,46.25,0.1418,0.0714,14.48,4.2,32.28,0,0,0.0863,0.5016,0.0412,1.73,0.02,1.1607
1998-10-02,158482034,158482034,1,4304446000,2155917000,2094384000,1432984000,2210062000,0,0,537836000,575692000,1847771000,73047000,73047000,0.46,0.45,0,142315000,-118081000,13093000,37327000,242060000,100180000,63.19,74.88,51.5,0.1399,0.0696,13.95,4.8,36.42,0,0,0.2605,0.5134,0.0402,1.73,0.27,1.5045
1998-07-03,157938104,157938104,1,4121415000,2031999000,2041440000,1363292000,2079975000,0,0,522366000,579725000,1753928000,64335000,64335000,0.41,0.4,0,42494000,-129973000,12774000,-74705000,199983000,92372000,57.06,65,49.13,0.1394,0.0682,13.17,4.49,34.17,0,0,0.2787,0.5047,0.0396,1.72,-0.32,1.4905
1998-04-03,157481167,157481167,1,4046795000,1982636000,2045520000,1214816000,2001275000,0,0,538408000,736054000,1869172000,80096000,80096000,0.53,None,0,295100000,-112899000,-1521000,180680000,274688000,112919000,48.36,56.75,39.97,0.1394,0.067,12.71,3.96,30.51,0,0,0.3678,0.4945,0.0394,1.7,1.16,1.632
1997-12-26,77952347,155904694,2,4002626000,1864922000,2098191000,1164030000,1904435000,0,0,543303000,731605000,1664092000,69132000,69132000,0.89,0.87,0,125312000,-108503000,9273000,26082000,94008000,72226000,38.76,43.88,33.63,0.1502,0.0711,12.22,3.31,25.58,0,0,0.3842,0.4758,0.0418,1.7,0.34,1.6021
1997-09-26,77646301,155292602,2,3791592000,1665100000,1971010000,1041691000,1820582000,0,0,546843000,736954000,1578824000,58553000,58553000,0.74,None,0,152556000,-175138000,14718000,-7864000,67926000,73235000,38.03,41.56,34.5,0.1498,0.0704,11.72,3.36,30.79,0,0,0.4048,0.4802,0.0416,1.69,0.51,1.5985
1997-06-27,77150280,154300560,2,3696483000,1630567000,1950761000,1031101000,1745722000,0,0,516602000,725226000,1488750000,52588000,52588000,0.67,None,0,10336000,-185467000,140195000,-34936000,75790000,90936000,34.5,40.06,28.94,0.1296,0.0599,11.31,3.17,28.99,0,0,0.4154,0.4723,0.0357,1.68,-0.52,1.5814
1997-03-28,76777363,153554726,2,3580858000,1612427000,1911298000,1087113000,1669560000,0,0,561670000,630842000,1674083000,87769000,87769000,0.89,None,0,252765000,-192839000,-41073000,18853000,110726000,83562000,36,41.19,30.81,0.1254,0.0585,10.87,3.42,31.03,0,0,0.3778,0.4662,0.0343,1.71,1.1,1.4832
1996-12-27,76491064,152982128,2,3503630000,1625750000,1893747000,1089322000,1609883000,0,0,530531000,637444000,1421638000,57390000,57390000,0.73,None,0,157886000,-138600000,30733000,50019000,91873000,91671000,39.13,43.25,35,0.1055,0.05,10.52,3.94,35.25,0,0,0.396,0.4595,0.0298,1.68,0.43,1.4924
1996-09-27,75942224,151884448,2,3370214000,1556222000,1862231000,1093498000,1507983000,0,0,533366000,613563000,1355255000,14006000,14006000,0.18,None,0,83246000,-221177000,151903000,13972000,41854000,86983000,36.91,39.75,34.06,0.0965,0.0467,9.93,3.07,28.72,0,0,0.4069,0.4474,0.0273,1.71,-0.02,1.4232
1996-06-28,56219835,112439670,2,2703606000,1170359000,1352656000,778538000,1350950000,0,0,435789000,437724000,1165072000,33248000,33248000,0.58,None,0,6525000,-126028000,33512000,-85991000,18876000,60218000,36.45,40.33,32.56,0.1148,0.0575,12.01,3.13,29.4,0,0,0.324,0.4997,0.0332,1.73,-0.48,1.5033
1996-03-29,56090734,112181468,2,2595790000,1144254000,1290096000,760443000,1305694000,0,0,420775000,405471000,1160509000,47610000,47610000,0.83,None,0,236817000,-143144000,-39459000,54214000,104867000,87642000,36.47,40.38,32.56,0.1143,0.0573,11.64,3.24,30.65,0,0,0.3105,0.503,0.0334,1.72,1.33,1.5047
1995-12-29,55908055,111816110,2,2535954000,1153260000,1275832000,766949000,1260122000,0,0,426278000,402524000,1110416000,36012000,36012000,0.63,None,0,108532000,-110868000,26768000,24432000,50653000,71733000,34.44,37.63,31.25,0.1109,0.0554,11.27,3.15,30.48,0,0,0.3194,0.4969,0.0325,1.7,0.33,1.5037
1995-09-29,55641567,111283134,2,2403558000,1068180000,1188785000,667566000,1214773000,0,0,431965000,421492000,1004714000,30353000,30353000,0.53,None,0,78568000,-115997000,36411000,-1018000,26221000,58818000,29.34,32.69,26,0.1116,None,10.92,2.76,27.04,0,0,0.347,0.5054,0.0325,1.69,0.18,1.6001
1995-06-30,55469048,110938096,2,2357363000,1072408000,1178434000,768322000,1178929000,0,0,436735000,309918000,966783000,27717000,27717000,0.49,None,0,-58762000,-95350000,26041000,-128071000,27239000,41641000,25.84,28.44,23.25,0.1139,None,10.63,2.48,24.61,0,0,0.2629,0.5001,0.0324,1.7,-0.91,1.3958
1995-03-31,55328282,110656564,2,2333660000,1081505000,1179922000,777912000,1153738000,0,0,431074000,310317000,1017970000,39246000,39246000,0.73,None,0,200565000,-215036000,141302000,126831000,155310000,44036000,24.88,26.13,23.63,None,None,10.43,2.82,None,0,0,0.269,0.4944,None,None,1.41,1.3903
1994-12-30,50990834,101981668,2,1960126000,915849000,1061925000,681590000,898201000,0,0,360139000,309009000,827901000,26748000,26748000,0.51,None,0,12158000,-73635000,76560000,15083000,28479000,67630000,23.41,26.31,20.5,None,None,8.81,2.75,None,0,None,0.344,0.4582,None,None,-0.54,1.3437
1994-09-30,50857874,101715748,2,1844713000,840028000,979785000,596804000,864928000,0,0,348931000,311314000,788486000,22923000,22923000,0.44,None,0,-5877000,-52931000,33034000,-25774000,13396000,43933000,21.25,22.63,19.88,None,None,8.5,2.59,None,0,None,0.3599,0.4689,None,None,-0.49,1.4075
1994-07-01,50747071,101494142,2,1826500000,841465000,992701000,614021000,833799000,0,0,340468000,305745000,738145000,21822000,21822000,0.42,None,0,20511000,-61230000,-46931000,-87650000,39170000,37726000,19.81,22,17.63,None,None,8.22,None,None,0,None,0.3667,0.4565,None,None,-0.17,1.3704
