"Quarter end","Shares","Shares split adjusted","Split factor","Assets","Current Assets","Liabilities","Current Liabilities","Shareholders equity","Non-controlling interest","Preferred equity","Goodwill & intangibles","Long-term debt","Revenue","Earnings","Earnings available for common stockholders","EPS basic","EPS diluted","Dividend per share","Cash from operating activities","Cash from investing activities","Cash from financing activities","Cash change during period","Cash at end of period","Capital expenditures","Price","Price high","Price low","ROE","ROA","Book value of equity per share","P/B ratio","P/E ratio","Cumulative dividends per share","Dividend payout ratio","Long-term debt to equity ratio","Equity to assets ratio","Net margin","Asset turnover","Free cash flow per share","Current ratio"
2011-03-31,103227020,103227020,1,2049919000,976740000,528800000,253562000,1521119000,0,0,532719000,150168000,408221000,36503000,36503000,0.36,0.35,0.085,60481000,-2473000,863000,60631000,462255000,3073000,None,None,None,0.124,0.0896,14.74,None,None,34.07,0.2015,0.0987,0.742,0.1039,0.86,0.56,3.8521
2010-12-31,102744748,102744748,1,1978616000,910206000,514355000,242109000,1464261000,0,0,521669000,150202000,405340000,47630000,47630000,0.48,0.47,0.085,13101000,-3206000,89365000,99646000,401624000,3806000,None,None,None,0.1261,0.0914,14.25,None,None,33.98,0.2067,0.1026,0.74,0.1015,0.9,0.09,3.7595
2010-09-30,98887760,98887760,1,1878275000,804104000,553663000,283424000,1324612000,0,0,521204000,150241000,431882000,41349000,41349000,0.43,0.42,0.09,50465000,-8287000,-5599000,41463000,301978000,4873000,None,None,None,0.1234,0.0899,13.4,None,None,33.9,0.2127,0.1134,0.7052,0.0972,0.92,0.46,2.8371
2010-06-30,98652789,98652789,1,1799253000,740764000,540176000,279736000,1259077000,0,0,669477000,150271000,417582000,47227000,47227000,0.48,0.47,0.085,41856000,-5132000,134419000,169395000,260515000,3037000,27.34,29.07,25.62,0.1187,0.0884,12.76,2.2,21.53,33.8,0.2129,0.1194,0.6998,0.0939,0.94,0.39,2.6481
2010-03-31,98503134,98503134,1,1623236000,559854000,396431000,288355000,1226805000,0,0,508406000,320000,384805000,30141000,30141000,0.31,0.3,0.085,13174000,-3496000,-10260000,-1720000,91120000,6576000,27.86,29.94,25.78,0.1048,0.0807,12.45,2.24,22.29,33.72,0.2373,0.0003,0.7558,0.0851,0.95,0.07,1.9415
2009-12-31,98384790,98384790,1,1611157000,522024000,385874000,274283000,1225283000,0,0,692889000,388000,362964000,36593000,36593000,0.37,0.37,0.075,31976000,-392263000,-13352000,-376935000,92840000,8653000,27.4,30.04,24.76,0.1053,0.0821,12.45,2.25,22.83,33.63,0.233,0.0003,0.7605,0.0861,0.95,0.24,1.9032
2009-09-30,98146028,98146028,1,1558014000,865628000,361368000,275824000,1196646000,0,0,313955000,429000,385191000,31663000,31663000,0.32,0.32,0.07,83451000,-5355000,-1988000,73734000,469775000,12600000,25.85,27.9,23.81,0.1037,0.0813,12.19,2.16,10.91,33.56,0.2343,0.0004,0.7681,0.0832,0.98,0.72,3.1383
2009-06-30,98150240,98150240,1,1470035000,777072000,296727000,222652000,1173308000,0,0,227893000,488000,351623000,27979000,27979000,0.29,0.28,0.075,80748000,-27330000,-8381000,55574000,396041000,18632000,23.12,25.76,20.47,0.2079,0.1624,11.95,2.02,10.05,33.49,0.119,0.0004,0.7981,0.1787,0.91,0.63,3.4901
2009-03-31,98130998,98130998,1,1419105000,744554000,293113000,222220000,1125992000,0,0,223385000,465000,344332000,28078000,28078000,0.29,0.28,0.075,60548000,-19419000,-21631000,14553000,340467000,19459000,23.95,27,20.9,0.2091,0.1587,11.47,2.12,10.41,33.41,0.1181,0.0004,0.7935,0.1718,0.92,0.42,3.3505
2008-12-31,98059133,98059133,1,1428513000,764644000,321845000,250098000,1106668000,0,0,220490000,512000,352834000,31654000,31654000,0.32,0.32,0.065,-16617000,-98812000,4634000,-119418000,325914000,14550000,23.84,28.35,19.32,0.2116,0.1543,11.29,2.1,10.41,33.34,0.114,0.0005,0.7747,0.164,0.94,-0.32,3.0574
2008-09-30,97965528,97965528,1,1464190000,880380000,353584000,282000000,1110606000,0,0,159218000,683000,265085000,147087000,147087000,1.51,1.49,0.07,56681000,208225000,4259000,260105000,445332000,18797000,26.53,29.4,23.66,0.2154,0.1515,11.34,2.53,22.68,33.27,0.1103,0.0006,0.7585,0.1581,0.96,0.39,3.1219
2008-06-30,97295161,97295161,1,1435337000,717836000,417033000,311944000,1018304000,0,0,159454000,869000,364913000,21133000,21133000,0.21,0.21,0.065,31721000,-3730000,-221181000,-193645000,185227000,16890000,25,28.25,21.75,0.1147,0.0777,10.47,2.31,20.66,33.2,0.1974,0.0009,0.7095,0.0735,1.06,0.15,2.3012
2008-03-31,100681013,100681013,1,1605310000,878786000,514038000,407284000,1091272000,0,0,224243000,2709000,412783000,29027000,29027000,0.29,0.28,0.065,61670000,167438000,21842000,254101000,378872000,17468000,25.48,28.42,22.55,0.1212,0.0806,10.84,2.47,21.97,33.14,0.1833,0.0025,0.6798,0.075,1.08,0.44,2.1577
2007-12-31,98722366,98722366,1,1519862000,885685000,502649000,396268000,1017213000,0,0,216449000,2743000,400675000,30907000,30907000,0.32,0.31,0.055,37688000,-15941000,10711000,31709000,124771000,12705000,24.79,26.09,23.49,0.1209,None,10.3,2.5,31.38,33.07,0.1833,0.0027,0.6693,0.0723,1.09,0.25,2.2351
2007-09-30,98218906,98218906,1,1487560000,857538000,514196000,416050000,973364000,0,0,213667000,2077000,421539000,36490000,36490000,0.38,0.37,0.05,47955000,-41792000,717000,13017000,93062000,30441000,23.58,26.23,20.92,0.0867,None,9.91,2.49,None,33.02,39.9409,0.0021,0.6543,0.0508,1.1,0.18,2.0611
2007-06-30,97907513,97907513,1,1415144000,809744000,487960000,391398000,927184000,0,0,209941000,2069000,385502000,25096000,25096000,0.26,0.25,0.055,24123000,-43003000,5787000,-13727000,80045000,10889000,24.34,26.07,22.6,None,None,9.47,2.67,None,32.97,None,0.0022,0.6552,None,None,0.14,2.0689
2007-03-31,97410909,97410909,1,1399827000,801076000,512247000,289216000,887580000,0,0,206439000,122084000,383412000,22558000,22558000,0.23,0.23,0.055,13629000,-85660000,34139000,-34889000,93772000,8829000,22.59,23.72,21.47,None,None,9.11,2.6,None,32.91,None,0.1375,0.6341,None,None,0.05,2.7698
2006-12-31,94652412,94652412,1,1315555000,721958000,492958000,294200000,822597000,0,0,204711000,122045000,351128000,-5880000,-5880000,-0.06,-0.06,32.86,9476000,-91652000,4410000,-77804000,128661000,9703000,36.17,52.59,19.75,None,None,8.69,1.96,None,32.86,None,0.1484,0.6253,None,None,-0,2.454
2006-09-30,93687521,93687521,1,2582597000,1428801000,852816000,590848000,1729781000,0,0,568609000,122322000,None,None,None,None,None,0,None,None,None,None,206465000,0,48.89,51.44,46.35,None,None,18.46,None,None,0,None,0.0707,0.6698,None,None,None,2.4182
