"Quarter end","Shares","Shares split adjusted","Split factor","Assets","Current Assets","Liabilities","Current Liabilities","Shareholders equity","Non-controlling interest","Preferred equity","Goodwill & intangibles","Long-term debt","Revenue","Earnings","Earnings available for common stockholders","EPS basic","EPS diluted","Dividend per share","Cash from operating activities","Cash from investing activities","Cash from financing activities","Cash change during period","Cash at end of period","Capital expenditures","Price","Price high","Price low","ROE","ROA","Book value of equity per share","P/B ratio","P/E ratio","Cumulative dividends per share","Dividend payout ratio","Long-term debt to equity ratio","Equity to assets ratio","Net margin","Asset turnover","Free cash flow per share","Current ratio"
2019-03-31,2574644410,2574644410,1,82354000000,25351000000,54684000000,18543000000,27539000000,131000000,0,29169000000,25900000000,10816000000,2915000000,2915000000,1.13,1.12,0.55,1336000000,368000000,-1614000000,110000000,8077000000,595000000,77.76,83.47,72.05,0.2819,0.1002,10.7,7.52,33.37,39.04,0.6382,0.9405,0.3344,0.195,0.51,0.29,1.3671
2018-12-31,2581220308,2581220308,1,82637000000,25875000000,55755000000,22206000000,26701000000,181000000,0,29684000000,25100000000,10998000000,1827000000,1827000000,0.71,0.7,0.55,3592000000,2178000000,-5566000000,139000000,7967000000,915000000,73.14,80.19,66.1,0.1985,0.0734,10.34,5.87,58.51,38.49,0.8418,0.94,0.3231,0.1471,0.5,1.04,1.1652
2018-09-30,2600376500,2600376500,1,85130000000,26836000000,52474000000,18586000000,32422000000,234000000,0,30433000000,23600000000,10794000000,1950000000,1950000000,0.73,0.73,0.48,2793000000,1660000000,-1905000000,2516000000,7828000000,643000000,65.75,71.58,59.92,0.1007,0.0389,12.47,5.38,131.5,37.94,1.5273,0.7279,0.3809,0.0802,0.49,0.83,1.4439
2018-06-30,2659525311,2659525311,1,85040000000,24064000000,52274000000,18128000000,32529000000,237000000,0,31172000000,23300000000,10465000000,1707000000,1707000000,0.64,0.63,0.48,3382000000,673000000,-2967000000,826000000,5312000000,533000000,57.89,62.96,52.83,0.0386,0.0153,12.23,4.63,99.81,37.46,3.8377,0.7163,0.3825,0.0325,0.47,1.07,1.3274
2018-03-31,2690303898,2690303898,1,86041000000,24085000000,52140000000,16960000000,33668000000,233000000,0,31804000000,23600000000,10037000000,736000000,736000000,0.27,0.27,0.48,1155000000,-197000000,-2722000000,-1610000000,4486000000,429000000,58.38,63.78,52.97,0.0433,0.0176,12.51,4.58,67.1,36.98,3.2602,0.701,0.3913,0.0388,0.45,0.27,1.4201
2017-12-31,2696190502,2696190502,1,87872000000,24766000000,53303000000,18614000000,34336000000,233000000,0,32467000000,24400000000,10433000000,-1047000000,-1047000000,-0.38,-0.38,0.48,4015000000,-58000000,-5785000000,-1809000000,6092000000,690000000,59.27,64.9,53.63,0.063,0.026,12.74,4.22,57.54,36.5,2.1479,0.7106,0.3908,0.0597,0.44,1.23,1.3305
2017-09-30,2724436835,2724436835,1,91676000000,27919000000,53177000000,19467000000,38248000000,251000000,0,33478000000,27000000000,10325000000,-56000000,-56000000,-0.02,-0.02,0.47,-1171000000,671000000,536000000,115000000,7901000000,431000000,63.78,66.41,61.16,0.0722,0.0303,14.04,4.41,34.85,36.02,1.8048,0.7059,0.4172,0.0715,0.42,-0.59,1.4342
2017-06-30,2727354340,2727354340,1,92804000000,28167000000,53092000000,18758000000,39463000000,249000000,0,34477000000,24900000000,9930000000,1946000000,1946000000,0.71,0.71,0.47,3317000000,-1127000000,-6218000000,-3922000000,7786000000,393000000,64.14,66.4,61.87,0.1247,0.0531,14.47,4.41,41.38,35.55,1.0077,0.631,0.4252,0.1271,0.42,1.07,1.5016
2017-03-31,2735164510,2735164510,1,96561000000,31530000000,56473000000,19823000000,39837000000,251000000,0,35221000000,28500000000,9434000000,1551000000,1551000000,0.56,0.56,0.47,286000000,3193000000,1461000000,5193000000,11708000000,289000000,62.92,66.8,59.05,0.1041,0.0449,14.56,4.31,45.27,35.08,1.1772,0.7154,0.4126,0.1088,0.41,-0,1.5906
2016-12-31,2745571067,2745571067,1,95377000000,30614000000,55069000000,17204000000,40088000000,220000000,0,35467000000,24800000000,10115000000,-594000000,-594000000,-0.22,-0.22,0.47,3632000000,-2563000000,-1977000000,-1392000000,6515000000,456000000,61.88,65.46,58.29,0.0917,0.0403,14.6,3.9,31.57,34.61,1.302,0.6186,0.4203,0.0985,0.41,1.16,1.7795
2016-09-30,2757137517,2757137517,1,98335000000,29440000000,54378000000,15555000000,43744000000,213000000,0,38766000000,25100000000,10536000000,2184000000,2184000000,0.79,0.78,0.46,2971000000,-890000000,-835000000,1299000000,7907000000,409000000,60.59,64,57.18,0.1251,0.0555,15.87,3.86,33.29,34.14,0.9272,0.5738,0.4448,0.1376,0.4,0.93,1.8926
2016-06-30,2765208203,2765208203,1,96475000000,27926000000,53029000000,14918000000,43357000000,89000000,0,38124000000,24300000000,9844000000,1205000000,1205000000,0.44,0.43,0.46,1615000000,-1498000000,-3381000000,-3108000000,6608000000,375000000,55.16,57.87,52.44,0.1157,0.0515,15.68,3.48,33.84,33.68,0.9897,0.5605,0.4494,0.1301,0.4,0.45,1.872
2016-03-31,2768025348,2768025348,1,98755000000,28772000000,54854000000,17568000000,43806000000,95000000,0,39148000000,25800000000,9312000000,1125000000,1125000000,0.41,0.4,0.46,2158000000,1741000000,-2851000000,1192000000,9716000000,204000000,50.78,53.6,47.97,0.1022,0.0456,15.83,3.15,32.55,33.22,1.0998,0.589,0.4436,0.1172,0.39,0.71,1.6378
2015-12-31,2775258591,2775258591,1,101779000000,29764000000,57012000000,19203000000,44676000000,91000000,0,40325000000,26500000000,10215000000,976000000,976000000,0.35,0.35,0.46,4247000000,-617000000,-2407000000,976000000,8524000000,493000000,52.06,55.77,48.35,0.0963,0.0429,16.1,3.19,13.88,32.76,1.142,0.5932,0.439,0.1125,0.38,1.35,1.55
2015-09-30,2793543137,2793543137,1,101232000000,28567000000,55553000000,17583000000,45587000000,92000000,0,41485000000,26700000000,10073000000,1826000000,1826000000,0.65,0.64,0.45,3305000000,-61000000,-2533000000,626000000,7548000000,316000000,52.88,60.07,45.69,0.2289,0.1051,16.32,3.21,15.46,32.3,0.4705,0.5857,0.4503,0.1761,0.6,1.07,1.6247
2015-06-30,2816635020,2816635020,1,102582000000,28319000000,55944000000,17508000000,46448000000,190000000,0,42457000000,26600000000,9785000000,687000000,687000000,0.24,0.24,0.45,2585000000,2525000000,-5485000000,-1058000000,6922000000,271000000,58.96,61.7,56.22,0.2095,0.0959,16.49,3.49,15.27,31.85,0.5147,0.5727,0.4528,0.1925,0.5,0.82,1.6175
2015-03-31,2825221749,2825221749,1,108345000000,32927000000,60428000000,20442000000,47765000000,152000000,0,43820000000,30200000000,9425000000,953000000,953000000,0.34,0.33,0.45,2284000000,-6605000000,5155000000,539000000,7980000000,203000000,59.63,63.62,55.64,0.2351,0.1099,16.91,3.48,14.54,31.4,0.4542,0.6323,0.4409,0.2698,0.41,0.74,1.6108
2014-12-31,2838192933,2838192933,1,98335000000,33173000000,49544000000,18766000000,48647000000,144000000,0,33378000000,21400000000,31927000000,7316000000,7316000000,2.57,2.54,0.45,-1164000000,7204000000,-9643000000,-3929000000,7441000000,1258000000,57.34,62.2,52.49,0.2481,0.1173,17.14,3.62,31.33,30.95,0.4267,0.4399,0.4947,0.2822,0.42,-0.85,1.7677
2014-09-30,2850873371,2850873371,1,101808000000,34723000000,56448000000,25927000000,45224000000,136000000,0,33566000000,27800000000,42000000,895000000,895000000,0.31,0.31,0.44,4348000000,-3722000000,1279000000,1627000000,11370000000,552000000,58.45,61.33,55.57,0.1114,0.0521,15.86,3.49,30.76,30.5,0.9477,0.6147,0.4442,0.249,0.21,1.33,1.3393
2014-06-30,2884632033,2884632033,1,97860000000,33587000000,49344000000,17928000000,48358000000,158000000,0,30619000000,23100000000,4000000,2004000000,2004000000,0.69,0.68,0.44,2315000000,-49000000,-8369000000,-6085000000,9743000000,70000000,57.12,59.84,54.4,0.1149,0.0537,16.76,3.34,37.58,30.06,0.9094,0.4777,0.4942,0.1721,0.31,0.78,1.8734
2014-03-31,2922376244,2922376244,1,108460000000,41240000000,55896000000,22470000000,49975000000,2589000000,0,32637000000,28100000000,10264000000,1705000000,1705000000,0.58,0.57,0.44,2361000000,-3807000000,1620000000,207000000,15828000000,205000000,53.47,57.65,49.3,0.0928,0.0423,17.1,3.16,36.37,29.62,1.1281,0.5623,0.4608,0.1035,0.41,0.74,1.8353
2013-12-31,2940622461,2940622461,1,105645000000,35685000000,53319000000,17868000000,49765000000,2561000000,0,36102000000,25100000000,11320000000,781000000,781000000,0.28,0.27,0.44,3026000000,1177000000,-2624000000,1531000000,15621000000,429000000,47.52,50.42,44.62,0.0891,0.0414,16.92,2.93,31.68,29.18,1.1596,0.5044,0.4711,0.1,0.41,0.88,1.9971
2013-09-30,2921928875,2921928875,1,106419000000,37765000000,56413000000,18215000000,47419000000,2587000000,0,37123000000,26600000000,11032000000,1124000000,1124000000,0.38,0.38,0.43,3949000000,-2037000000,-2915000000,-1000000000,14090000000,355000000,47.55,49.08,46.03,0.0902,0.0426,16.23,2.93,28.3,28.74,1.1284,0.561,0.4456,0.1019,0.42,1.23,2.0733
2013-06-30,2926375532,2926375532,1,106876000000,36995000000,56771000000,18402000000,47500000000,2605000000,0,38531000000,28100000000,11010000000,906000000,906000000,0.3,0.3,0.43,2338000000,-1135000000,970000000,2066000000,15090000000,413000000,46.97,50.16,43.77,0.0982,0.0483,16.23,2.67,23.96,28.31,0.9995,0.5916,0.4444,0.1144,0.42,0.66,2.0104
2013-03-31,3019611844,3019611844,1,106200000000,35244000000,50594000000,18802000000,53029000000,2577000000,0,40315000000,20800000000,10671000000,1593000000,1593000000,0.53,0.52,0.43,2341000000,-1153000000,-1421000000,-427000000,13024000000,351000000,43.13,45.42,40.83,0.111,0.0568,17.56,2.46,21.57,27.88,0.8559,0.3922,0.4993,0.1303,0.44,0.66,1.8745
2012-12-31,3022367538,3022367538,1,106132000000,34857000000,50669000000,18348000000,53020000000,2443000000,0,41217000000,20600000000,11737000000,908000000,908000000,0.3,0.3,0.43,1809000000,-4398000000,-1218000000,-3909000000,13451000000,778000000,44.01,48,40.02,0.1127,0.0583,17.54,2.4,20.19,27.45,0.8326,0.3885,0.4996,0.1304,0.45,0.34,1.8998
2012-09-30,3040071937,3040071937,1,106301000000,36229000000,48089000000,15583000000,55747000000,2465000000,0,42493000000,19600000000,11488000000,1729000000,1729000000,0.57,0.56,0.42,3139000000,-1839000000,-738000000,608000000,17360000000,414000000,43.38,45.7,41.06,0.1228,0.0641,18.34,2.39,19.99,27.02,0.7556,0.3516,0.5244,0.1415,0.45,0.9,2.3249
2012-06-30,3045632274,3045632274,1,105525000000,35639000000,47852000000,16912000000,55194000000,2479000000,0,43778000000,19000000000,12311000000,1793000000,1792000000,0.59,0.58,0.42,2920000000,-298000000,-586000000,2096000000,16752000000,431000000,39.39,41.75,37.02,0.1224,0.0637,18.12,2.18,17.58,26.6,0.7425,0.3442,0.523,0.1391,0.46,0.82,2.1073
2012-03-31,3041564692,3041564692,1,105509000000,34344000000,48195000000,16582000000,54860000000,2454000000,0,45156000000,15228000000,11731000000,1738000000,1736000000,0.57,0.56,0.42,2154000000,-270000000,-725000000,1125000000,14656000000,331000000,38.17,39.43,36.91,0.1264,0.0658,18.04,2.13,18.9,26.18,0.7026,0.2776,0.52,0.1443,0.46,0.6,2.0712
2011-12-31,3044008396,3044008396,1,105128000000,33181000000,48185000000,16245000000,54517000000,2426000000,0,46457000000,15525000000,12294000000,1513000000,1508000000,0.5,0.48,0.42,3233000000,-1684000000,-2231000000,-722000000,13531000000,603000000,34.22,37.9,30.54,0.114,0.0592,17.91,1.89,24.98,25.76,0.764,0.2848,0.5186,0.1302,0.45,0.86,2.0425
2011-09-30,3047921407,3047921407,1,106534000000,34109000000,48938000000,16593000000,55140000000,2456000000,0,48050000000,15692000000,12022000000,1692000000,1689000000,0.55,0.55,0.38,4577000000,-263000000,-2244000000,1911000000,14253000000,431000000,33.02,36.56,29.47,0.0769,0.0398,18.09,1.83,35.51,25.34,1.1082,0.2846,0.5176,0.0881,0.45,1.36,2.0556
2011-06-30,3080796992,3080796992,1,106195000000,32368000000,48273000000,15763000000,55496000000,2426000000,0,49447000000,15783000000,12151000000,2024000000,2020000000,0.65,0.65,0.38,2852000000,-1048000000,-1257000000,647000000,12342000000,365000000,35.33,37.65,33,0.0522,0.027,18.01,2.01,67.94,24.96,1.6335,0.2844,0.5226,0.0611,0.44,0.81,2.0534
2011-03-31,3086584896,3086584896,1,105865000000,31024000000,49026000000,15662000000,54384000000,2455000000,0,50113000000,15644000000,11580000000,1043000000,1040000000,0.34,0.34,0.38,1721000000,105000000,-1172000000,795000000,11695000000,324000000,34.34,37.62,31.06,0.0291,0.0151,17.62,1.95,127.19,24.58,2.9305,0.2877,0.5137,0.0346,0.43,0.45,1.9808
2010-12-31,3083080697,3083080697,1,105781000000,29064000000,48976000000,15641000000,54376000000,2429000000,0,51834000000,15482000000,12093600000,-531800000,-531800000,-0.17,-0.17,0.38,3539100000,-1007500000,-1294900000,1026000000,10900000000,660300000,35.81,37.68,33.94,0.0154,0.008,17.64,1.99,12.26,24.2,5.4793,0.2847,0.514,0.0186,0.43,0.93,1.8582
2010-09-30,3080880847,3080880847,1,107840100000,27756000000,49791800000,17323300000,55592800000,2455500000,0,55435200000,14031900000,11124900000,341600000,340400000,0.11,0.11,0.38,2591900000,194800000,-1625000000,1208800000,9874400000,337900000,35.61,37.58,33.65,0.1385,0.0721,18.04,1.98,8.06,23.82,0.5971,0.2524,0.5155,0.1792,0.4,0.73,1.6022
2010-06-30,3073593302,3073593302,1,106170500000,26253600000,48504800000,15420600000,55231700000,2434000000,0,55506900000,13835300000,11346300000,752400000,749500000,0.24,0.24,0.38,3324900000,463800000,-3463300000,429600000,8665600000,337000000,34.34,37.97,30.7,0.2249,0.1159,17.97,1.85,6.98,23.44,0.3955,0.2505,0.5202,0.2819,0.41,0.97,1.7025
2010-03-31,3118252244,3118252244,1,111593800000,28244900000,51250600000,16455300000,57878100000,2465100000,0,57841100000,15281100000,11422200000,298800000,298800000,0.1,0.09,0.38,1366100000,-3148100000,942200000,-1075400000,8236000000,342800000,38.66,41.56,35.76,0.2941,0.1464,18.56,2.04,7.03,23.06,0.3373,0.264,0.5186,0.3519,0.42,0.33,1.7165
2009-12-31,3115317260,3115317260,1,112089700000,28428600000,50597100000,15750700000,59058000000,2434600000,0,59578900000,16074900000,10093500000,6495700000,6495700000,2.48,2.48,0.38,2242500000,-12864500000,-1849400000,-12505500000,9311400000,557000000,33.2,38.42,27.97,0.4235,0.201,18.96,3.06,8.74,22.68,0.2781,0.2722,0.5269,0.4704,0.43,0.54,1.8049
2009-09-30,2109178112,2109178112,1,48739400000,29668800000,23390100000,8025700000,22907200000,2442100000,0,1994900000,8204700000,6049700000,3424300000,3424300000,1.62,1.61,0.38,-312100000,12011600000,-2372400000,9359300000,21816900000,303300000,26.51,28.68,24.34,0.3949,0.1678,10.86,2.75,9.82,22.3,0.3981,0.3582,0.47,0.3445,0.49,-0.29,3.6967
2009-06-30,2108864536,2108864536,1,49407100000,29233900000,26670300000,11507100000,20324400000,2412400000,0,2020100000,8181100000,5899900000,1556300000,1556300000,0.74,0.74,0.38,749000000,2618800000,2975400000,6440500000,12457600000,365200000,23.4,25.12,21.67,0.2925,0.1193,9.64,2.52,8.42,21.92,0.5608,0.4025,0.4114,0.2458,0.49,0.18,2.5405
2009-03-31,2108669357,2108669357,1,46543100000,26184600000,24541600000,13415900000,19563000000,2438500000,0,2053200000,3939100000,5385200000,1425000000,1425000000,0.67,0.67,0.38,712600000,1390100000,-391900000,1648800000,6017100000,235100000,20.37,24.42,16.32,0.3036,0.125,9.28,2.29,5.61,21.54,0.5429,0.2014,0.4203,0.2533,0.49,0.23,1.9518
2008-12-31,2107712364,2107712364,1,47195700000,19304900000,26028600000,14318700000,18758300000,2408800000,0,1964100000,3943300000,6032500000,1644800000,1644800000,0.79,0.78,0.38,1010800000,-450200000,-1755400000,-1351800000,4368300000,384000000,27.64,32.46,22.82,0.3999,0.1642,8.9,2.98,13.16,21.16,0.4142,0.2102,0.3975,0.3274,0.5,0.3,1.3482
2008-09-30,2114186139,2114186139,1,48545700000,19418500000,26535000000,14428300000,19571000000,2439700000,0,1996900000,3938800000,5943900000,1092700000,1092700000,0.51,0.51,0.38,1652000000,-3278000000,104600000,-1625100000,5720100000,281700000,34.62,38.9,30.34,0.2339,0.0947,9.26,3.66,15.12,20.78,0.7183,0.2013,0.4031,0.1884,0.5,0.65,1.3459
2008-06-30,2142473991,2142473991,1,47457500000,17592900000,24791400000,9718600000,20256000000,2410100000,0,2030600000,3932400000,6051800000,1768300000,1768300000,0.82,0.82,0.38,1380600000,-9000000,-288100000,1055800000,7345200000,291200000,38.37,42.24,34.49,0.2524,0.1053,9.45,4.22,17.13,20.4,0.6605,0.1941,0.4268,0.2053,0.51,0.51,1.8102
2008-03-31,2146528024,2146528024,1,47041100000,17047000000,25082200000,9797000000,19521500000,2437400000,0,2108600000,3965000000,5822100000,3302600000,3302600000,1.53,1.52,0.38,2528300000,1902800000,-3583600000,953300000,6289400000,341400000,49,61.18,36.82,0.2503,0.1052,9.09,5.83,32.67,20.02,0.675,0.2031,0.415,0.201,0.52,1.02,1.74
2007-12-31,2165289746,2165289746,1,48350700000,15045400000,27759300000,12258200000,18184700000,2406700000,0,2168000000,3915800000,6242800000,-1630800000,-1630800000,-0.75,-0.75,0.38,2347800000,-847800000,-1395100000,127800000,5336100000,284700000,56.53,61.62,51.44,0.1705,0.0723,8.4,5.94,22.89,19.64,1.0068,0.2153,0.3761,0.1354,0.53,0.95,1.2274
2007-09-30,2176567489,2176567489,1,45700700000,14163700000,22541400000,10506000000,20721900000,2437400000,0,2202900000,3873600000,6074100000,1525500000,1525500000,0.7,0.7,0.38,3025900000,-70200000,-1264500000,1738800000,5208300000,253200000,50.96,53.81,48.11,0.2823,0.1213,9.52,5.67,23.16,19.26,0.613,0.1869,0.4534,0.2242,0.54,1.27,1.3482
2007-06-30,2169064468,2169064468,1,44182800000,12435700000,22302600000,10281000000,19472300000,2407900000,0,2260100000,4133600000,6111400000,1676400000,1676400000,0.77,0.77,0.38,2954400000,-610600000,-990200000,1367600000,3469500000,272400000,49.83,55.14,44.52,0.2564,0.1093,8.98,5.84,23.5,18.88,0.6874,0.2123,0.4407,0.2055,0.53,1.24,1.2096
2007-03-31,2167273357,2167273357,1,42992500000,11741700000,22078000000,7861300000,18479300000,2435200000,0,2318700000,5545300000,5769400000,1704300000,1704300000,0.79,0.78,0.38,-1328900000,-1281400000,-1216300000,-3812800000,2101900000,200700000,44.45,46.55,42.35,0.2475,0.1057,8.53,5.48,21.9,18.5,0.7143,0.3001,0.4298,0.2008,0.53,-0.71,1.4936
2006-12-31,2166483163,2166483163,1,44569800000,15230200000,24604000000,12722700000,17559700000,2406100000,0,2375500000,5551000000,6044100000,473900000,473900000,0.22,0.22,0.38,1776100000,-1694300000,-420400000,-307400000,5914700000,295500000,43.8,46.37,41.24,0.2365,0.1012,8.11,4.93,18.96,18.12,0.7453,0.3161,0.394,0.1959,0.52,0.68,1.1971
2006-09-30,2171002669,2171002669,1,43719100000,15224200000,21996800000,11147700000,19285300000,2437000000,0,1717500000,4789500000,5410400000,940600000,940600000,0.43,0.43,0.38,1481100000,-1968200000,-1503300000,-1991200000,6222100000,224000000,38.75,42.51,35,0.2697,0.1158,8.88,4.37,15.32,17.74,0.6521,0.2483,0.4411,0.2272,0.51,0.58,1.3657
2006-06-30,2176128392,2176128392,1,43478700000,15890100000,21772200000,10502300000,19298800000,2407700000,0,1764000000,4758700000,5771700000,1499300000,1499300000,0.69,0.69,0.38,2201200000,-2726100000,-1458800000,-1973900000,8213300000,263100000,34.8,36.84,32.75,0.3012,0.1267,8.87,4.03,16.04,17.36,0.5968,0.2466,0.4439,0.2486,0.51,0.89,1.513
2006-03-31,2182507131,2182507131,1,43418000000,18011900000,22136100000,11299000000,18846200000,2435700000,0,1568800000,4762600000,5409800000,1520000000,1520000000,0.7,0.69,0.38,1306800000,1504900000,-2221700000,601900000,10187200000,197600000,34.23,36.65,31.81,0.2659,0.1092,8.64,4.18,16.3,16.98,0.6956,0.2527,0.4341,0.2167,0.5,0.51,1.5941
2005-12-31,2187042320,2187042320,1,44845800000,21049300000,24522000000,13303500000,17916600000,2407200000,0,1604400000,5125600000,5766000000,1119700000,1119700000,0.51,0.5,0.38,2264800000,4753200000,-350000000,6667300000,9585300000,406600000,29.02,32.54,25.5,0.2619,0.106,8.19,3.57,13.89,16.6,0.7198,0.2861,0.3995,0.2104,0.5,0.85,1.5822
2005-09-30,2186632422,2186632422,1,43831000000,20065300000,23614800000,12162600000,17778400000,2437800000,0,1639600000,5124700000,5416200000,1420900000,1420900000,0.65,0.65,0.38,2227600000,-256700000,-966800000,1000400000,2918000000,333700000,29.66,32.34,26.97,0.2632,0.1069,8.13,3.74,14.54,16.22,0.7244,0.2883,0.4056,0.2097,0.51,0.87,1.6498
2005-06-30,2195582795,2195582795,1,43006300000,19129300000,23212800000,11193400000,17385100000,2408400000,0,1675000000,5672400000,5467500000,720600000,720600000,0.33,0.33,0.38,1776700000,-1020400000,-1161900000,-472000000,1917600000,319200000,32.8,35.2,30.4,0.2595,0.1053,7.92,4.09,13.12,15.84,0.7423,0.3263,0.4042,0.2043,0.52,0.66,1.709
2005-03-31,2203128785,2203128785,1,43117100000,15760000000,23032100000,10902700000,17649000000,2436000000,0,1717900000,5655600000,5362200000,1370100000,1370100000,0.62,0.62,0.38,1339400000,-1208900000,-561700000,-489200000,2389600000,343200000,30.05,32.61,27.48,0.3216,0.1306,8.01,3.84,11.51,15.46,0.6002,0.3204,0.4093,0.2455,0.53,0.45,1.4455
2004-12-31,2208052404,2208052404,1,42572800000,13475200000,22877700000,11744100000,17288200000,2406900000,0,1764900000,4691500000,5748000000,1101100000,1101100000,0.49,0.49,0.38,2367800000,141900000,-2388600000,211900000,2878800000,516700000,29.96,34.32,25.6,0.3428,0.1376,7.83,3.84,10.93,15.08,0.5719,0.2714,0.4061,0.2534,0.54,0.84,1.1474
2004-09-30,2217584609,2217584609,1,42874400000,13860400000,21625700000,10789900000,17311500000,3937200000,0,1811400000,4394200000,5538100000,1325600000,1325600000,0.6,0.6,0.38,2255000000,-167600000,-1041900000,1067100000,2666900000,447300000,40.09,47.73,32.46,0.3694,0.1463,7.81,5.24,13.54,14.7,0.5381,0.2538,0.4038,0.2677,0.55,0.82,1.2846
2004-06-30,2218705689,2218705689,1,41854600000,13288400000,20972300000,9681600000,16967400000,3914900000,0,1855200000,4894200000,6021700000,1768100000,1768100000,0.8,0.79,0.37,2362300000,-1245300000,-1277700000,-162300000,1599800000,439300000,46.53,48.78,44.28,0.4142,0.1593,7.65,6.36,15.51,14.32,1.5508,0.2884,0.4054,0.2882,0.55,0.87,1.3725
2004-03-31,2222109433,2222109433,1,41665200000,12961300000,21455800000,10114200000,16271200000,3938200000,0,1903400000,4931700000,5630800000,1618600000,1618600000,0.73,0.73,0.37,1814000000,-367100000,-883200000,561100000,1762100000,322800000,46.09,49.33,42.85,0.4037,0.1542,7.32,6.58,15.21,13.95,1.5258,0.3031,0.3905,0.2224,0.69,0.67,1.2815
2003-12-31,2224326514,2224326514,1,40587500000,11527200000,21095900000,9569600000,15576400000,3915200000,0,1949400000,5096000000,5627100000,1395200000,1395200000,0.63,0.62,0.36,2828100000,484600000,-4328800000,-972800000,1201000000,541800000,46.26,51.95,40.57,0.3939,0.15,7,6.72,14.28,13.58,1.5031,0.3272,0.3838,0.1795,0.84,1.03,1.2046
2003-09-30,2224997335,2224997335,1,42589000000,14021200000,23206800000,11715600000,15312700000,4069500000,0,1904400000,5398800000,5762000000,1858300000,1858300000,0.83,0.82,3.5297,None,None,None,509100000,2173800000,400700000,56.08,62.69,49.48,0.407,0.1549,6.88,6.4,17.26,13.22,1.4026,0.3526,0.3595,0.158,0.98,None,1.1968
2003-06-30,2238834508,2238834508,1,50008100000,16303000000,26359300000,13749400000,19607200000,4041600000,0,7628100000,5393600000,13281200000,1867000000,1867000000,0.83,0.83,0.36,1677500000,-1440200000,-863400000,-552200000,1664700000,516400000,58.8,63.5,54.1,0.3962,0.1517,8.76,6.98,18.43,9.69,0.4393,0.2751,0.3921,0.1375,1.1,0.52,1.1857
2003-03-31,2242327894,2242327894,1,48953500000,15380900000,26019300000,13550200000,18876100000,4058100000,0,7691800000,5375900000,13388400000,1710400000,1710400000,0.76,0.76,0.36,1845800000,-2140600000,241600000,-26100000,2216900000,457000000,55.07,60.24,49.9,0.4054,0.1525,8.42,6.79,17.54,9.33,0.4438,0.2848,0.3856,0.1365,1.12,0.62,1.1351
2002-12-31,2244505244,2244505244,1,47561200000,14833900000,24432400000,12375200000,18200500000,4928300000,0,7241000000,4879000000,13918400000,1889800000,1889800000,0.84,0.83,0.36,2796300000,92100000,-2206200000,746400000,2243000000,706700000,51.91,60.48,43.35,0.4147,0.1535,8.11,6.65,16.64,8.97,0.4471,0.2681,0.3827,0.138,1.11,0.93,1.1987
2002-09-30,2245556431,2245556431,1,47337400000,14023600000,24894100000,13073400000,17532500000,4910800000,0,7305600000,4869800000,12892900000,1884000000,1884000000,0.84,0.83,0.36,3089900000,-1499700000,-1391700000,177700000,1496600000,546400000,46.25,54,38.5,0.4263,0.1558,7.81,6.2,14.78,8.61,0.4471,0.2778,0.3704,0.1412,1.1,1.13,1.0727
2002-06-30,2249574463,2249574463,1,45960400000,13304900000,24218000000,12444400000,16777100000,4965300000,0,7367000000,4833800000,12809700000,1750700000,1750700000,0.77,0.77,0.35,1671900000,-1546100000,-1821100000,-1624200000,1318900000,654800000,53.23,58.85,47.6,0.4447,0.1604,7.46,7.33,16.95,8.25,0.4414,0.2881,0.365,0.1453,1.1,0.45,1.0691
2002-03-31,2265172007,2265172007,1,45474700000,14024000000,24177700000,12627400000,16446000000,4851000000,0,7428600000,4790100000,12169300000,1625000000,1625000000,0.72,0.71,0.35,1970600000,-1057300000,-112900000,799100000,2943100000,461800000,60.61,64.5,56.71,0.4631,0.1658,7.26,8.57,19.3,7.9,0.4362,0.2913,0.3617,0.1494,1.11,0.67,1.1106
2001-12-31,2271094459,2271094459,1,44006700000,12961600000,23119100000,11544200000,16050100000,4837500000,0,7476500000,4798600000,12557900000,1860900000,1860900000,0.82,0.81,0.35,2897900000,-635500000,-1694100000,510400000,2144000000,723700000,63.7,70.6,56.8,0.4773,0.1717,7.07,9.44,20.61,7.55,0.4325,0.299,0.3647,0.1526,1.12,0.96,1.1228
2001-09-30,2274709893,2274709893,1,43705600000,13922900000,23408400000,12793300000,15356700000,4940500000,0,7573800000,4234600000,11919600000,1948200000,1948200000,0.85,0.84,0.35,2814900000,-1153200000,-2187700000,-474800000,1633600000,565900000,65.92,71.5,60.35,0.4805,0.1736,6.75,10.22,21.76,7.2,0.4366,0.2757,0.3514,0.1541,1.13,0.99,1.0883
2001-06-30,2289438998,2289438998,1,41748500000,13471100000,22025500000,11975800000,14766300000,4956700000,0,7190200000,3655900000,11893100000,1815400000,1815400000,0.79,0.78,0.34,1194400000,-1366000000,142700000,-50100000,2108400000,802300000,72.25,80.85,63.65,0.488,0.1769,6.45,11.15,24.24,6.85,0.4419,0.2476,0.3537,0.1562,1.13,0.17,1.1249
2001-03-31,2293004923,2293004923,1,40226300000,12851700000,20447600000,10396800000,14856700000,4922000000,0,7283700000,3623100000,11345100000,1657300000,1657300000,0.72,0.71,0.34,2172700000,-1157600000,-1332100000,-378300000,2158500000,632800000,80.63,95.25,66,0.4992,0.1794,6.48,12.52,27.8,6.51,0.4318,0.2439,0.3693,0.1629,1.1,0.67,1.2361
2000-12-31,2303501723,2303501723,1,39910400000,13353400000,20057000000,9709600000,14832400000,5021000000,0,7374200000,3600700000,11467200000,1764500000,1764500000,0.77,0.76,0.34,2200700000,-856900000,-333800000,1001700000,2536800000,817500000,84.78,96.69,72.88,0.5132,0.1805,6.44,14.47,30.28,6.17,0.4253,0.2428,0.3716,0.169,1.07,0.6,1.3753
2000-09-30,2306135098,2306135098,1,38007600000,11600400000,19472400000,8919500000,13520000000,5015200000,0,7458400000,3437600000,10567500000,1835900000,1835900000,0.8,0.78,0.34,1729000000,-1171200000,-1791700000,-1270900000,1535100000,712300000,70.19,77.38,63,0.5142,0.1806,5.86,12.69,26.39,5.83,0.4208,0.2543,0.3557,0.1751,1.03,0.44,1.3006
2000-06-30,2300535217,2300535217,1,37443300000,11840700000,19713900000,9048200000,12719000000,5010400000,0,7549100000,3439100000,9477100000,1721700000,1721700000,0.74,0.73,0.29,1673700000,-1221300000,141200000,583300000,2806000000,693700000,69.25,76.63,61.88,0.4976,0.1766,5.53,13.17,27.26,5.49,0.4237,0.2704,0.3397,0.1785,0.99,0.43,1.3086
2000-03-31,2299421680,2299421680,1,35778400000,11084400000,18679200000,7988700000,12101700000,4997500000,0,7451500000,3443400000,8851400000,1499600000,1499600000,0.65,0.63,0.29,2083900000,-391900000,-1463100000,200800000,2222700000,504300000,65.5,79,52,0.4761,0.175,5.26,11.45,26.73,5.2,0.4351,0.2845,0.3382,0.179,0.98,0.69,1.3875
1999-12-31,2316574409,2316574409,1,35634900000,11259200000,18932800000,8758800000,13241600000,3460500000,0,7584200000,3143900000,8963400000,1573200000,1573200000,0.68,0.66,0.29,1340400000,-940200000,-473400000,-81500000,2021900000,820900000,72.81,81.13,64.5,0.4495,0.1736,5.72,13.24,30.72,4.91,0.4448,0.2374,0.3716,0.1801,0.96,0.22,1.2855
1999-09-30,2337422721,2337422721,1,34587500000,11014900000,17864500000,7669900000,12856600000,3866400000,0,7673100000,3213600000,8195700000,1539600000,1539600000,0.65,0.64,0.29,1550800000,-1098100000,-686500000,-164500000,2103400000,650400000,68.44,75.94,60.94,0.4401,0.1734,5.5,12.38,29.89,4.62,0.4523,0.25,0.3717,0.1828,0.95,0.39,1.4361
1999-06-30,2345522850,2345522850,1,33210100000,10427100000,16522000000,6544600000,12974900000,3713200000,0,7746900000,3212800000,8018200000,1478100000,1478100000,0.63,0.61,0.27,1271900000,1062300000,-1842000000,475300000,2267900000,613200000,75.53,85.06,66,0.4292,0.1726,5.53,13.37,34.1,4.33,0.4602,0.2476,0.3907,0.1853,0.93,0.28,1.5932
1999-03-31,2360551281,2360551281,1,32289100000,9615200000,15220000000,5804900000,13342600000,3726500000,0,8193300000,3217600000,7536700000,1299600000,1299600000,0.55,0.54,0.27,1967600000,-1841000000,-867500000,-813600000,1792600000,476000000,77.42,87.38,67.47,0.4112,0.1754,5.65,14.28,36.01,4.06,0.4559,0.2412,0.4132,0.1897,0.92,0.63,1.6564
1998-12-31,2362986851,2362986851,1,31853400000,10228500000,15346600000,6068800000,12801800000,3705000000,0,8287200000,3220800000,7530700000,1400700000,1400700000,0.59,0.58,0.27,1263900000,-16900000,-1153500000,176900000,2606200000,675900000,70.84,80.88,60.81,0.4024,0.1796,5.42,13.44,33.89,3.79,0.4487,0.2516,0.4019,0.1951,0.92,0.25,1.6854
1998-09-30,1191062739,2382125478,2,31157000000,10332900000,14954800000,5796800000,12560800000,3641400000,0,8377600000,2725900000,6838300000,1367000000,1367000000,1.15,1.12,0.54,1486500000,1237800000,-1764700000,1004400000,2429300000,524800000,63.53,69.56,57.5,0.3916,0.1836,5.27,11.07,31.37,3.52,0.4431,0.217,0.4031,0.1988,0.92,0.4,1.7825
1998-06-30,1190918336,2381836672,2,27494000000,8897400000,12644600000,6000100000,13663600000,1185800000,0,6664200000,1344100000,6470400000,1316100000,1316100000,1.11,1.07,0.45,1053100000,-663300000,-528800000,-171700000,1424900000,457300000,61.44,67.13,55.75,0.3766,0.1864,5.74,11.17,31.19,3.25,0.4372,0.0984,0.497,0.1993,0.94,0.25,1.4829
1998-03-31,1195259337,2390518674,2,26399900000,8386700000,12028600000,4878500000,13146300000,1225000000,0,6722500000,1844600000,6058800000,1164400000,1164400000,0.97,0.95,0.45,1524800000,-569000000,-473900000,471500000,1596600000,315400000,58.55,66.41,50.69,0.3702,0.1835,5.5,11.11,30.57,3.02,0.4461,0.1403,0.498,0.1972,0.93,0.51,1.7191
1997-12-31,1195985267,2391970534,2,25811900000,8213000000,12014000000,5568600000,12613500000,1184400000,0,6780500000,1346500000,6232100000,1242200000,1242200000,1.04,None,0.45,1956000000,-510000000,-1572300000,-156700000,1125100000,459300000,48.22,53.94,42.5,0.364,0.1808,5.27,9,26.35,2.8,0.4533,0.1068,0.4887,0.1952,0.93,0.63,1.4749
1997-09-30,1198258221,2396516442,2,25897800000,8209800000,11828200000,5335000000,12834200000,1235400000,0,6851500000,1689800000,5927700000,1197200000,1197200000,0.99,None,0.45,1653500000,262200000,-2215400000,-305200000,1281800000,415800000,49.73,54.09,45.38,0.3528,0.1756,5.36,9.37,28.42,2.57,0.4615,0.1317,0.4956,0.1936,0.91,0.52,1.5389
1997-06-30,1207875027,2415750054,2,25627900000,8419000000,10514600000,4603000000,12821100000,2292200000,0,6977900000,1726800000,5909200000,1154400000,1154400000,0.96,None,0.42,1214100000,-1012600000,-385400000,-149600000,1587000000,312100000,46.3,52.41,40.19,0.3472,0.1711,5.31,8.99,27.72,2.35,0.4693,0.1347,0.5003,0.193,0.89,0.37,1.829
1997-03-31,1207113399,2414226798,2,24732400000,8216600000,10083700000,4794700000,12432200000,2216500000,0,6689600000,1232300000,5567900000,1020300000,1020300000,0.84,None,0.42,1493000000,-342300000,-685800000,384200000,1736600000,261600000,44.47,49.94,39,0.3427,0.1678,5.15,8.98,27.79,2.14,0.4663,0.0991,0.5027,0.1935,0.87,0.51,1.7137
1996-12-31,1209992221,2419984442,2,24293100000,7726600000,10012400000,4829200000,11970500000,2310200000,0,6736600000,1155900000,5406100000,1043500000,1043500000,0.87,None,0.4,1895200000,-840500000,-994800000,8200000,1352400000,357200000,38.34,42.13,34.56,0.3349,0.1626,4.95,8.11,25.31,1.93,0.4611,0.0966,0.4928,0.1957,0.83,0.64,1.6
1996-09-30,1205439615,2410879230,2,23981500000,7780500000,10265600000,5004200000,11396500000,2319400000,0,6792700000,1328000000,4983400000,1001900000,1001900000,0.83,None,0.4,1247200000,-1008900000,-579800000,-342600000,1344200000,262600000,32.28,35.44,29.13,0.3205,0.1555,4.73,6.87,22.26,1.73,0.4529,0.1165,0.4752,0.1947,0.8,0.41,1.5548
1996-06-30,1205396246,2410792492,2,23246200000,7622600000,9604700000,5274400000,11333300000,2308200000,0,6740100000,1505900000,4908800000,972100000,972100000,0.8,None,0.34,1101700000,455600000,-1597300000,-66600000,1686800000,311300000,30.66,33.06,28.25,0.3075,0.1521,4.7,6.4,21.98,1.53,0.4529,0.1329,0.4875,0.1957,0.78,0.33,1.4452
1996-03-31,1216545822,2433091644,2,23983900000,8610900000,10033200000,5720200000,11663400000,2287300000,0,6786600000,1516200000,4530400000,863800000,863800000,0.7,None,0.34,1183600000,-585500000,-665400000,-94000000,1753400000,265600000,32.97,35.69,30.25,0.2975,0.1495,4.79,6.9,24.42,1.36,0.4565,0.13,0.4863,0.1979,0.76,0.38,1.5053
1995-12-31,1227590397,2455180794,2,23831800000,8617500000,9809800000,5689500000,11735700000,2286300000,0,6826300000,1372800000,4557000000,857800000,857800000,0.7,None,0.3,1152300000,-1490200000,289600000,-58700000,1847400000,341100000,30.73,33.63,27.82,0.2922,0.1485,4.78,6.57,23.55,1.19,0.4583,0.117,0.4924,0.1999,0.74,0.33,1.5146
1995-09-30,1231317572,2462635144,2,22445700000,7754400000,9654900000,5660700000,11516800000,1274000000,0,6969500000,1337100000,4171100000,861900000,861900000,0.7,None,0.34,977400000,-385600000,-227500000,242000000,1906100000,284800000,26.29,28.94,23.63,0.2885,0.148,4.68,5.72,20.78,1.04,0.4638,0.1161,0.5131,0.2032,0.73,0.28,1.3699
1995-06-30,1235488646,2470977292,2,21826700000,7377100000,9107700000,5377200000,11361300000,1357700000,0,7027000000,916100000,4135700000,858100000,858100000,0.69,None,0.3,438400000,-465000000,-585500000,-557000000,1664100000,217000000,23.13,25.63,20.63,0.2833,0.1467,4.6,5.17,18.88,0.87,0.4621,0.0806,0.5205,0.2032,0.72,0.09,1.3719
1995-03-31,1236692610,2473385220,2,21720300000,7473100000,9373800000,5315700000,11047800000,1298700000,0,7074000000,1167700000,3817300000,757400000,757400000,0.61,None,0.3,376100000,1018500000,-878000000,617100000,2221100000,162600000,20.38,22.57,18.19,0.2779,None,4.47,4.54,17.13,0.72,0.4705,0.1057,0.5086,0.2016,0.72,0.09,1.4059
1994-12-31,1240402835,2480805670,2,21856600000,6921700000,9508800000,5448600000,11139000000,1208800000,0,7212300000,1145900000,3871500000,772900000,772900000,0.61,None,0.28,1003500000,975800000,-1576700000,391000000,1604000000,289100000,18.38,19.75,17,0.2744,None,4.49,4.11,None,0.57,0.477,0.1029,0.5096,0.2002,0.72,0.29,1.2704
1994-09-30,1258365534,2516731068,2,21120100000,6617000000,8605600000,5620500000,11257400000,1257100000,0,6684200000,1103800000,3792000000,784800000,784800000,0.62,None,0.3,1321600000,-505100000,-839600000,-6700000,1213000000,263800000,16.29,18.07,14.5,None,None,4.47,3.78,None,0.43,None,0.0981,0.533,None,None,0.42,1.1773
1994-06-30,1260230586,2520461172,2,20706900000,6313400000,8591300000,5685500000,10869600000,1246000000,0,6720900000,1017400000,3792000000,764100000,764100000,0.61,None,0.28,1132600000,-528500000,-336200000,302700000,1219700000,265500000,15.09,16.13,14.06,None,None,4.31,3.64,None,0.28,None,0.0936,0.5249,None,None,0.34,1.1104
1994-03-31,1256976656,2513953312,2,19986600000,5703600000,8355800000,5434900000,10414800000,1216000000,0,6619000000,1093300000,3514300000,675200000,675200000,0.54,None,0.28,682200000,25400000,-649700000,87600000,917000000,190900000,16.69,19,14.38,None,None,4.14,4.18,None,0.14,None,0.105,0.5211,None,None,0.2,1.0494
1993-12-31,1255550712,2511101424,2,19927500000,5734600000,8761400000,5895700000,10021700000,1144400000,0,6645500000,1120800000,None,None,None,None,None,0,None,None,None,None,829400000,0,16.35,17.82,14.88,None,None,3.99,None,None,0,None,0.1118,0.5029,None,None,None,0.9727
