"Quarter end","Shares","Shares split adjusted","Split factor","Assets","Current Assets","Liabilities","Current Liabilities","Shareholders equity","Non-controlling interest","Preferred equity","Goodwill & intangibles","Long-term debt","Revenue","Earnings","Earnings available for common stockholders","EPS basic","EPS diluted","Dividend per share","Cash from operating activities","Cash from investing activities","Cash from financing activities","Cash change during period","Cash at end of period","Capital expenditures","Price","Price high","Price low","ROE","ROA","Book value of equity per share","P/B ratio","P/E ratio","Cumulative dividends per share","Dividend payout ratio","Long-term debt to equity ratio","Equity to assets ratio","Net margin","Asset turnover","Free cash flow per share","Current ratio"
2019-06-30,278534000,278534000,1,32186000000,11526000000,19547000000,7871000000,12204000000,435000000,0,15770000000,4257000000,7159000000,817000000,817000000,2.92,2.92,0.9425,823000000,-177000000,-565000000,81000000,2186000000,179000000,182.13,193.99,170.26,0.2633,0.0978,43.82,4.35,16.97,34.76,0.3314,0.3488,0.3792,0.1096,0.89,2.31,1.4644
2019-03-31,279871000,279871000,1,31576000000,10956000000,19436000000,7680000000,11708000000,432000000,0,14882000000,4256000000,6729000000,781000000,781000000,2.77,2.77,0.9425,-411000000,-292000000,-816000000,-1519000000,2105000000,284000000,168.8,188.34,149.26,0.2711,0.0984,41.83,4.15,16.63,33.82,0.3283,0.3635,0.3708,0.1111,0.89,-2.48,1.4266
2018-12-31,282239000,282239000,1,31864000000,12136000000,19981000000,8288000000,11472000000,411000000,0,14864000000,4755000000,7360000000,832000000,832000000,2.93,2.93,0.87,2432000000,-244000000,-649000000,1539000000,3624000000,231000000,176.73,209.18,144.27,0.2667,0.0944,40.65,4.45,20.62,32.87,0.34,0.4145,0.36,0.1075,0.88,7.8,1.4643
2018-09-30,284577000,284577000,1,30134000000,10635000000,18264000000,7156000000,11310000000,560000000,0,14865000000,4753000000,6806000000,644000000,644000000,2.25,2.25,0.8675,-444000000,-200000000,-373000000,-1017000000,2085000000,194000000,198.46,210.89,186.03,0.2346,0.0808,39.74,5.34,23.94,32,0.3942,0.4202,0.3753,0.0933,0.87,-2.24,1.4862
2018-07-01,285260000,285260000,1,30738000000,11315000000,19619000000,7017000000,10607000000,512000000,0,14865000000,4752000000,6625000000,800000000,800000000,2.78,2.78,0.8675,1156000000,-154000000,-669000000,333000000,3102000000,163000000,210.01,229.75,190.27,0.2302,0.0784,37.18,5.89,28.38,31.14,0.3992,0.448,0.3451,0.0924,0.85,3.48,1.6125
2018-04-01,287250000,287250000,1,30497000000,10960000000,19960000000,6779000000,10237000000,300000000,0,14871000000,4751000000,6267000000,633000000,633000000,2.2,2.19,0.8675,284000000,77000000,-707000000,-346000000,2769000000,231000000,203.93,222.82,185.03,0.2055,0.0706,35.64,5.91,29.34,30.27,0.4376,0.4641,0.3357,0.084,0.84,0.18,1.6168
2017-12-31,288506000,288506000,1,30860000000,11326000000,20588000000,7348000000,9963000000,309000000,0,15352000000,4750000000,6783000000,393000000,393000000,1.35,1.35,0.7975,1623000000,-499000000,-332000000,792000000,3115000000,224000000,185.85,192.41,179.29,0.1927,0.0668,34.53,4.95,24.98,29.4,0.4566,0.4768,0.3228,0.0798,0.84,4.85,1.5414
2017-10-01,289087000,289087000,1,30278000000,10778000000,19106000000,6492000000,10857000000,315000000,0,14878000000,4749000000,6284000000,572000000,572000000,1.97,1.97,0.7975,381000000,204000000,-437000000,148000000,2323000000,158000000,174.28,186.7,161.87,0.2065,0.0722,37.56,4.68,24.01,28.6,0.4178,0.4374,0.3586,0.0877,0.82,0.77,1.6602
2017-07-02,290249000,290249000,1,30229000000,10937000000,19093000000,6587000000,10815000000,321000000,0,14827000000,4747000000,6281000000,553000000,553000000,1.9,1.89,0.7975,782000000,-92000000,-702000000,-12000000,2175000000,92000000,157.51,165.32,149.7,0.2044,0.0713,37.26,4.42,20.32,27.81,0.42,0.4389,0.3578,0.0868,0.82,2.38,1.6604
2017-04-02,291074000,291074000,1,29869000000,10515000000,19158000000,6307000000,10384000000,327000000,0,14825000000,5086000000,6000000000,506000000,506000000,1.74,1.74,0.7975,-41000000,-430000000,-645000000,-1116000000,2187000000,91000000,149.44,157.59,141.28,0.222,0.0773,35.67,4.35,20.09,27.01,0.3843,0.4898,0.3477,0.0941,0.82,-0.45,1.6672
2016-12-31,292880000,292880000,1,30052000000,10678000000,19671000000,6427000000,10066000000,315000000,0,14788000000,5335000000,6238000000,544000000,544000000,1.84,1.84,0.7325,1141000000,135000000,-315000000,961000000,3303000000,225000000,141.75,150.54,132.97,0.2158,0.0753,34.37,3.98,18.93,26.21,0.3911,0.53,0.335,0.0919,0.82,3.13,1.6614
2016-10-02,293647000,293647000,1,29452000000,10155000000,18667000000,6001000000,10467000000,318000000,0,14791000000,5334000000,6033000000,529000000,529000000,1.79,1.79,0.74,640000000,104000000,-418000000,326000000,2342000000,104000000,138.75,143.39,134.1,0.2182,0.0767,35.64,3.97,19.35,25.48,0.3801,0.5096,0.3554,0.0926,0.83,1.83,1.6922
2016-07-03,295095000,295095000,1,29098000000,9850000000,18459000000,6014000000,10316000000,323000000,0,14791000000,5333000000,6035000000,709000000,709000000,2.39,2.38,0.73,745000000,-95000000,-568000000,82000000,2016000000,101000000,130.17,137.34,123,0.2118,0.0741,34.96,3.82,20.21,24.74,0.3873,0.517,0.3545,0.0902,0.82,2.18,1.6378
2016-04-03,296980000,296980000,1,28829000000,9359000000,18189000000,5749000000,10124000000,516000000,0,14791000000,5332000000,5763000000,429000000,429000000,1.43,1.43,0.7325,326000000,-91000000,-629000000,-394000000,1934000000,161000000,121.28,126.84,115.73,0.193,0.0674,34.09,3.58,17.84,24.01,0.4216,0.5267,0.3512,0.0823,0.82,0.56,1.6279
2015-12-31,298998000,298998000,1,29281000000,9812000000,18951000000,6126000000,10128000000,202000000,0,15183000000,5330000000,6328000000,571000000,571000000,1.89,1.89,0.67,826000000,-502000000,-449000000,-125000000,2328000000,167000000,116.82,127.95,105.69,0.2072,0.0723,33.87,3.47,17.2,23.28,0.3905,0.5263,0.3459,0.0892,0.81,2.2,1.6017
2015-09-27,301098000,301098000,1,29249000000,9528000000,18900000000,6328000000,10148000000,201000000,0,14681000000,5334000000,5783000000,447000000,447000000,1.48,1.47,0.67,1101000000,-20000000,-456000000,625000000,2453000000,81000000,102.95,110.33,95.57,0.2115,0.0736,33.7,3.11,14.77,22.61,0.3808,0.5256,0.347,0.0904,0.81,3.39,1.5057
2015-06-28,303548000,303548000,1,28437000000,8704000000,18182000000,5641000000,10056000000,199000000,0,14683000000,5333000000,5848000000,505000000,505000000,1.65,1.65,0.67,376000000,-1358000000,-96000000,-1078000000,1828000000,86000000,104.39,110.99,97.79,0.2097,0.078,33.13,3.28,14.74,21.94,0.361,0.5303,0.3536,0.0946,0.82,0.96,1.543
2015-03-29,305142000,305142000,1,27798000000,10241000000,17892000000,5635000000,9707000000,199000000,0,13060000000,5331000000,5288000000,551000000,551000000,1.79,1.79,0.67,56000000,136000000,-508000000,-316000000,2906000000,64000000,106.22,112.4,100.05,0.2058,0.0812,31.81,3.43,14.79,21.27,0.3457,0.5492,0.3492,0.0973,0.83,-0.03,1.8174
2014-12-31,307323000,307323000,1,27900000000,10292000000,18179000000,5930000000,9525000000,196000000,0,13061000000,5330000000,6143000000,582000000,582000000,1.88,1.88,0.6,914000000,-633000000,307000000,588000000,3222000000,158000000,102.16,110.47,93.85,0.2019,0.0838,30.99,2.67,14.68,20.6,0.3321,0.5596,0.3414,0.0983,0.85,2.46,1.7356
2014-09-28,308368000,308368000,1,26307000000,10285000000,14353000000,5955000000,11784000000,170000000,0,12762000000,4737000000,5474000000,515000000,515000000,1.66,1.65,0.6,424000000,-668000000,-383000000,-627000000,2634000000,86000000,96.39,103.35,89.43,0.1908,0.0834,38.21,2.55,14.13,20,0.3346,0.402,0.4479,0.0972,0.86,1.1,1.7271
2014-06-29,310719000,310719000,1,26380000000,10299000000,14486000000,5896000000,11728000000,166000000,0,12765000000,4736000000,5701000000,551000000,551000000,1.76,1.76,0.6,175000000,518000000,-468000000,225000000,3261000000,76000000,97.78,101.47,94.08,0.2015,0.082,37.74,2.68,14.91,19.4,0.3343,0.4038,0.4446,0.0945,0.87,0.32,1.7468
2014-03-30,312857000,312857000,1,26541000000,10439000000,14958000000,5979000000,11418000000,165000000,0,12765000000,4735000000,5508000000,596000000,596000000,1.89,1.89,0.605,671000000,-539000000,-392000000,-260000000,3036000000,51000000,94.72,101.31,88.13,0.2111,0.0797,36.5,2.7,15.38,18.8,0.34,0.4147,0.4302,0.0902,0.88,1.98,1.7459
2013-12-31,314509000,314509000,1,25967000000,9816000000,14770000000,5810000000,11035000000,162000000,0,12764000000,4734000000,5870000000,531000000,531000000,1.66,1.66,0.55,1101000000,-165000000,-582000000,354000000,3296000000,129000000,82.5,91.04,73.97,0.2173,0.0755,35.09,2.98,13.94,18.19,0.353,0.429,0.425,0.0842,0.9,3.09,1.6895
2013-09-29,319472000,319472000,1,26778000000,9752000000,17767000000,5839000000,8841000000,170000000,0,12765000000,4733000000,5842000000,489000000,489000000,1.52,1.51,0.55,896000000,-17000000,-404000000,475000000,2942000000,73000000,72.75,80.69,64.82,0.2294,0.0726,27.67,2.74,12.31,17.64,0.3593,0.5353,0.3302,0.0797,0.91,2.58,1.6701
2013-06-30,322491000,322491000,1,26376000000,9276000000,17639000000,5454000000,8568000000,169000000,0,12764000000,4732000000,6115000000,488000000,488000000,1.5,1.5,0.55,-42000000,-186000000,-430000000,-658000000,2467000000,68000000,62.14,68.07,56.22,0.2292,0.0738,26.57,2.43,10.68,17.09,0.3517,0.5523,0.3248,0.0795,0.93,-0.34,1.7008
2013-03-31,324614000,324614000,1,26687000000,9458000000,18227000000,5689000000,8290000000,170000000,0,12757000000,4731000000,5879000000,488000000,488000000,1.49,1.49,0.55,423000000,-105000000,-381000000,-63000000,3125000000,57000000,55.84,59.01,52.67,0.2267,0.074,25.54,2.27,9.88,16.54,0.3489,0.5707,0.3106,0.0792,0.94,1.13,1.6625
2012-12-31,326355000,326355000,1,26686000000,9246000000,18496000000,5902000000,8026000000,164000000,0,12756000000,4734000000,6439000000,469000000,469000000,1.42,1.42,0.5,988000000,-690000000,-142000000,156000000,3188000000,151000000,56.64,59.28,54,0.2217,0.0733,24.59,2.06,9.75,15.99,0.35,0.5898,0.3008,0.0773,0.95,2.56,1.5666
2012-09-30,329867000,329867000,1,25697000000,9260000000,16472000000,5668000000,9062000000,163000000,0,12546000000,4609000000,6045000000,500000000,500000000,1.51,1.5,0.5,1111000000,-137000000,-292000000,682000000,3032000000,79000000,56.34,58.4,54.28,0.2293,0.0767,27.47,2.16,9.83,15.49,0.3281,0.5086,0.3526,0.0804,0.96,3.13,1.6337
2012-07-01,332019000,332019000,1,25078000000,8779000000,16279000000,5433000000,8641000000,158000000,0,12542000000,4607000000,5992000000,471000000,471000000,1.41,1.41,0.5,-257000000,-606000000,-328000000,-1191000000,2350000000,49000000,52.95,56.59,49.3,0.2217,0.078,26.03,2.12,9.54,14.99,0.3197,0.5332,0.3446,0.0801,0.97,-0.92,1.6159
2012-04-01,333338000,333338000,1,25627000000,9185000000,17128000000,5731000000,8336000000,163000000,0,12544000000,4606000000,5938000000,448000000,448000000,1.33,1.32,0.5,115000000,-90000000,-484000000,-459000000,3541000000,90000000,50.48,52.96,47.99,0.2088,0.0775,25.01,2.1,9.54,14.49,0.318,0.5525,0.3253,0.078,0.99,0.07,1.6027
2011-12-31,339876000,339876000,1,25854000000,9309000000,17514000000,6130000000,8181000000,159000000,0,13233000000,4605000000,6441000000,543000000,543000000,1.58,1.58,0.43,1318000000,-256000000,533000000,1595000000,4000000000,161000000,44.28,49.07,39.5,0.1937,0.0757,24.07,1.49,8.93,13.99,0.3216,0.5629,0.3164,0.0751,1.01,3.4,1.5186
2011-10-02,346100000,346100000,1,24120000000,8112000000,13713000000,5746000000,10255000000,152000000,0,12468000000,3612000000,6132000000,501000000,501000000,1.42,1.42,0.43,861000000,-106000000,-466000000,289000000,2405000000,105000000,44.23,49.63,38.83,0.1777,0.0734,29.63,1.53,8.06,13.56,0.3315,0.3522,0.4252,0.0704,1.04,2.18,1.4118
2011-07-03,353613000,353613000,1,24055000000,8077000000,13716000000,5341000000,10195000000,144000000,0,12469000000,3612000000,6222000000,438000000,438000000,1.24,1.23,0.43,-87000000,-113000000,-344000000,-544000000,2116000000,63000000,49.71,51.49,47.93,0.2011,0.0838,28.83,1.79,10.31,13.13,0.2889,0.3543,0.4238,0.079,1.06,-0.42,1.5123
2011-04-03,356180000,356180000,1,24574000000,8544000000,14521000000,5760000000,9912000000,141000000,0,12435000000,3611000000,6062000000,384000000,384000000,1.07,1.06,0.43,15000000,-576000000,-417000000,-978000000,2660000000,76000000,49.3,52.51,46.09,0.1795,0.0748,27.83,1.82,10.02,12.7,0.3207,0.3643,0.4034,0.0706,1.06,-0.17,1.4833
2010-12-31,359694000,359694000,1,24422000000,8822000000,14532000000,5960000000,9754000000,136000000,0,12431000000,3610000000,6885000000,459000000,459000000,1.27,1.25,0.38,865000000,-295000000,919000000,1489000000,3638000000,155000000,46.39,48.33,44.45,0.1847,0.078,27.12,1.67,9.33,12.27,0.3045,0.3701,0.3994,0.0731,1.07,1.97,1.4802
2010-09-26,364543000,364543000,1,22852000000,7525000000,12625000000,5314000000,10100000000,127000000,0,11924000000,2326000000,6272000000,728000000,728000000,1.95,1.95,0.38,418000000,-89000000,-565000000,-236000000,2149000000,120000000,46.9,50.59,43.21,0.1889,0.0806,27.71,1.78,10.98,11.89,0.2871,0.2303,0.442,0.0755,1.07,0.82,1.4161
2010-06-27,374112000,374112000,1,23281000000,7720000000,13286000000,5675000000,9875000000,120000000,0,11921000000,2327000000,5973000000,208000000,208000000,0.54,0.56,0.38,400000000,-82000000,-546000000,-228000000,2385000000,50000000,55.2,60.01,50.38,0.1674,0.0704,26.4,2.08,11.17,11.51,0.3166,0.2356,0.4242,0.0661,1.06,0.94,1.3604
2010-03-28,381065000,381065000,1,23800000000,8179000000,13564000000,5359000000,10116000000,120000000,0,11925000000,2328000000,6053000000,445000000,445000000,1.18,1.16,0.375,259000000,-69000000,-219000000,-29000000,2613000000,57000000,54.01,57.29,50.73,0.1982,0.0826,26.55,2.08,11.02,11.13,0.2593,0.2301,0.425,0.077,1.07,0.53,1.5262
2009-12-31,379083000,379083000,1,23607000000,7868000000,13668000000,5523000000,9827000000,112000000,0,11922000000,2329000000,6667000000,504000000,504000000,1.34,1.3,0.31,1069000000,-496000000,-373000000,200000000,2642000000,160000000,49.43,53.84,45.02,0.2037,0.0838,25.92,1.99,10.7,10.76,0.2476,0.237,0.4163,0.0778,1.08,2.4,1.4246
2009-09-27,383217000,383217000,1,22880000000,7549000000,13241000000,5170000000,9535000000,104000000,0,11668000000,2293000000,6205000000,490000000,490000000,1.26,1.25,0.31,742000000,-72000000,-427000000,243000000,2442000000,72000000,45.27,48.64,41.9,0.1989,0.0804,24.88,1.87,10.34,10.45,0.2558,0.2405,0.4167,0.0762,1.06,1.75,1.4602
2009-06-28,389389000,389389000,1,23050000000,7594000000,13511000000,5085000000,9441000000,98000000,0,11665000000,2295000000,6125000000,489000000,489000000,1.24,1.23,0.31,509000000,-78000000,-442000000,-11000000,2199000000,68000000,43.17,48.34,38,0.177,0.077,24.25,1.85,10.4,10.14,0.2632,0.2431,0.4096,0.0747,1.03,1.13,1.4934
2009-03-29,394071000,394071000,1,22879000000,7339000000,13579000000,4668000000,9191000000,109000000,0,11661000000,2297000000,5884000000,452000000,452000000,1.13,1.12,0.31,405000000,-46000000,-408000000,-49000000,2210000000,46000000,43.1,53,33.2,0.1579,0.0738,23.32,1.9,10.91,9.83,0.2705,0.2499,0.4017,0.0728,1.01,0.91,1.5722
2008-12-31,400119000,400119000,1,23296000000,7417000000,13946000000,5149000000,9087000000,263000000,0,11662000000,2309000000,6086000000,421000000,421000000,1.03,1.02,0.28,444000000,-154000000,-792000000,-502000000,2259000000,146000000,48.7,54,43.4,0.1418,0.0713,22.71,1.59,11.33,9.52,0.2707,0.2541,0.3901,0.0721,0.99,0.74,1.4405
2008-09-28,414067000,414067000,1,23766000000,8168000000,10806000000,5059000000,12707000000,253000000,0,11667000000,2273000000,5864000000,427000000,427000000,1.04,1.01,0.28,753000000,-109000000,-437000000,207000000,2761000000,89000000,58.59,61.71,55.46,0.1461,0.0789,30.69,1.92,14.76,9.24,0.2418,0.1789,0.5347,0.0815,0.97,1.6,1.6145
2008-06-29,416902000,416902000,1,23597000000,7981000000,10628000000,4810000000,12736000000,233000000,0,11657000000,2269000000,5870000000,426000000,426000000,1.03,1,0.28,761000000,-93000000,-401000000,267000000,2554000000,69000000,61.31,66.63,56,0.138,0.0736,30.55,2.05,10.32,8.96,0.2561,0.1782,0.5397,0.0776,0.95,1.66,1.6593
2008-03-30,423004000,423004000,1,23134000000,7497000000,10283000000,4474000000,12632000000,219000000,0,11632000000,2288000000,5354000000,398000000,398000000,0.95,0.92,0.255,57000000,-61000000,-364000000,-368000000,2287000000,60000000,63.47,67.11,59.82,0.2133,0.1117,29.86,2.16,10.98,8.68,0.1656,0.1811,0.546,0.121,0.92,-0.01,1.6757
2007-12-31,426386000,426386000,1,23281000000,7616000000,10523000000,4788000000,12542000000,216000000,0,11627000000,2268000000,5599000000,598000000,598000000,1.41,1.37,0.25,933000000,-370000000,-517000000,46000000,2655000000,182000000,63.02,65.33,60.7,0.2153,0.1073,29.41,2.26,12.07,8.42,0.1684,0.1808,0.5387,0.121,0.89,1.76,1.5906
2007-09-23,429307000,429307000,1,23491000000,7807000000,11307000000,4975000000,11973000000,211000000,0,11464000000,2249000000,5355000000,299000000,299000000,0.69,0.68,0.255,731000000,-83000000,-1084000000,-436000000,2609000000,80000000,58.1,63.44,52.76,0.2019,0.0954,27.89,2.09,11.07,8.17,0.1853,0.1878,0.5097,0.1206,0.79,1.52,1.5692
2007-06-24,437335000,437335000,1,24290000000,8150000000,11915000000,5607000000,12180000000,195000000,0,11541000000,2233000000,5419000000,1335000000,1335000000,3.06,2.97,0.255,-50000000,3041000000,-1606000000,1385000000,3045000000,75000000,54.63,56.91,52.35,0.2064,0.095,27.85,2.16,18.39,7.92,0.1824,0.1833,0.5014,0.1197,0.79,-0.29,1.4535
2007-03-25,443856000,443856000,1,25083000000,9099000000,13693000000,6437000000,11211000000,179000000,0,11539000000,3283000000,4928000000,346000000,346000000,0.78,0.76,0.24,-416000000,-81000000,-303000000,-800000000,1660000000,53000000,53.23,55.37,51.1,0.119,0.0538,25.26,2.14,18.68,7.66,0.3189,0.2928,0.447,0.0669,0.8,-1.06,1.4135
2006-12-31,446193000,446193000,1,25491000000,9517000000,14225000000,6715000000,11101000000,165000000,0,11539000000,3278000000,3735000000,365000000,365000000,0.82,0.81,0.24,1551000000,-191000000,-62000000,1298000000,2460000000,147000000,50.8,53.86,47.73,0.1146,0.0517,24.88,1.99,19.1,7.42,0.3271,0.2953,0.4355,0.0632,0.82,3.15,1.4173
2006-09-24,444630000,444630000,1,24787000000,8081000000,13242000000,5937000000,11380000000,165000000,0,11617000000,3401000000,5693000000,321000000,321000000,0.73,0.71,0.24,752000000,-132000000,-383000000,237000000,1162000000,91000000,45.73,47.9,43.56,0.1076,0.0486,25.59,1.8,18.67,7.18,0.344,0.2989,0.4591,0.0524,0.93,1.49,1.3611
2006-06-25,448718000,448718000,1,24453000000,7700000000,12887000000,5075000000,11419000000,147000000,0,11590000000,3945000000,5711000000,310000000,310000000,0.7,0.69,0.24,460000000,-55000000,-424000000,-19000000,925000000,83000000,45.11,47.27,42.95,0.1012,0.0451,25.45,1.85,20.5,6.94,0.3654,0.3455,0.467,0.0491,0.92,0.84,1.5172
2006-03-26,446176000,446176000,1,24557000000,7628000000,13547000000,5731000000,10878000000,132000000,0,11586000000,3962000000,5152000000,287000000,287000000,0.65,0.64,0.22,-20000000,-73000000,-165000000,-258000000,944000000,48000000,42.99,45.99,39.99,0.0931,0.0408,24.38,1.79,22.39,6.7,0.3971,0.3642,0.443,0.0449,0.91,-0.15,1.331
2005-12-31,446115000,446115000,1,24381000000,7567000000,13553000000,5900000000,10709000000,119000000,0,11554000000,3969000000,6210000000,276000000,276000000,0.62,0.62,0.22,1227000000,-128000000,-717000000,382000000,1202000000,169000000,38.28,40.21,36.34,0.0824,0.0359,24.01,1.63,20.8,6.48,0.4537,0.3706,0.4392,0.0398,0.9,2.37,1.2825
2005-09-25,446723000,446723000,1,24324000000,7713000000,13679000000,6214000000,10505000000,140000000,0,11549000000,4170000000,5331000000,228000000,228000000,0.51,0.5,0.22,794000000,-121000000,-307000000,366000000,820000000,96000000,38.41,39.83,36.99,0.0797,0.0347,23.52,1.65,22.86,6.26,0.4615,0.397,0.4319,0.0393,0.88,1.56,1.2412
2005-06-26,451339000,451339000,1,23978000000,7291000000,13317000000,5903000000,10535000000,126000000,0,11511000000,4219000000,5409000000,201000000,201000000,0.45,0.44,0.22,771000000,-74000000,-700000000,-3000000,454000000,74000000,38.11,39.69,36.54,0.0732,0.0317,23.34,1.63,38.49,6.04,0.4971,0.4005,0.4394,0.0364,0.87,1.54,1.2351
2005-03-27,452223000,452223000,1,24341000000,7442000000,13679000000,5886000000,10556000000,106000000,0,11514000000,4206000000,4944000000,166000000,166000000,0.37,0.36,0.22,-277000000,-113000000,291000000,-99000000,457000000,60000000,37.8,39.19,36.41,0.0442,0.0188,23.34,1.62,40.65,5.82,0.8148,0.3984,0.4337,0.0222,0.85,-0.75,1.2644
2004-12-31,453096000,453096000,1,24153000000,7124000000,13505000000,5644000000,10551000000,97000000,0,11516000000,4229000000,5704000000,245000000,245000000,0.54,0.54,0.2,1078000000,-255000000,-1316000000,-493000000,556000000,184000000,38.37,41.89,34.84,0.0418,0.0173,23.29,1.72,43.6,5.6,0.8522,0.4008,0.4368,0.0206,0.84,1.97,1.2622
2004-09-26,452058000,452058000,1,23998000000,7227000000,13805000000,4956000000,10101000000,92000000,0,11477000000,5135000000,4936000000,152000000,152000000,0.34,0.34,0.2,302000000,-50000000,-207000000,45000000,1049000000,98000000,34.54,37.17,31.91,0.0391,0.0158,22.34,1.56,75.09,5.4,0.9241,0.5084,0.4209,0.0192,0.82,0.45,1.4582
2004-06-27,451090000,451090000,1,24303000000,7395000000,14308000000,4683000000,9995000000,0,0,11480000000,5896000000,4929000000,-108000000,-108000000,-0.25,-0.25,0.2,892000000,-171000000,-57000000,664000000,1004000000,99000000,33.1,35.48,30.73,0.0203,0.008,22.16,1.5,34.84,5.2,1.7959,0.5899,0.4113,0.01,0.8,1.76,1.5791
2004-03-28,420651784,420651784,1,23762000000,6912000000,14469000000,3835000000,9293000000,0,0,11478000000,6538000000,4676000000,128000000,128000000,0.31,0.3,0.2,-201000000,-56000000,-64000000,-321000000,340000000,85000000,30.82,32.35,29.28,0.0435,0.0167,22.09,1.41,35.02,5,0.8387,0.7035,0.3911,0.0214,0.78,-0.68,1.8023
2003-12-31,418136000,418136000,1,23668000000,6585000000,14506000000,3849000000,9162000000,0,0,11479000000,6517000000,5101000000,205000000,205000000,0.49,0.49,0.2,1070000000,166000000,-778000000,458000000,661000000,199000000,27.84,30.24,25.45,0.0402,0.0152,21.91,1.28,None,4.8,0.909,0.7113,0.3871,0.0202,0.75,2.08,1.7108
2003-09-28,416226421,416226421,1,23796000000,6766000000,14750000000,4336000000,9046000000,0,0,11474000000,6702000000,4378000000,-35000000,-35000000,-0.08,-0.08,0.2,599000000,-259000000,-501000000,-161000000,203000000,126000000,30.85,33.97,27.74,-0.0063,-0.0024,21.73,1.4,99.52,4.6,None,0.7409,0.3801,None,0.73,1.14,1.5604
2003-06-29,413988000,413988000,1,24293000000,7330000000,15177000000,4690000000,9116000000,0,0,11452000000,6746000000,4429000000,100000000,100000000,0.24,0.24,0.2,640000000,-4000000,-659000000,-23000000,364000000,97000000,30.42,33.69,27.15,0.0132,0.0052,22.02,1.39,None,4.4,2.6226,0.74,0.3753,0.0072,0.72,1.31,1.5629
2003-03-30,410560000,410560000,1,24312000000,7324000000,15353000000,4913000000,8959000000,0,0,11332000000,6695000000,4201000000,95000000,95000000,0.23,0.23,0.2,-740000000,-146000000,729000000,-157000000,387000000,79000000,28.2,32.09,24.31,-0.0113,-0.0045,21.82,1.3,None,4.2,None,0.7473,0.3685,None,0.69,-1.99,1.4907
2002-12-31,408673000,408673000,1,23946000000,7190000000,15076000000,5107000000,8870000000,0,0,11170000000,6280000000,4662000000,-217000000,-217000000,-0.52,-0.52,0.2,842000000,-1434000000,517000000,-75000000,544000000,216000000,28.8,30.75,26.86,-0.0621,-0.0256,21.7,1.08,None,4,None,0.708,0.3704,None,0.67,1.53,1.4079
2002-09-29,405888000,405888000,1,24514000000,7496000000,13672000000,4668000000,10842000000,0,0,11170000000,6088000000,4092000000,147000000,147000000,0.36,0.36,0.2,217000000,-216000000,-1024000000,-1023000000,619000000,136000000,33.62,38.63,28.61,-0.054,-0.023,26.71,1.27,None,3.8,None,0.5615,0.4423,None,0.65,0.2,1.6058
2002-06-30,402886000,402886000,1,25697000000,8622000000,15031000000,6032000000,10666000000,0,0,11168000000,6038000000,4095000000,-136000000,-136000000,-0.34,-0.33,0.2,291000000,-138000000,5000000,158000000,1642000000,131000000,41.03,44.52,37.54,-0.0942,-0.039,26.47,1.51,None,3.6,None,0.5661,0.4151,None,0.63,0.4,1.4294
2002-03-31,398207000,398207000,1,25655000000,8406000000,14803000000,5791000000,10852000000,0,0,11359000000,5995000000,3911000000,-434000000,-434000000,-1.1,-1.07,0.2,-311000000,1069000000,-488000000,270000000,1484000000,102000000,35.91,40.95,30.88,-0.0986,-0.0406,27.25,1.26,None,3.4,None,0.5524,0.423,None,0.64,-1.04,1.4516
2001-12-31,396744000,396744000,1,26636000000,8362000000,15346000000,5753000000,11290000000,0,0,12298000000,6875000000,4631000000,-166000000,-166000000,-0.44,-0.44,0.2,657000000,116000000,-138000000,635000000,1214000000,225000000,33.06,36.3,29.82,-0.0703,-0.0286,28.46,1.13,None,3.2,None,0.6089,0.4239,None,0.63,1.09,1.4535
2001-09-30,361921000,361921000,1,26758000000,8857000000,16191000000,6023000000,10567000000,0,0,12385000000,7623000000,3961000000,-285000000,-285000000,-0.79,-0.79,0.2,-219000000,-148000000,417000000,50000000,579000000,136000000,29.82,34.8,24.85,-0.04,-0.0161,29.2,0.99,None,3,None,0.7214,0.3949,None,0.62,-0.98,1.4705
2001-07-01,359377000,359377000,1,26760000000,8114000000,15925000000,4552000000,10835000000,0,0,13029000000,8565000000,4307000000,-188000000,-188000000,-0.54,-0.53,0.2,130000000,-15000000,-69000000,46000000,529000000,136000000,29.16,32.03,26.3,-0.0036,-0.0015,30.15,0.93,49.42,2.8,None,0.7905,0.4049,None,0.63,-0.02,1.7825
2001-04-01,342950000,342950000,1,26527000000,7788000000,15827000000,4950000000,10700000000,0,0,13182000000,8858000000,3968000000,-124000000,-124000000,-0.36,-0.36,0.2,-435000000,0,47000000,-388000000,483000000,135000000,30.8,35.6,26,0.0185,0.0074,31.2,0.97,75.12,2.6,1.3777,0.8279,0.4034,0.0119,0.62,-1.66,1.5733
2000-12-31,341012000,341012000,1,26777000000,8013000000,15954000000,4865000000,10823000000,0,0,13281000000,9054000000,4380000000,168000000,168000000,0.51,0.5,0.2,954000000,-99000000,-155000000,700000000,871000000,144000000,29.13,33.25,25,0.0131,0.0052,31.74,0.92,208.07,2.4,1.9302,0.8366,0.4042,0.0083,0.63,2.38,1.6471
2000-10-01,339910000,339910000,1,26610000000,7891000000,15894000000,4938000000,10716000000,0,0,13378000000,9049000000,4160000000,105000000,105000000,0.31,0.31,0.2,334000000,-30000000,-522000000,-218000000,171000000,80000000,23.69,28.13,19.25,0.0042,0.0017,31.53,0.75,None,2.2,6.0329,0.8444,0.4027,0.0026,0.64,0.75,1.598
2000-07-02,340012000,340012000,1,27164000000,8357000000,16477000000,5605000000,10687000000,0,0,13469000000,9045000000,4124000000,49000000,49000000,0.14,0.14,0.2,21000000,-70000000,257000000,208000000,389000000,27000000,21.88,25.25,18.5,-0.0206,-0.008,31.43,0.69,437.6,2,None,0.8464,0.3934,None,0.65,-0.02,1.491
2000-04-02,339844000,339844000,1,27002000000,8187000000,16270000000,5373000000,10732000000,0,0,13562000000,9042000000,4231000000,-181000000,-181000000,-0.54,-0.54,0.2,-349000000,-14000000,314000000,-49000000,181000000,140000000,22.75,27.63,17.88,0.0016,0.0006,31.58,0.7,19.12,1.8,15.0398,0.8425,0.3975,0.0009,0.68,-1.44,1.5237
1999-12-31,337647682,337647682,1,28110000000,8931000000,17151000000,7886000000,10959000000,0,0,14034000000,7298000000,4830000000,72000000,72000000,0.21,0.23,0.2,1018000000,-198000000,-703000000,117000000,230000000,138000000,34.81,48.38,21.25,0.0367,0.0142,32.46,1.07,17.58,1.6,0.6683,0.6659,0.3899,0.0204,0.7,2.61,1.1325
1999-10-03,338425000,338425000,1,28684000000,9395000000,17714000000,8070000000,10970000000,0,0,14115000000,7296000000,4776000000,-163000000,-163000000,-0.48,-0.48,0.2,-527000000,46000000,486000000,5000000,113000000,111000000,59.56,75.38,43.75,0.0621,0.0238,32.41,1.8,23.92,1.4,0.3966,0.6651,0.3824,0.0334,0.71,-1.89,1.1642
1999-07-04,337668000,337668000,1,28906000000,9631000000,17753000000,7666000000,11153000000,0,0,14193000000,7790000000,5210000000,290000000,290000000,0.86,0.84,0.2,47000000,-16000000,19000000,50000000,108000000,40000000,65.13,72.88,57.38,0.0787,0.0299,33.03,2.01,26.69,1.2,0.3154,0.6985,0.3858,0.0427,0.7,0.02,1.2563
1999-04-04,336128000,336128000,1,28442000000,9109000000,17547000000,7097000000,10895000000,0,0,14299000000,8161000000,5025000000,205000000,205000000,0.61,0.6,0.2,-855000000,-232000000,724000000,-363000000,58000000,141000000,54.44,58.13,50.75,0.0776,None,32.41,1.69,22.04,1,0.3231,0.7491,0.3831,0.042,0.69,-2.96,1.2835
1998-12-31,336184525,336184525,1,28232000000,8965000000,17435000000,7032000000,10797000000,0,0,14396000000,8163000000,5331000000,348000000,348000000,1.04,1.02,0.2,1313000000,138000000,-1141000000,310000000,421000000,-84000000,53.63,58.56,48.69,0.0792,None,32.12,1.71,None,0.8,0.3199,0.756,0.3824,0.0435,0.67,4.16,1.2749
1998-09-27,336971000,336971000,1,28712000000,9634000000,18133000000,10239000000,10579000000,0,0,11000000000,5980000000,4436000000,11000000,11000000,0.03,0.03,0.2,-80000000,422000000,-528000000,-186000000,111000000,-348000000,49.76,59.63,39.88,None,None,31.39,1.57,None,0.6,None,0.5653,0.3685,None,None,0.8,0.9409
1998-06-28,338241000,338241000,1,29127000000,9701000000,18420000000,10518000000,10707000000,0,0,11000000000,5994000000,5078000000,270000000,270000000,0.8,0.79,0.2,335000000,212000000,-562000000,-15000000,297000000,126000000,54.78,59.19,50.38,None,None,31.65,1.76,None,0.4,None,0.5598,0.3676,None,None,0.62,0.9223
1998-03-29,338582580,338582580,1,29192000000,9801000000,18657000000,10812000000,10535000000,0,0,11000000000,5990000000,4574000000,215000000,215000000,0.63,0.63,0.2,-574000000,-155000000,745000000,16000000,312000000,115000000,52.19,59.5,44.88,None,None,31.12,1.7,None,0.2,None,0.5686,0.3609,None,None,-2.03,0.9065
1997-12-31,338811777,338811777,1,28598000000,9233000000,18173000000,11886000000,10425000000,0,0,10865000000,4406000000,None,None,None,None,None,0,None,None,None,None,296000000,0,52.5,57,48,None,None,30.77,None,None,0,None,0.4226,0.3645,None,None,None,0.7768
