"Quarter end","Shares","Shares split adjusted","Split factor","Assets","Current Assets","Liabilities","Current Liabilities","Shareholders equity","Non-controlling interest","Preferred equity","Goodwill & intangibles","Long-term debt","Revenue","Earnings","Earnings available for common stockholders","EPS basic","EPS diluted","Dividend per share","Cash from operating activities","Cash from investing activities","Cash from financing activities","Cash change during period","Cash at end of period","Capital expenditures","Price","Price high","Price low","ROE","ROA","Book value of equity per share","P/B ratio","P/E ratio","Cumulative dividends per share","Dividend payout ratio","Long-term debt to equity ratio","Equity to assets ratio","Net margin","Asset turnover","Free cash flow per share","Current ratio"
2019-06-30,256921469,256921469,1,52150000000,8910000000,41830000000,16078000000,10320000000,0,0,7652000000,12938000000,11402000000,1052000000,1052000000,4.03,4.02,0,2710000000,-856000000,-479000000,1375000000,3326000000,858000000,83.75,90.16,77.35,0.267,0.0549,40.17,2.25,10.07,2.15,0,1.2537,0.1979,0.0622,0.88,7.21,0.5542
2019-03-31,263129397,263129397,1,50639000000,7608000000,40837000000,15335000000,9802000000,0,0,7667000000,12734000000,9589000000,292000000,292000000,1.09,1.09,0,1915000000,-1580000000,-183000000,152000000,1951000000,1609000000,83.97,90.93,77.02,0.24,0.0492,37.25,2.24,10.83,2.15,0,1.2991,0.1936,0.0543,0.91,1.16,0.4961
2018-12-31,266727577,266727577,1,44792000000,7194000000,34797000000,13212000000,9995000000,0,0,7682000000,13349000000,10491000000,462000000,462000000,1.7,1.69,0,1101000000,-1960000000,-68000000,-927000000,1799000000,1615000000,88.36,97.85,78.87,0.2337,0.0478,37.47,2.54,10.99,2.15,0,1.3356,0.2231,0.0515,0.93,-1.93,0.5445
2018-09-30,272464412,272464412,1,44837000000,8671000000,35368000000,13684000000,9469000000,0,0,7905000000,13334000000,11003000000,836000000,836000000,3.07,3.06,0,905000000,-886000000,-284000000,-265000000,2726000000,848000000,79.66,91.39,67.94,0.255,0.0511,34.75,2.51,11.22,2.15,0,1.4082,0.2112,0.0558,0.92,0.21,0.6337
2018-06-30,272603972,272603972,1,44691000000,8881000000,36052000000,14092000000,8639000000,0,0,7922000000,13499000000,10777000000,684000000,684000000,2.49,2.48,0,2442000000,-987000000,-974000000,481000000,2991000000,738000000,70.16,75.53,64.8,0.2357,0.0472,31.69,2.33,9.64,2.15,0,1.5626,0.1933,0.0523,0.9,6.25,0.6302
2018-03-31,277265493,277265493,1,44018000000,8287000000,35682000000,14183000000,8336000000,0,0,8044000000,13185000000,9032000000,147000000,147000000,0.52,0.52,0,1733000000,-730000000,-84000000,919000000,2510000000,976000000,69.72,79,60.44,0.2496,0.051,30.07,2.25,9.86,2.15,0,1.5817,0.1894,0.0569,0.9,2.73,0.5843
2017-12-31,284700547,284700547,1,42326000000,7113000000,33520000000,12676000000,8806000000,0,0,8062000000,12699000000,9438000000,580000000,580000000,1.99,1.98,0,728000000,-976000000,-140000000,-388000000,1591000000,1094000000,63.06,69.62,56.51,0.243,0.0505,30.93,2.08,9.93,2.15,0,1.4421,0.2081,0.0565,0.9,-1.29,0.5611
2017-09-30,296252435,296252435,1,42565000000,7877000000,33595000000,13087000000,8970000000,0,0,8081000000,12302000000,9878000000,637000000,637000000,2.12,2.12,0,577000000,-1276000000,177000000,-522000000,1979000000,1117000000,69.37,81.39,57.34,0.2231,0.0468,30.28,2.38,9.58,2.15,0,1.3715,0.2107,0.0522,0.9,-1.82,0.6019
2017-06-30,304225391,304225391,1,42307000000,8248000000,33453000000,13596000000,8854000000,0,0,8115000000,11612000000,10000000000,818000000,818000000,2.67,2.66,0,1561000000,-1035000000,-318000000,208000000,2501000000,1088000000,75.3,83.04,67.55,0.2646,0.0554,29.1,2.76,11.84,2.15,0,1.3115,0.2093,0.0609,0.91,1.55,0.6066
2017-03-31,309656006,309656006,1,41445000000,7724000000,32996000000,12662000000,8449000000,0,0,8135000000,12014000000,8420000000,96000000,96000000,0.31,0.31,0,547000000,-643000000,86000000,-10000000,2293000000,687000000,70.45,76.75,64.16,0.2455,0.0504,27.29,2.56,10.17,2.15,0,1.4219,0.2039,0.0556,0.91,-0.45,0.61
2016-12-31,314622651,314622651,1,40140000000,7309000000,31481000000,12286000000,8659000000,0,0,8155000000,10740000000,9052000000,397000000,397000000,1.26,1.26,0,658000000,-956000000,-235000000,-533000000,2303000000,876000000,64.07,76.8,51.34,0.2766,0.0561,27.52,2.41,8.11,2.15,0,1.2403,0.2157,0.0619,0.91,-0.69,0.5949
2016-09-30,317285583,317285583,1,40327000000,7970000000,31888000000,13253000000,8439000000,0,0,8177000000,10364000000,9913000000,965000000,965000000,3.02,3.01,0,1138000000,-663000000,-328000000,147000000,2630000000,684000000,46.09,54.53,37.64,0.3257,0.0664,26.6,1.91,2.6,2.15,0,1.2281,0.2093,0.0736,0.9,1.43,0.6014
2016-06-30,322408298,322408298,1,40476000000,7844000000,32692000000,13982000000,7784000000,0,0,8200000000,10015000000,9396000000,588000000,588000000,1.78,1.78,0,2547000000,-822000000,-1037000000,688000000,2483000000,836000000,48.16,58.9,37.41,0.7893,0.1599,24.14,2.07,2.53,2.15,0,1.2866,0.1923,0.1771,0.9,5.31,0.561
2016-03-31,336823228,336823228,1,40373000000,7224000000,32533000000,13380000000,7840000000,0,0,8635000000,10197000000,8195000000,313000000,313000000,0.88,0.88,0,1199000000,-797000000,-1613000000,-1211000000,1795000000,799000000,51.79,61.41,42.17,0.9694,0.1759,23.28,2.08,2.65,2.15,0,1.3006,0.1942,0.1908,0.92,1.19,0.5399
2015-12-31,359484808,359484808,1,40861000000,7828000000,31895000000,12414000000,8966000000,0,0,8659000000,10400000000,9036000000,823000000,823000000,2.25,2.23,0,1115000000,-774000000,-762000000,-421000000,3006000000,727000000,55.81,61.87,49.76,None,0.1821,24.94,2.43,3.21,2.15,0,1.1599,0.2194,0.1939,0.94,1.08,0.6306
2015-09-30,372810266,372810266,1,41869000000,10097000000,33314000000,13488000000,8555000000,0,0,8716000000,10672000000,10306000000,4816000000,4816000000,12.83,12.82,0,1300000000,-546000000,-123000000,631000000,3427000000,659000000,55.7,62.21,49.2,None,0.166,22.95,5.11,8.04,2.15,0,1.2475,0.2043,0.1716,0.97,1.72,0.7486
2015-06-30,377762286,377762286,1,39367000000,8793000000,35245000000,13810000000,4122000000,0,0,8743000000,10501000000,9914000000,1193000000,1193000000,3.14,3.14,0,1752000000,-1128000000,-1180000000,-556000000,2796000000,1082000000,57.85,65.85,49.85,0.7922,0.069,10.91,7.35,9.97,2.15,0,2.5475,0.1047,0.0691,1,1.77,0.6367
2015-03-31,382001450,382001450,1,39091000000,9509000000,36083000000,13969000000,3008000000,0,0,8780000000,10474000000,8608000000,508000000,508000000,1.33,1.32,0,1825000000,-45000000,-430000000,1350000000,3352000000,193000000,68.44,74.52,62.37,0.7125,0.0588,7.87,10.97,24.27,2.15,0,3.482,0.0769,0.0579,1.02,4.27,0.6807
2014-12-31,384226369,384226369,1,37353000000,8138000000,34957000000,12508000000,2396000000,0,0,8807000000,10692000000,9313000000,28000000,28000000,0.11,0.1,0,-98000000,-626000000,-391000000,-1115000000,2002000000,639000000,53.61,67.77,39.46,0.3709,0.03,6.24,5.12,17.07,2.15,0,4.4624,0.0641,0.029,1.03,-1.92,0.6506
2014-09-30,369070761,369070761,1,38011000000,9225000000,34147000000,12864000000,3864000000,0,0,8853000000,10655000000,10563000000,924000000,923000000,2.49,2.37,0,574000000,-298000000,-583000000,-307000000,3117000000,362000000,44.55,52.45,36.65,0.3889,0.0331,10.47,4.97,25.46,2.15,0,2.7575,0.1017,0.0319,1.03,0.57,0.7171
2014-06-30,373574562,373574562,1,38447000000,9619000000,35100000000,13334000000,3347000000,0,0,8895000000,11054000000,10329000000,789000000,788000000,2.11,2.01,0,1464000000,-905000000,-144000000,415000000,3424000000,581000000,43.13,48.2,38.06,0.2621,0.0187,8.96,6.25,45.4,2.15,0,3.3027,0.0871,0.0181,1.03,2.36,0.7214
2014-03-31,373504409,373504409,1,37185000000,8788000000,34606000000,13091000000,2579000000,0,0,8925000000,10834000000,8696000000,-609000000,-609000000,-1.66,-1.66,0,694000000,-427000000,-478000000,-211000000,3009000000,329000000,43.35,49.2,37.5,0.1772,0.0102,6.9,5.4,32.11,2.15,0,4.2009,0.0694,0.0099,1.03,0.98,0.6713
2013-12-31,371556314,371556314,1,36812000000,8702000000,33828000000,12107000000,2984000000,0,0,8959000000,10924000000,9329000000,140000000,140000000,0.4,0.42,0,-334000000,-723000000,342000000,-715000000,3220000000,678000000,34.65,40.19,29.11,0.3779,0.0154,8.03,7.25,None,2.15,0,3.6609,0.0811,0.0149,1.03,-2.72,0.7188
2013-09-30,361871592,361871592,1,37260000000,9389000000,35532000000,12604000000,1728000000,0,0,9010000000,10985000000,10228000000,379000000,378000000,1.06,0.98,0,237000000,-466000000,21000000,-208000000,3935000000,530000000,32.03,36.74,27.32,-0.2159,-0.0051,4.78,9.37,None,2.15,None,6.3571,0.0464,None,1.01,-0.81,0.7449
2013-06-30,355903723,355903723,1,37468000000,9621000000,36251000000,12927000000,1217000000,0,0,9046000000,10938000000,10001000000,469000000,468000000,1.37,1.21,0,1148000000,-402000000,-141000000,605000000,4143000000,438000000,31.59,35.27,27.9,-0.6212,-0.015,3.42,112.82,None,2.15,None,8.9877,0.0325,None,1,1.99,0.7443
2013-03-31,333937517,333937517,1,36842000000,9148000000,36748000000,12892000000,94000000,0,0,9084000000,10947000000,8721000000,-417000000,-417000000,-1.26,-1.26,0,393000000,-431000000,-1194000000,-1232000000,3538000000,366000000,28.29,32.95,23.62,-0.6857,-0.0183,0.28,19.51,None,2.15,None,116.4574,0.0026,None,0.99,0.08,0.7096
2012-12-31,332635139,332635139,1,37628000000,10049000000,37147000000,12818000000,481000000,0,0,9120000000,11232000000,8702000000,-620000000,-619000000,-1.85,-1.85,0,90000000,-1152000000,703000000,-359000000,4770000000,1205000000,21.54,24.23,18.85,-0.5304,-0.019,1.45,3.92,None,2.15,None,23.3514,0.0128,None,0.97,-3.35,0.784
2012-09-30,332426868,332426868,1,37905000000,10774000000,36078000000,13057000000,1827000000,0,0,9173000000,10420000000,9909000000,6000000,6000000,0.02,0.02,0,-238000000,-230000000,-489000000,-957000000,5129000000,221000000,21.2,24.95,17.45,-0.1428,-0.0063,5.5,4.31,26.5,2.15,None,5.7033,0.0482,None,0.98,-1.38,0.8252
2012-06-30,332356058,332356058,1,38694000000,11708000000,37059000000,13312000000,1635000000,0,0,9204000000,10979000000,9939000000,339000000,338000000,1.02,0.89,0,959000000,-213000000,-266000000,480000000,6086000000,230000000,23.02,25.5,20.55,0.2219,0.0105,4.92,5.06,17.71,2.15,0,6.715,0.0423,0.0107,0.98,2.19,0.8795
2012-03-31,332061107,332061107,1,38199000000,11261000000,36689000000,12486000000,1510000000,0,0,9235000000,11296000000,8602000000,-448000000,-448000000,-1.36,-1.36,0,124000000,-362000000,-402000000,-640000000,5606000000,177000000,21.55,25.84,17.25,0.3176,0.0156,4.55,3.96,10.72,2.15,0,7.4808,0.0395,0.016,0.97,-0.16,0.9019
2011-12-31,332066655,332066655,1,37988000000,10997000000,36182000000,11394000000,1806000000,0,0,9273000000,11424000000,8928000000,-138000000,-138000000,-0.42,-0.42,0,265000000,-517000000,-486000000,-738000000,6246000000,174000000,18.48,21.45,15.51,0.4195,0.0214,5.44,2.64,12.92,2.15,0,6.3256,0.0475,0.0225,0.94,0.27,0.9652
2011-09-30,330852949,330852949,1,39054000000,11986000000,36742000000,11898000000,2312000000,0,0,9295000000,11818000000,10171000000,653000000,651000000,1.97,1.69,0,385000000,-453000000,-467000000,-535000000,6984000000,107000000,19.6,23.28,15.92,0.3289,0.0164,6.99,3.34,13.15,2.15,0,5.1116,0.0592,0.0177,0.92,0.84,1.0074
2011-06-30,330773503,330773503,1,39694000000,12391000000,37752000000,12762000000,1942000000,0,0,9338000000,12071000000,9809000000,538000000,536000000,1.63,1.39,0,753000000,-509000000,-890000000,-646000000,7519000000,130000000,23.08,26.84,19.32,None,0.0111,5.87,3.99,16.6,2.15,0,6.2158,0.0489,0.0121,0.91,1.88,0.9709
2011-03-31,330468892,330468892,1,40552000000,13148000000,38640000000,13874000000,1912000000,0,0,9389000000,12117000000,8202000000,-213000000,-213000000,-0.65,-0.65,0,1005000000,-320000000,-589000000,96000000,8165000000,166000000,24.68,27.72,21.65,None,0.0041,5.79,4.69,15.92,2.15,0,6.3373,0.0471,0.0045,0.9,2.54,0.9477
2010-12-31,328550825,328550825,1,39598000000,12045000000,37871000000,12645000000,1727000000,0,0,9440000000,12470000000,8433000000,-325000000,-325000000,-1,-1,0,106000000,3472000000,-447000000,3131000000,8069000000,136000000,26.43,29.75,23.1,None,0.0101,5.26,None,23.39,2.15,0,7.2206,0.0436,0.0109,0.93,-0.09,0.9526
2010-09-30,317071876,317071876,1,20055000000,7070000000,22261000000,8256000000,-2206000000,0,0,2400000000,6931000000,5394000000,387000000,387000000,2.3,1.75,0,445000000,-57000000,-356000000,32000000,4938000000,88000000,21.71,25,18.42,None,0.0172,-6.96,None,None,2.15,0,None,None,0.0178,0.96,1.13,0.8563
2010-06-30,168361643,168361643,1,20134000000,6983000000,22890000000,8573000000,-2756000000,0,0,2416000000,7295000000,5161000000,273000000,273000000,1.62,1.29,0,874000000,-19000000,535000000,1390000000,4906000000,48000000,20.49,24.59,16.39,None,-0.0055,-16.37,None,None,2.15,None,None,None,None,0.94,4.91,0.8145
2010-03-31,167870833,167870833,1,19952000000,6520000000,22839000000,7539000000,-2887000000,0,0,2439000000,8232000000,4241000000,-82000000,-82000000,-0.49,-0.49,0,482000000,-76000000,68000000,474000000,3516000000,51000000,16.36,20.59,12.13,None,-0.0185,-17.2,None,None,2.15,None,None,None,None,0.89,2.57,0.8648
2009-12-31,167453840,167453840,1,18684000000,5105000000,21495000000,6473000000,-2811000000,0,0,2455000000,7572000000,4193000000,-240000000,-240000000,-1.42,-1.42,0,88000000,-28000000,457000000,517000000,3042000000,87000000,9.78,13.33,6.23,None,-0.0347,-16.79,None,None,2.15,None,None,None,None,0.87,0.01,0.7887
2009-09-30,167041067,167041067,1,18347000000,4526000000,20992000000,6637000000,-2645000000,0,0,2472000000,6979000000,4433000000,-57000000,-57000000,-0.39,-0.39,0,56000000,-43000000,-54000000,-41000000,2525000000,106000000,6.42,9.77,3.07,None,-0.0906,-15.83,None,None,2.15,None,None,None,None,0.88,-0.3,0.6819
2009-06-30,144761948,144761948,1,18806000000,4754000000,21435000000,7100000000,-2629000000,0,0,2507000000,6801000000,4018000000,28000000,28000000,0.19,0.19,0,396000000,-74000000,-213000000,109000000,2566000000,78000000,4.99,6.9,3.08,None,-0.1248,-18.16,None,None,2.15,None,None,None,None,0.91,2.2,0.6696
2009-03-31,143933590,143933590,1,19101000000,4857000000,21756000000,7205000000,-2655000000,0,0,2564000000,6971000000,3691000000,-382000000,-382000000,-2.64,-2.64,0,426000000,65000000,-73000000,418000000,2457000000,46000000,8.17,12.88,3.45,None,-0.2576,-18.45,None,None,2.15,None,None,None,None,0.95,2.64,0.6741
2008-12-31,143885823,143885823,1,19461000000,4861000000,21926000000,7281000000,-2465000000,0,0,2693000000,7199000000,4547000000,-1303000000,-1303000000,-9.65,-9.65,0,-989000000,145000000,-48000000,-892000000,2039000000,123000000,10.64,16.73,4.55,None,-0.2507,-17.13,None,None,2.15,None,None,None,None,0.95,-7.73,0.6676
2008-09-30,128866041,128866041,1,20731000000,5970000000,22013000000,7553000000,-1282000000,0,0,2726000000,7194000000,5565000000,-779000000,-779000000,-6.13,-6.13,0,-387000000,379000000,40000000,32000000,2931000000,74000000,9.32,15.84,2.8,None,-0.1819,-9.95,None,None,2.15,None,None,None,None,0.92,-3.58,0.7904
2008-06-30,126593928,126593928,1,21336000000,6181000000,21831000000,8703000000,-570000000,75000000,0,2741000000,7190000000,5371000000,-2729000000,-2729000000,-21.47,-21.47,0,217000000,472000000,-228000000,461000000,2899000000,117000000,15.04,24.87,5.22,None,-0.1257,-4.5,0.87,None,2.15,None,None,None,None,0.87,0.79,0.7102
2008-03-31,125759290,125759290,1,23813000000,5889000000,21573000000,8263000000,2166000000,74000000,0,5131000000,7277000000,4711000000,-537000000,-537000000,-4.45,-4.45,2.15,-80000000,1725000000,-466000000,1179000000,2438000000,101000000,30.59,41.47,19.71,0.0076,0.0007,17.22,1.51,13.84,2.15,15.0212,3.3596,0.091,0.0009,0.82,-1.44,0.7127
2007-12-31,118994379,118994379,1,24220000000,6095000000,21431000000,7979000000,2418000000,371000000,0,5151000000,7521000000,5030000000,-53000000,-53000000,-0.51,-0.51,0,132000000,497000000,-633000000,-4000000,1259000000,-96000000,42.54,51.6,33.48,0.1715,0.0161,20.32,1.87,19.51,0,0,3.1104,0.0998,0.02,0.8,1.92,0.7639
2007-09-30,116278809,116278809,1,25608000000,6966000000,22602000000,7859000000,2640000000,366000000,0,5607000000,8156000000,5527000000,334000000,334000000,2.82,2.21,0,342000000,-602000000,-144000000,-404000000,1263000000,282000000,42.95,50,35.9,0.173,0.0156,22.7,2.15,33.82,0,0,3.0894,0.1031,0.0201,0.78,0.52,0.8864
2007-06-30,115739989,115739989,1,25665000000,6916000000,22988000000,8261000000,2311000000,366000000,0,5647000000,8540000000,5213000000,274000000,274000000,2.31,1.83,0,1034000000,-2489000000,-54000000,-1509000000,1667000000,78000000,37.97,44.32,31.62,0.1156,0.0099,19.97,2.16,102.62,0,0,3.6954,0.09,0.0128,0.76,8.26,0.8372
2007-03-31,115585795,115585795,1,24739000000,5761000000,22345000000,7818000000,2033000000,361000000,0,5679000000,8633000000,4373000000,-152000000,-152000000,-1.32,-1.32,0,626000000,34000000,-1316000000,-656000000,3176000000,68000000,44.11,51.57,36.64,0.0454,0.0038,17.59,2.32,None,0,0,4.2464,0.0822,0.0048,0.75,4.83,0.7369
2006-12-31,112741372,112741372,1,25369000000,6273000000,22860000000,7945000000,2148000000,361000000,0,5731000000,8803000000,4586000000,-61000000,-61000000,-0.54,-0.54,0,293000000,-401000000,-141000000,-249000000,3832000000,70000000,36.66,46.54,26.77,0.0111,0.001,19.05,1.94,None,0,0,4.0982,0.0847,0.0012,0.7,1.98,0.7896
2006-09-30,110729885,110729885,1,25863000000,6552000000,23418000000,7262000000,2089000000,356000000,0,5850000000,9924000000,5176000000,190000000,187000000,1.62,1.3,0,131000000,-6000000,-138000000,-13000000,4081000000,93000000,27.04,32.17,21.9,None,-0.6951,18.87,1.46,None,0,None,4.7506,0.0808,None,0.73,0.34,0.9022
2006-06-30,104247443,104247443,1,26022000000,6745000000,23734000000,7894000000,1932000000,356000000,0,5893000000,9885000000,5113000000,119000000,119000000,1.01,0.93,0,683000000,-68000000,-154000000,461000000,4094000000,67000000,33.03,40.05,26.02,None,-0.8247,18.53,1.87,None,0,None,5.1165,0.0742,None,0.75,5.91,0.8544
2006-03-31,98514341,98514341,1,25550000000,6113000000,23473000000,7395000000,1739000000,338000000,0,5892000000,10247000000,3007000000,-223000000,-223000000,-1.95,-1.95,0,294000000,463000000,1245000000,2002000000,3633000000,62000000,36.26,43,29.51,None,-0.9536,17.65,None,None,0,None,5.8925,0.0681,None,0.77,2.35,0.8266
2005-12-31,97406273,97406273,1,19342000000,4259000000,9886000000,5234000000,-25560000000,35016000000,0,388000000,1400000000,4386000000,-16904000000,-16904000000,-158.25,-158.25,0,277000000,-57000000,-157000000,49000000,1761000000,218000000,0.92,1.35,0.49,None,-1.0566,-262.41,None,None,0,None,None,None,None,0.87,0.61,0.8137
2005-09-30,116220959,116220959,1,20170000000,5176000000,9964000000,6188000000,-10032000000,20238000000,0,393000000,253000000,4655000000,-1772000000,-1772000000,-15.26,-15.26,0,-16000000,-112000000,225000000,97000000,1712000000,155000000,0.97,1.62,0.32,None,-0.246,-86.32,None,None,0,None,None,None,None,0.85,-1.47,0.8365
2005-06-30,116220959,116220959,1,20207000000,4701000000,9816000000,6084000000,-8271000000,18662000000,0,395000000,255000000,4423000000,-1430000000,-1430000000,-12.33,-12.33,0,558000000,-142000000,-91000000,325000000,1677000000,84000000,1.66,2.4,0.92,None,-0.1695,-71.17,None,None,0,None,None,None,None,0.82,4.08,0.7727
2005-03-31,116220959,116220959,1,20444000000,4414000000,11569000000,6671000000,-8714000000,17589000000,0,397000000,310000000,3915000000,-1070000000,-1070000000,-9.23,-9.23,0,260000000,20000000,-87000000,159000000,1382000000,13000000,1.2,1.51,0.89,None,-0.1106,-74.98,None,None,0,None,None,None,None,0.79,2.13,0.6617
2004-12-31,116220959,116220959,1,20705000000,3914000000,12350000000,6461000000,-7680000000,16035000000,0,399000000,301000000,4313000000,-741000000,-741000000,-6.41,-6.41,0,-247000000,79000000,-67000000,-270000000,1223000000,47000000,1.15,1.38,0.92,None,-0.0803,-66.08,None,None,0,None,None,None,None,0.76,-2.53,0.6058
2004-09-30,116220959,116220959,1,21605000000,4267000000,14811000000,6642000000,-6856000000,13650000000,0,401000000,323000000,4305000000,-274000000,-274000000,-2.38,-2.38,0,-92000000,-123000000,366000000,116000000,1493000000,70000000,1.16,1.44,0.87,None,-0.0669,-58.99,None,None,0,None,None,None,None,0.72,-1.39,0.6424
2004-06-30,116220959,116220959,1,21565000000,4089000000,14536000000,6240000000,-6624000000,13653000000,0,402000000,326000000,4041000000,-247000000,-247000000,-2.25,-2.25,0,62000000,-283000000,-218000000,-482000000,1377000000,97000000,1.29,1.6,0.98,None,-0.0706,-56.99,None,None,0,None,None,None,None,0.69,-0.3,0.6553
2004-03-31,110737449,110737449,1,21848000000,4279000000,14432000000,6314000000,-6376000000,13792000000,0,405000000,158000000,3732000000,-459000000,-459000000,-4.17,-4.17,0,376000000,5000000,-127000000,219000000,1859000000,53000000,2.35,3.7,1.01,None,-0.0863,-57.58,None,None,0,None,None,None,None,0.64,2.92,0.6777
2003-12-31,110617714,110617714,1,21979000000,4024000000,13931000000,6112000000,-5916000000,13964000000,0,406000000,163000000,3614000000,-475000000,-475000000,-4.13,-4.13,0,65000000,109000000,-104000000,21000000,1640000000,64000000,1.4,1.8,0.99,None,-0.1242,-53.48,None,None,0,None,None,None,None,0.61,0.01,0.6584
2003-09-30,110140298,110140298,1,22373000000,3949000000,13995000000,5041000000,-5775000000,14153000000,0,407000000,2529000000,3817000000,-367000000,-367000000,-3.47,-3.47,0,286000000,210000000,-99000000,347000000,1619000000,30000000,0.83,1.23,0.43,None,-0.1653,-52.43,None,None,0,None,None,None,None,0.59,2.32,0.7834
2003-06-30,104636812,104636812,1,22950000000,3778000000,14099000000,4658000000,-5409000000,14260000000,0,408000000,3053000000,3109000000,-623000000,-623000000,-6.26,-6.26,0,838000000,-22000000,-107000000,635000000,1272000000,20000000,1.24,2,0.48,None,-0.1843,-51.69,None,None,0,None,None,None,None,0.57,7.82,0.8111
2003-03-31,99505579,99505579,1,23121000000,3194000000,12932000000,4296000000,-3823000000,14012000000,0,410000000,3261000000,3184000000,-1343000000,-1343000000,-14.16,-14.16,0,-188000000,-26000000,-26000000,-249000000,637000000,36000000,1.14,1.52,0.75,None,-0.1674,-38.42,None,None,0,None,None,None,None,0.59,-2.25,0.7435
2002-12-31,95528119,95528119,1,23656000000,3379000000,12304000000,3991000000,-2483000000,13835000000,0,412000000,700000000,3468000000,-1472000000,-1472000000,-18.27,-18.27,0,-447000000,-302000000,624000000,-125000000,886000000,44000000,2.77,4.91,0.64,None,-0.13,-25.99,0.14,None,0,None,None,None,None,0.58,-5.14,0.8467
2002-09-30,66174321,66174321,1,24190000000,4060000000,22787000000,7160000000,1303000000,100000000,0,414000000,8942000000,3737000000,-889000000,-889000000,-15.57,-15.57,0,-697000000,194000000,-308000000,-811000000,1011000000,52000000,6.75,11.6,1.9,-0.9028,-0.0816,19.69,0.18,None,0,None,6.8626,0.0539,None,0.55,-11.32,0.567
2002-06-30,56927786,56927786,1,25679000000,5097000000,23397000000,7573000000,2167000000,115000000,0,414000000,9131000000,3793000000,-341000000,-341000000,-6.08,-6.08,0,90000000,-128000000,-214000000,-252000000,1822000000,32000000,12.8,16.11,9.5,-0.8524,-0.0911,38.07,0.28,None,0,None,4.2137,0.0844,None,0.56,1.02,0.673
2002-03-31,55797344,55797344,1,25310000000,5253000000,22613000000,8292000000,2571000000,126000000,0,416000000,8480000000,3288000000,-510000000,-510000000,-9.22,-9.22,0,-85000000,307000000,164000000,386000000,2074000000,29000000,14.4,17.9,10.9,-0.6977,-0.0927,46.08,0.26,None,0,None,3.2983,0.1016,None,0.59,-2.04,0.6335
2001-12-31,55474616,55474616,1,25197000000,5086000000,21989000000,8066000000,3033000000,175000000,0,984000000,8565000000,2949000000,-308000000,-308000000,-5.77,-5.77,0,-734000000,-201000000,513000000,-422000000,1688000000,93000000,14.75,20.1,9.4,-0.5423,-0.0854,54.67,0.26,None,0,None,2.8239,0.1204,None,0.64,-14.91,0.6305
2001-09-30,54497000,54497000,1,25604000000,5644000000,21962000000,8474000000,3107000000,535000000,0,1121000000,8291000000,4107000000,-1159000000,-1159000000,-21.43,-21.43,0,183000000,-575000000,1704000000,1312000000,2110000000,534000000,26.38,36.54,16.22,-0.4245,-0.0766,57.01,0.3,None,0,None,2.6685,0.1213,None,0.72,-6.44,0.666
2001-06-30,54009449,54009449,1,24914000000,4465000000,19657000000,8122000000,4716000000,541000000,0,655000000,6582000000,4658000000,-365000000,-365000000,-6.87,-6.87,0,179000000,-666000000,35000000,-452000000,798000000,699000000,34.5,38.5,30.5,-0.1729,-0.0356,87.32,0.37,None,0,None,1.3957,0.1893,None,0.77,-9.63,0.5497
2001-03-31,53118369,53118369,1,24720000000,4540000000,19180000000,7341000000,4966000000,574000000,0,663000000,7017000000,4424000000,-313000000,-313000000,-5.97,-5.97,0,212000000,-527000000,-114000000,-429000000,1250000000,625000000,38,45.5,30.5,-0.0318,-0.0069,93.49,0.39,None,0,None,1.413,0.2009,None,0.81,-7.78,0.6184
2000-12-31,53118369,53118369,1,24355000000,4779000000,18495000000,6781000000,5190000000,670000000,0,671000000,6949000000,4792000000,-71000000,-71000000,-1.43,-1.43,0,-52000000,-265000000,1378000000,1061000000,1679000000,532000000,39,43.94,34.06,0.0023,0.0022,97.71,0.4,None,0,0,1.3389,0.2131,0.0006,0.85,-10.99,0.7048
2000-09-30,52100356,52100356,1,23073000000,4066000000,17093000000,7226000000,5144000000,836000000,0,572000000,5181000000,4905000000,-116000000,-116000000,-2.3,-2.3,0,422000000,-841000000,376000000,-43000000,618000000,863000000,50.94,61.63,40.25,0.041,0.0114,98.73,0.49,10.37,0,0,1.0072,0.2229,0.0111,0.86,-8.46,0.5627
2000-06-30,51338457,51338457,1,22375000000,3826000000,16176000000,6789000000,5349000000,850000000,0,580000000,4756000000,5109000000,336000000,336000000,6.61,2.86,0,1220000000,-738000000,-221000000,261000000,661000000,587000000,57.06,65.13,49,0.1266,0.0336,104.19,0.56,6.83,0,0,0.8891,0.2391,0.0346,0.88,12.33,0.5636
2000-03-31,49955858,49955858,1,21652000000,3322000000,15694000000,6334000000,5061000000,897000000,0,563000000,4891000000,4546000000,-99000000,-137000000,-2.72,-1.18,0,882000000,-677000000,-115000000,90000000,400000000,556000000,62.38,79,45.75,0.1962,0.0499,101.31,0.6,6.26,0,0,0.9664,0.2337,0.0537,0.87,6.53,0.5245
1999-12-31,49792290,49792290,1,20963000000,2935000000,14819000000,5411000000,5151000000,993000000,0,568000000,4987000000,4481000000,129000000,129000000,1.84,0.34,0,260000000,-665000000,-200000000,-605000000,310000000,631000000,69.44,78.75,60.13,0.2526,0.06,103.45,0.72,7.03,0,0,0.9682,0.2457,0.0651,0.88,-7.45,0.5424
1999-09-30,53524340,53524340,1,21209000000,3775000000,15136000000,5950000000,5158000000,915000000,0,0,5067000000,4845000000,359000000,328000000,6.18,2.89,0,569000000,-729000000,-69000000,-229000000,915000000,452000000,63.78,69.38,58.19,0.2627,0.058,96.37,0.7,5.96,0,0,0.9824,0.2432,0.0615,0.89,2.19,0.6345
1999-06-30,52959884,52959884,1,21044000000,3557000000,15367000000,6001000000,4797000000,880000000,0,0,5067000000,4541000000,669000000,669000000,12.21,6.3,0,880000000,277000000,-269000000,888000000,1144000000,648000000,73.72,87.38,60.06,0.3149,0.0632,90.58,1.1,10.78,0,0,1.0563,0.228,0.0658,0.92,4.38,0.5927
1999-03-31,51950145,51950145,1,19071000000,2633000000,14742000000,5752000000,3467000000,862000000,0,672000000,5109000000,4160000000,78000000,47000000,0.91,0.44,0,712000000,-507000000,-339000000,-134000000,256000000,658000000,68.91,80.25,57.56,0.2398,0.0448,66.74,1.08,10.22,0,0,1.4736,0.1818,0.0443,0.94,1.04,0.4578
1998-12-31,51419567,51419567,1,18559000000,2908000000,14455000000,5668000000,3281000000,823000000,0,676000000,4971000000,4281000000,53000000,53000000,0.51,0.25,0,340000000,-404000000,7000000,-57000000,390000000,442000000,63.06,70.88,55.25,0.2536,0.0451,63.81,1.01,9.02,0,0,1.5151,0.1768,0.0438,0.96,-1.98,0.5131
1998-09-30,53126436,53126436,1,18900000000,3191000000,14782000000,5908000000,3306000000,812000000,0,691000000,4767000000,4783000000,425000000,400000000,6.91,3.71,0,1067000000,-756000000,-452000000,-141000000,447000000,810000000,75,94,56,0.2643,0.0452,62.23,1.46,6.1,0,0,1.4419,0.1749,0.0422,1,4.84,0.5401
1998-06-30,58364081,58364081,1,18269000000,3348000000,14496000000,5857000000,2991000000,782000000,0,695000000,4635000000,4442000000,282000000,282000000,4.43,2.44,0,961000000,-310000000,-279000000,372000000,588000000,687000000,85.28,97.5,73.06,0.359,0.0568,51.25,1.92,7.01,0,0,1.5496,0.1637,0.0529,1.04,4.69,0.5716
1998-03-31,57755726,57755726,1,17068000000,2851000000,13801000000,5521000000,2566000000,701000000,0,699000000,4531000000,4055000000,61000000,35000000,0.6,0.34,0,826000000,-848000000,-57000000,-79000000,216000000,893000000,88.63,95.25,82,0.3861,0.0582,44.43,2.18,6.96,0,0,1.7658,0.1503,0.0497,1.11,-1.16,0.5164
1997-12-31,57507227,57507227,1,15803000000,2948000000,12851000000,5248000000,2337000000,615000000,0,703000000,3771000000,4235000000,23000000,23000000,1.99,0.5,0,170000000,-565000000,161000000,-234000000,295000000,642000000,91.13,101.75,80.5,0.48,0.0649,40.64,2.28,None,0,0,1.6136,0.1479,0.0524,1.19,-8.21,0.5617
1997-09-30,58782762,58782762,1,15386000000,3224000000,12584000000,5989000000,2346000000,456000000,0,507000000,3076000000,4640000000,579000000,579000000,9.01,9.01,0,918000000,-213000000,-253000000,452000000,529000000,679000000,79.69,87.88,71.5,None,None,39.91,2.85,None,0,None,1.3112,0.1525,None,None,4.07,0.5383
1997-06-30,59661853,59661853,1,13925000000,2624000000,11869000000,5403000000,1671000000,385000000,0,512000000,3007000000,4382000000,242000000,224000000,2.31,2.31,0,799000000,-1195000000,18000000,-378000000,77000000,1183000000,72.19,81.38,63,None,None,28.01,3.45,None,0,None,1.7995,0.12,None,None,-6.44,0.4857
1997-03-31,59173122,59173122,1,13350000000,2994000000,11764000000,5310000000,1237000000,349000000,0,517000000,3095000000,4121000000,105000000,85000000,0.92,0.92,0,680000000,-328000000,-126000000,226000000,455000000,308000000,63.44,71.5,55.38,None,None,20.9,3.76,None,0,None,2.502,0.0927,None,None,6.29,0.5638
1996-12-31,58933372,58933372,1,12677000000,2682000000,11384000000,5003000000,995000000,298000000,0,524000000,2986000000,None,None,None,None,None,0,None,None,None,None,229000000,0,54,64.75,43.25,None,None,16.88,None,None,0,None,3.001,0.0785,None,None,None,0.5361
1996-09-30,58500000,58500000,1,None,None,None,None,None,0,0,0,0,None,None,None,None,None,0,None,None,None,None,None,0,49.06,56.63,41.5,None,None,None,None,None,0,None,None,None,None,None,None,None
1996-06-30,58403390,58403390,1,11533000000,2655000000,11050000000,4982000000,367000000,116000000,0,738000000,3053000000,4164000000,196000000,180000000,2.01,1.99,0,666000000,-193000000,-527000000,-54000000,194000000,305000000,55.19,60.13,50.25,None,0.0314,6.28,None,None,0,0,8.3188,0.0318,0.0224,1.34,6.18,0.5329
1996-03-31,14565809,58263236,4,11572000000,2804000000,11461000000,4899000000,-30000000,141000000,0,750000000,3370000000,3735000000,-23000000,-23000000,-0.9,-0.9,0,374000000,288000000,-608000000,54000000,248000000,67000000,46.13,53.69,38.56,None,None,-0.51,None,None,0,0,None,None,0.0211,1.3,5.27,0.5724
1995-12-31,12625189,50500756,4,11641000000,3043000000,11761000000,4433000000,-239000000,119000000,0,763000000,3913000000,3667000000,-48000000,-48000000,-28.06,-28.06,0,252000000,7000000,-496000000,-237000000,194000000,369000000,47.23,52.97,41.5,None,None,-4.73,None,None,0,0,None,None,0.0234,1.25,-2.32,0.6864
1995-09-30,12667272,50669088,4,12070000000,3536000000,12157000000,4921000000,-144000000,57000000,0,772000000,4009000000,4127000000,243000000,243000000,14.06,12.87,0,222000000,-23000000,-148000000,51000000,431000000,412000000,38.69,43,34.38,None,None,-2.84,None,None,0,None,None,None,None,None,-3.75,0.7186
1995-06-30,12624019,50496076,4,12102000000,3694000000,12570000000,4971000000,-522000000,54000000,0,787000000,3992000000,3815000000,151000000,151000000,12,10.94,0,696000000,-363000000,-482000000,-149000000,380000000,248000000,30.88,35.75,26,None,None,-10.34,None,None,0,None,None,None,None,None,8.87,0.7431
1995-03-31,12389263,49557052,4,11821000000,3407000000,11999000000,4910000000,-229000000,51000000,0,799000000,3592000000,3334000000,3000000,3000000,-1.05,-1.05,0,454000000,-99000000,-326000000,29000000,529000000,82000000,24.36,26.81,21.91,None,None,-4.62,None,None,0,None,None,None,None,None,7.51,0.6939
1994-12-31,12434865,49739460,4,11764000000,3192000000,12031000000,4906000000,-316000000,49000000,0,814000000,3617000000,None,None,None,None,None,0,None,None,None,None,500000000,0,22.5,24.22,20.78,None,None,-6.35,None,None,0,None,None,None,None,None,None,0.6506
