"Quarter end","Shares","Shares split adjusted","Split factor","Assets","Current Assets","Liabilities","Current Liabilities","Shareholders equity","Non-controlling interest","Preferred equity","Goodwill & intangibles","Long-term debt","Revenue","Earnings","Earnings available for common stockholders","EPS basic","EPS diluted","Dividend per share","Cash from operating activities","Cash from investing activities","Cash from financing activities","Cash change during period","Cash at end of period","Capital expenditures","Price","Price high","Price low","ROE","ROA","Book value of equity per share","P/B ratio","P/E ratio","Cumulative dividends per share","Dividend payout ratio","Long-term debt to equity ratio","Equity to assets ratio","Net margin","Asset turnover","Free cash flow per share","Current ratio"
2019-06-30,54571141,54571141,1,5992000000,3456000000,3878000000,1452000000,1923000000,191000000,0,0,2080000000,2893000000,260000000,260000000,4.69,4.67,1.44,323000000,-39000000,-365000000,-77000000,315000000,39000000,287,318.9,255.09,0.4237,0.1388,35.24,8.07,20.28,51.42,0.373,1.0816,0.3209,0.0728,1.9,5.2,2.3802
2019-03-31,55443591,55443591,1,6014000000,3508000000,3862000000,1462000000,1971000000,181000000,0,871000000,2077000000,2799000000,253000000,250000000,4.5,4.48,1.36,127000000,-52000000,-221000000,-146000000,392000000,54000000,291.61,316.89,266.33,0.4125,0.1355,35.55,8.45,21.22,49.98,0.3818,1.0538,0.3277,0.0708,1.9,1.32,2.3995
2018-12-31,55679223,55679223,1,5873000000,3557000000,3780000000,1501000000,1921000000,172000000,0,884000000,2090000000,2762958000,209107000,207806000,3.71,3.69,1.36,313996000,-60787000,-232558000,21026000,538000000,59662000,313.09,361.17,265,0.4126,0.1325,34.5,9.1,24.69,48.62,0.3871,1.088,0.3271,0.0692,1.9,4.57,2.3698
2018-09-30,56320463,56320463,1,5932183000,3583344000,3832129000,1467332000,1937703000,162351000,0,909339000,2148399000,2831429000,104377000,103494000,1.84,1.82,1.36,348165000,-31424000,-106071000,204389000,516850000,33535000,332.49,372.06,292.92,0.3939,0.123,34.4,9.85,24.36,47.26,0.4128,1.1087,0.3266,0.0647,1.88,5.59,2.4421
2018-06-30,56133815,56133815,1,5904572000,3373002000,3854303000,1424495000,1894121000,156148000,0,1100000000,2210358000,2860212000,236981000,235163000,4.19,4.16,1.36,247954000,-42512000,-185306000,10446000,312461000,36641000,296.28,322.34,270.23,0.4354,0.1334,33.74,9.37,26.55,45.9,0.3777,1.167,0.3208,0.0712,1.86,3.76,2.3679
2018-03-31,56017200,56017200,1,5902811000,3307162000,3976905000,1504332000,1770598000,155308000,0,1100000000,2244406000,2766401000,231535000,229537000,4.09,4.07,1.28,146885000,-31277000,-146065000,-24861000,302015000,23162000,260.69,298.14,223.25,0.3667,0.1099,31.61,8.66,26.02,44.54,0.4555,1.2676,0.3,0.0598,1.82,2.21,2.1984
2017-12-31,56105411,56105411,1,5804254000,3205989000,3976521000,1506661000,1690132000,137601000,0,1100000000,2248036000,2632461000,151059000,149907000,2.64,2.63,1.28,335679000,-46445000,-248056000,42301000,326876000,36293000,203.48,240.49,166.46,0.3332,0.1007,30.12,6.56,24.22,43.26,0.4988,1.3301,0.2912,0.0557,1.79,5.34,2.1279
2017-09-30,56983188,56983188,1,5825060000,3175060000,3923975000,1392523000,1767497000,133588000,0,1100000000,2270001000,2635999000,162006000,160597000,2.8,2.79,1.28,348700000,-24803000,-314608000,9510000,284575000,19373000,170.41,185.82,155,0.2774,0.0855,31.02,5.71,19.68,41.98,0.5899,1.2843,0.3034,0.0479,1.77,5.78,2.2801
2017-06-30,57690673,57690673,1,5861881000,3186347000,4013685000,1410578000,1723328000,124868000,0,1100000000,2267872000,2615269000,97921000,97277000,1.68,1.67,1.28,191232000,-37306000,-121284000,36264000,275065000,30927000,201.62,234.66,168.58,0.2799,0.0894,29.87,6.56,20.62,40.7,0.5623,1.316,0.294,0.0504,1.76,2.78,2.2589
2017-03-31,58405698,58405698,1,5782549000,3096183000,3866026000,1688430000,1794802000,121721000,0,1100000000,1847717000,2541129000,174744000,173266000,2.95,2.93,1.22,180946000,-37529000,-183200000,-35345000,238801000,30462000,245.88,262.71,229.05,0.3031,0.1018,30.73,8.05,25.01,39.42,0.4916,1.0295,0.3104,0.0579,1.74,2.58,1.8338
2016-12-31,58837353,58837353,1,5694307000,3020229000,3788539000,1628937000,1797935000,107833000,0,1113276000,1840946000,2470710000,60666000,60164000,1.02,1.01,1.22,332593000,-76868000,-254631000,-11835000,274146000,63693000,221.34,240.74,201.94,0.2914,0.1031,30.56,6.45,19.9,38.2,0.4828,1.0239,0.3157,0.0592,1.72,4.57,1.8541
2016-09-30,59569554,59569554,1,5885509000,3129192000,3724473000,1536311000,2042713000,118323000,0,1000000000,1874132000,2596288000,185873000,184241000,3.07,3.05,1.22,343994000,-111861000,-258121000,-30016000,285981000,102935000,224.03,235.53,212.54,0.3142,0.1167,34.29,6.34,20.38,36.98,0.4244,0.9175,0.3471,0.0674,1.71,4.05,2.0368
2016-06-30,60422556,60422556,1,5964804000,3190262000,3722230000,1641344000,2133903000,108671000,0,1027630000,1765809000,2563668000,172676000,171130000,2.81,2.79,1.22,172658000,-28150000,-110438000,36091000,315997000,24618000,226.29,239.95,212.64,0.3058,0.1181,35.32,6.12,19.76,35.76,0.4217,0.8275,0.3577,0.0685,1.71,2.45,1.9437
2016-03-31,61322179,61322179,1,5964839000,3138961000,3600639000,1880440000,2267299000,96901000,0,1053717000,1387124000,2506538000,186713000,184966000,3,2.98,1.17,153731000,-45385000,-131342000,-10230000,279906000,37980000,205.81,234.77,176.85,0.2976,0.127,36.97,5.6,17.83,34.54,0.3994,0.6118,0.3801,0.0735,1.71,1.89,1.6693
2015-12-31,61728599,61728599,1,5857755000,3048642000,3505041000,1788534000,2266634000,86080000,0,1045630000,1388414000,2478258000,145232000,143877000,2.32,2.3,1.17,253974000,-123317000,-99151000,31985000,290136000,118165000,211.3,233,189.6,0.2825,0.1355,36.72,5.62,18.58,33.37,0.3876,0.6125,0.3869,0.0763,1.76,2.2,1.7045
2015-09-30,62788526,62788526,1,5807153000,3104686000,3361101000,1549197000,2361251000,84801000,0,678311000,1450624000,2532900000,192201000,190387000,2.94,2.92,1.17,366425000,-549644000,-365030000,-561635000,258151000,80092000,217.21,240,194.42,0.2615,0.1397,37.61,4.74,18.49,32.2,0.3859,0.6143,0.4066,0.0766,1.81,4.56,2.0041
2015-06-30,65975137,65975137,1,5826909000,3523746000,2727471000,1047102000,3020515000,78923000,0,486612000,1348642000,2522565000,220548000,218388000,3.28,3.25,1.17,213296000,-78193000,441626000,576359000,819786000,68598000,240.46,252.87,228.05,0.252,0.1498,45.78,5.14,21.02,31.03,0.3682,0.4465,0.5184,0.0801,1.85,2.19,3.3652
2015-03-31,66920726,66920726,1,5210972000,2946641000,2000703000,1297545000,3132985000,77284000,0,481536000,371070000,2439661000,211015000,208786000,3.11,3.07,1.08,156209000,-92204000,-39996000,16783000,243427000,92156000,242.56,256.97,228.15,0.2415,0.1507,46.82,5.1,21.2,29.86,0.3698,0.1184,0.6012,0.079,1.9,0.96,2.2709
2014-12-31,67442179,67442179,1,5284252000,2967549000,2000151000,1261716000,3209872000,74229000,0,770835000,404536000,2510959000,148839000,148839000,2.17,2.13,1.08,296981000,-149134000,-227441000,-93090000,226644000,129501000,242.75,261.57,223.92,0.2418,0.1516,47.59,4.87,21.07,28.78,0.3554,0.126,0.6074,0.0802,1.88,2.48,2.352
2014-09-30,68183321,68183321,1,5326416000,3043663000,1850010000,1156783000,3396137000,80269000,0,540407000,385191000,2562263000,230322000,227709000,3.33,3.3,1.08,334367000,-103329000,-233454000,-11973000,319734000,80340000,243.81,256.42,231.21,0.2435,0.1532,49.81,4.96,21.83,27.7,0.3409,0.1134,0.6376,0.0821,1.86,3.73,2.6311
2014-06-30,68395811,68395811,1,5311312000,3030553000,1863288000,1126453000,3364291000,83733000,0,554719000,432485000,2506104000,205915000,205915000,2.97,2.94,1.08,160948000,-79416000,-131671000,-43857000,331707000,85592000,257.46,269.69,245.23,0.2403,0.15,49.19,5.42,22.87,26.62,0.3367,0.1286,0.6334,0.0817,1.84,1.1,2.6904
2014-03-31,68430856,68430856,1,5234229000,2995664000,1905638000,1166137000,3248107000,80484000,0,522063000,438068000,2385627000,216653000,216653000,3.11,3.07,0.93,167518000,-52179000,-165557000,-55080000,375564000,65202000,247.84,267.49,228.19,0.2476,0.1543,47.47,5.25,22.27,25.54,0.3203,0.1349,0.6206,0.084,1.84,1.5,2.5689
2013-12-31,68797706,68797706,1,5266328000,3044285000,1939492000,1195790000,3250438000,76398000,0,525467000,445513000,2377232000,156749000,156749000,2.25,2.21,0.93,246070000,-126600000,-222376000,-109351000,430644000,100737000,260.62,274.37,246.86,0.2484,0.1551,47.25,5.5,23.5,24.61,0.3122,0.1371,0.6172,0.0845,1.84,2.11,2.5458
2013-09-30,69411710,69411710,1,5251549000,3049097000,1882410000,1074492000,3288572000,80567000,0,568954000,448127000,2398530000,210789000,210789000,2.99,2.95,0.93,353605000,-184046000,-118507000,51254000,539995000,64060000,260.69,276.38,245.01,0.2528,0.1569,47.38,5.73,25.33,23.68,0.3018,0.1363,0.6262,0.0858,1.83,4.17,2.8377
2013-06-30,69497219,69497219,1,5030135000,2962184000,1787940000,986885000,3164535000,77660000,0,513545000,452449000,2381561000,217660000,217660000,3.08,3.03,0.93,210406000,-47303000,-152172000,3225000,488741000,39258000,242.91,269.17,216.64,0.2433,0.1479,45.53,5.4,24.56,22.75,0.3123,0.143,0.6291,0.0808,1.83,2.46,3.0015
2013-03-31,69544054,69544054,1,5013728000,2923428000,1795538000,989422000,3128884000,89306000,0,521579000,454527000,2280435000,211838000,211838000,2.99,2.94,0.8,176417000,-41478000,-97814000,33453000,485516000,41389000,217.72,233.95,201.49,0.2418,0.1445,44.99,5.01,22.87,21.82,0.3117,0.1453,0.6241,0.079,1.83,1.94,2.9547
2012-12-31,69522640,69522640,1,5014598000,2900640000,1897232000,1080003000,3023912000,93454000,0,543670000,467048000,2226120000,156267000,156267000,2.21,2.17,0.8,240086000,-131584000,-71963000,31260000,452063000,91202000,201.5,218.23,184.78,0.2406,0.1414,43.5,4.88,21.46,21.02,0.3091,0.1545,0.603,0.0771,1.83,2.14,2.6858
2012-09-30,69494573,69494573,1,4983744000,2874953000,2015381000,1083201000,2867228000,101135000,0,526634000,479699000,2281205000,155394000,155394000,2.19,2.15,0.8,337889000,-57371000,-114120000,171057000,420803000,57700000,193.93,211.36,176.5,0.2464,0.142,41.26,4.84,19.89,20.22,0.2989,0.1673,0.5753,0.0775,1.83,4.03,2.6541
2012-06-30,69693286,69693286,1,4761308000,2698731000,1867156000,962912000,2794687000,99465000,0,523391000,473502000,2249275000,190704000,190704000,2.68,2.63,0.8,131982000,-77333000,-152908000,-89009000,249746000,52394000,196.75,221,172.5,0.2639,0.151,40.1,4.96,20.8,19.42,0.2742,0.1694,0.587,0.0821,1.84,1.14,2.8027
2012-03-31,70138974,70138974,1,4751210000,2706198000,1877661000,1230866000,2781300000,92249000,0,514424000,191550000,2193445000,187516000,187516000,2.63,2.57,0.66,106238000,-39368000,-55445000,3264000,338755000,40034000,203.11,221.84,184.37,0.2637,0.1511,39.65,5.42,22.39,18.62,0.2685,0.0689,0.5854,0.082,1.84,0.94,2.1986
2011-12-31,70104501,70104501,1,4716062000,2694900000,1991783000,1387925000,2628785000,95494000,0,631183000,175055000,2076904000,148484000,148484000,2.08,2.04,0.66,186137000,-62977000,-145226000,-25172000,335491000,65824000,167.29,193.21,141.36,0.2641,0.1514,37.5,4.6,18.84,17.96,0.2671,0.0666,0.5574,0.0815,1.86,1.72,1.9417
2011-09-30,69747589,69747589,1,4550645000,2577694000,1919140000,1374608000,2538965000,92540000,0,546701000,163416000,2114647000,182121000,182121000,2.56,2.51,0.66,250502000,-392279000,53232000,-105042000,360663000,44040000,144.94,165.55,124.33,0.269,0.1548,36.4,4.07,17.19,17.3,0.2602,0.0644,0.5579,0.082,1.89,2.96,1.8752
2011-06-30,69893007,69893007,1,4200435000,2506258000,1625634000,1078773000,2488298000,86503000,0,394291000,200469000,2003022000,169885000,169885000,2.39,2.34,0.66,191078000,-51861000,-12022000,131009000,465705000,51407000,146.22,154.68,137.75,0.2689,0.1543,35.6,4.37,18.7,16.64,0.2594,0.0806,0.5924,0.0802,1.92,2,2.3232
2011-03-31,69270543,69270543,1,3933424000,2261702000,1534190000,781967000,2316626000,82608000,0,390358000,413339000,1883612000,157933000,157933000,2.23,2.18,0.54,118391000,-27951000,-73430000,21242000,334696000,28393000,134.59,140.17,129.01,0.2608,0.1483,33.44,4.24,19.37,15.98,0.2642,0.1784,0.589,0.077,1.93,1.3,2.8923
2010-12-31,69445444,69445444,1,3904377000,2238071000,1616707000,869303000,2205216000,82454000,0,532532000,420446000,1826696000,132210000,132210000,1.87,1.85,0.54,104474000,-52648000,-28971000,26946000,313454000,55749000,128.17,139.09,117.25,0.2345,0.1341,31.75,4.28,20.09,15.44,0.2871,0.1907,0.5648,0.0711,1.89,0.7,2.5746
2010-09-30,69061513,69061513,1,3789237000,2147557000,1640708000,895260000,2068672000,79857000,0,374785000,427495000,1899412000,150405000,150405000,2.1,2.06,0.54,205687000,-48523000,-262540000,-101549000,286508000,37925000,109.33,121.84,96.81,0.2194,0.1264,29.95,3.62,17.63,14.9,0.2995,0.2067,0.5459,0.0681,1.86,2.43,2.3988
2010-06-30,70959604,70959604,1,3731928000,2122448000,1511712000,798510000,2144818000,75398000,0,379146000,412711000,1783696000,129077000,129077000,1.76,1.73,0.54,173093000,-45097000,-279859000,-160412000,388057000,13123000,106.28,116.07,96.5,0.2111,0.1252,30.23,3.38,18.71,14.36,0.2966,0.1924,0.5747,0.0703,1.78,2.25,2.658
2010-03-31,72895785,72895785,1,3810775000,2227823000,1452071000,733908000,2295071000,63633000,0,356159000,425000000,1672354000,99173000,99173000,1.34,1.31,0.46,113191000,-22891000,-7217000,88598000,548469000,13819000,103.06,109.98,96.13,0.1954,0.118,31.48,3.45,18.34,13.82,0.3114,0.1852,0.6023,0.0674,1.75,1.36,3.0356
2009-12-31,72424927,72424927,1,3726332000,2131515000,1499133000,776799000,2163720000,63479000,0,351182000,437500000,1633815000,97058000,97058000,1.29,1.28,0.46,222657000,-185665000,-251584000,-212164000,459871000,52578000,93.89,102.54,85.24,0.2011,0.1217,29.88,3.03,16.39,13.36,0.3035,0.2022,0.5807,0.0692,1.76,2.35,2.744
2009-09-30,74315435,74315435,1,3745049000,2284794000,1381824000,673844000,2301540000,61685000,0,328131000,454895000,1589665000,144564000,144564000,1.91,1.88,0.46,277129000,-27287000,1856000,255744000,672035000,36248000,84.61,91.55,77.67,0.2093,0.1267,30.97,2.95,15,12.9,0.2884,0.1976,0.6146,0.0714,1.77,3.24,3.3907
2009-06-30,73623181,73623181,1,3405765000,2025025000,1295087000,581612000,2110678000,0,0,218841000,467395000,1533263000,92466000,92466000,1.23,1.21,0.46,190094000,-21228000,-12815000,158721000,416291000,24599000,77.48,86.36,68.61,0.2115,0.1273,28.67,2.85,13.22,12.44,0.2828,0.2214,0.6197,0.0679,1.87,2.25,3.4817
2009-03-31,73211484,73211484,1,3270505000,1904291000,1283624000,570783000,1986881000,0,0,209188000,479895000,1465248000,96378000,96378000,1.27,1.25,0.4,42516000,-28383000,-150987000,-138720000,257570000,27305000,70.56,81.18,59.95,0.2233,0.1334,27.14,2.6,11.68,11.98,0.2626,0.2415,0.6075,0.0688,1.94,0.21,3.3363
2008-12-31,74855074,74855074,1,3515417000,2144109000,1481612000,761734000,2033805000,0,0,213159000,488228000,1592655000,107915000,107915000,1.42,1.39,0.4,194749000,-49775000,-106691000,31873000,396290000,44038000,72.88,86.9,58.86,0.2319,0.1398,27.17,2.6,12.31,11.58,0.2475,0.2401,0.5785,0.0694,2.01,2.01,2.8148
2008-09-30,76067844,76067844,1,3536441000,2171321000,1408350000,734864000,2128091000,0,0,231945000,496562000,1839475000,140023000,140023000,1.84,1.79,0.4,216595000,-63642000,-52462000,106183000,364417000,27407000,86.82,93.99,79.66,0.2284,0.1432,27.98,3.23,16.02,11.18,0.2444,0.2333,0.6018,0.0687,2.09,2.49,2.9547
2008-06-30,76234752,76234752,1,3390591000,2037947000,1344379000,666370000,2046212000,0,0,233815000,504895000,1756856000,113179000,113179000,1.48,1.43,0.4,105414000,-75714000,114598000,140805000,258234000,66551000,84.53,93.12,75.94,0.2173,0.1389,26.84,3.25,16.26,10.78,0.2555,0.2467,0.6035,0.0659,2.11,0.51,3.0583
2008-03-31,76507214,76507214,1,3155833000,1854521000,1165606000,993509000,1990227000,0,0,228485000,4895000,1661046000,114238000,114238000,1.47,1.43,0.35,13308000,-13504000,7745000,3992000,117429000,31062000,78.46,87.92,69,0.2051,0.1379,26.01,2.95,15.88,10.38,0.2582,0.0025,0.6307,0.0662,2.08,-0.23,1.8666
2007-12-31,78963866,78963866,1,3094028000,1800817000,995920000,826403000,2098108000,0,0,233028000,4895000,1611753000,104392000,104392000,1.31,1.27,0.35,131123000,-53084000,-56771000,24071000,113437000,48039000,90.2,96,84.4,0.1941,0.1348,26.57,3.6,18.75,10.03,0.2598,0.0023,0.6781,0.0655,2.06,1.05,2.1791
2007-09-30,79244196,79244196,1,3059945000,1778718000,1075709000,877507000,1984236000,0,0,232498000,4895000,1658592000,109150000,109150000,1.33,1.29,0.35,157418000,-75767000,-381502000,-300024000,89366000,55603000,88.99,98.6,79.38,0.1898,0.1336,25.04,3.18,19.01,9.68,0.2555,0.0025,0.6485,0.0662,2.02,1.28,2.027
2007-06-30,84392180,84392180,1,3239011000,2001671000,876388000,684196000,2362623000,0,0,223712000,4895000,1601011000,104791000,104791000,1.25,1.21,0.35,97921000,-47522000,9542000,63918000,389390000,40895000,85.38,94.75,76,0.1816,0.1318,28,3.22,19.02,9.33,0.2516,0.0021,0.7294,0.0669,1.97,0.68,2.9256
2007-03-31,83560089,83560089,1,3073056000,1869231000,859601000,674538000,2213455000,0,0,212237000,4895000,1546658000,101787000,101787000,1.21,1.17,0.29,82413000,-20584000,-85156000,-22999000,325472000,32246000,74.57,80.37,68.77,0.1769,0.1295,26.49,2.88,17.55,8.98,0.2489,0.0022,0.7203,0.0664,1.95,0.6,2.7711
2006-12-31,84248635,84248635,1,3046088000,1862086000,868473000,706323000,2177615000,0,0,210671000,4895000,1462158000,98933000,98933000,1.16,1.14,0.29,123771000,-47796000,-153779000,-78883000,348471000,24939000,70.88,75.9,65.86,0.1674,0.1237,25.85,2.68,16.72,8.69,0.252,0.0022,0.7149,0.0652,1.9,1.17,2.6363
2006-09-30,86037276,86037276,1,3082920000,1943152000,806373000,702270000,2276547000,0,0,197486000,4895000,1519499000,104494000,104494000,1.2,1.16,0.29,212459000,-47924000,-190458000,-26187000,427354000,33067000,68.41,76.21,60.6,0.1675,0.1246,26.46,2.57,16.89,8.4,0.2415,0.0022,0.7384,0.0668,1.87,2.09,2.767
2006-06-30,88576212,88576212,1,3122827000,1993856000,766961000,666650000,2355866000,0,0,196893000,4895000,1482880000,93739000,93739000,1.05,1.02,0.29,73647000,4527000,-119261000,-40342000,453541000,23862000,74.09,79.95,68.22,0.1618,0.1203,26.6,2.83,18.9,8.11,0.2428,0.0021,0.7544,0.065,1.85,0.56,2.9909
2006-03-31,89769312,89769312,1,3149332000,2018122000,796309000,698970000,2353023000,0,0,191804000,4895000,1419117000,86233000,86233000,0.96,0.93,0.24,26876000,-48553000,-29375000,-51011000,493883000,28632000,72.94,76.59,69.3,0.1611,0.1194,26.21,2.87,19.3,7.82,0.239,0.0021,0.7471,0.0641,1.86,-0.02,2.8873
2005-12-31,89951935,89951935,1,3107921000,1997868000,818945000,726964000,2288976000,0,0,182726000,4895000,1390606000,103834000,103834000,1.17,1.13,0.24,148967000,-35412000,-14335000,98474000,544894000,25255000,66.47,72.45,60.5,0.1592,0.1178,25.45,2.71,18.31,7.58,0.2384,0.0021,0.7365,0.0627,1.88,1.38,2.7482
2005-09-30,89435550,89435550,1,2986075000,1881044000,792044000,701010000,2194031000,0,0,182882000,0,1428342000,88109000,88109000,0.98,0.97,0.24,169002000,-37729000,-11952000,120387000,446420000,26374000,59.64,66.19,53.1,0.1568,0.116,24.53,2.53,17.54,7.34,0.2379,0,0.7348,0.0616,1.88,1.59,2.6833
2005-06-30,89105942,89105942,1,2813959000,1731668000,716295000,629492000,2097664000,0,0,177208000,0,1372808000,81589000,81589000,0.91,0.89,0.24,101886000,-37425000,-107997000,-43463000,326033000,28700000,57.52,63.38,51.65,0.1514,0.1118,23.54,2.46,17.81,7.1,0.2424,0,0.7454,0.0592,1.89,0.82,2.7509
2005-03-31,90684696,90684696,1,2853065000,1784480000,731348000,647921000,2121717000,0,0,178401000,0,1334880000,72792000,72792000,0.81,0.79,0.2,12688000,-52419000,-19855000,-59750000,369496000,16931000,63.55,67.25,59.85,0.147,0.107,23.4,2.79,20.3,6.86,0.2439,0,0.7437,0.0576,1.86,-0.05,2.7542
2004-12-31,90665414,90665414,1,2809573000,1754713000,741603000,662434000,2067970000,0,0,174578000,4895000,1264955000,90056000,90056000,1,0.98,0.2,101169000,-68154000,-612000,35583000,429246000,50949000,61.63,66.99,56.26,0.1468,0.1049,22.81,2.84,21.85,6.66,0.248,0.0024,0.736,0.0568,1.85,0.55,2.6489
2004-09-30,90081559,90081559,1,2689496000,1700811000,731632000,651272000,1957864000,0,0,159266000,4895000,1301057000,67689000,67689000,0.75,0.74,0.2,145221000,-39311000,-199412000,-92468000,393663000,30058000,54.61,58.9,50.33,0.1361,0.0962,21.73,2.57,20.23,6.46,0.2684,0.0025,0.728,0.0524,1.84,1.28,2.6115
2004-06-30,91013839,91013839,1,2753017000,1780345000,816453000,736888000,1936564000,0,0,153214000,4895000,1255974000,66619000,66619000,0.74,0.72,0.2,67330000,-24677000,9494000,51399000,486131000,19861000,52.6,57.66,47.55,0.1331,0.093,21.28,2.57,20.39,6.26,0.2755,0.0025,0.7034,0.0512,1.82,0.52,2.416
2004-03-31,90868476,90868476,1,2685578000,1715695000,827464000,751013000,1858114000,0,0,155045000,4895000,1227799000,62559000,62559000,0.69,0.69,0.185,92767000,-10250000,-50110000,31908000,434732000,9792000,47.01,49.02,45,0.1305,0.0908,20.45,2.32,19.11,6.06,0.2824,0.0026,0.6919,0.0499,1.82,0.91,2.2845
2003-12-31,90946878,90946878,1,2624678000,1633413000,779543000,706640000,1845135000,0,0,167706000,4895000,1154415000,61738000,61738000,0.68,0.67,0.18,161011000,-15768000,-35949000,109186000,402824000,10481000,47.27,50.83,43.7,0.1274,0.0885,20.29,2.39,21.39,5.87,0.2936,0.0027,0.703,0.0486,1.82,1.66,2.3115
2003-09-30,91253763,91253763,1,2597677000,1604714000,790185000,576505000,1807492000,0,0,152009000,138963000,1200669000,56836000,56836000,0.63,0.62,0.185,138400000,-20397000,-10709000,106940000,293638000,21618000,49.09,52.33,45.86,0.1173,0.081,19.81,2.55,22.01,5.69,0.3274,0.0769,0.6958,0.044,1.84,1.28,2.7835
2003-06-30,91315324,91315324,1,2543845000,1550119000,786722000,576585000,1757123000,0,0,152164000,139163000,1172661000,55993000,55993000,0.61,0.6,0.185,45043000,-44018000,-35491000,-31887000,186698000,8108000,46.67,50.8,42.54,0.1226,0.0837,19.24,2.49,21.21,5.51,0.3204,0.0792,0.6907,0.0447,1.87,0.4,2.6884
2003-03-31,91631529,91631529,1,2492743000,1530316000,775100000,579985000,1717643000,0,0,120650000,127564000,1139269000,52404000,52404000,0.58,0.57,0.18,49654000,-25098000,-15729000,10057000,218585000,21713000,47.35,53.3,41.4,0.1235,0.0842,18.75,2.6,21.14,5.32,0.3221,0.0743,0.6891,0.0441,1.91,0.3,2.6385
2002-12-31,91585616,91585616,1,2437448000,1484947000,769611000,586266000,1667698000,139000,0,118695000,119693000,1120441000,38657000,38657000,0.43,0.42,0.18,28679000,-20867000,-17666000,-9942000,208528000,20198000,47.2,55.2,39.2,0.1284,0.0872,18.21,2.68,19.11,5.14,0.3124,0.0718,0.6842,0.0456,1.91,0.09,2.5329
2002-09-30,91438002,91438002,1,2417006000,1479286000,805536000,623705000,1611470000,0,0,118020000,118641000,1203400000,59953000,59953000,0.65,0.64,0.18,166337000,-44620000,-100109000,19181000,218470000,43903000,45.57,50.74,40.4,0.1437,0.0977,17.62,2.56,18.83,4.96,0.2794,0.0736,0.6667,0.0506,1.93,1.34,2.3718
2002-06-30,93089933,93089933,1,2415249000,1485264000,755280000,570342000,1659949000,20000,0,122313000,123830000,1194792000,54499000,54499000,0.59,0.57,0.18,39435000,-32646000,-31900000,-22301000,199289000,35629000,53.05,59,47.09,0.1422,0.0965,17.83,3.01,26.52,4.78,0.2838,0.0746,0.6873,0.0498,1.94,0.04,2.6042
2002-03-31,93635676,93635676,1,2431298000,1496627000,779980000,603981000,1651180000,138000,0,150000000,117956000,1125265000,58458000,58458000,0.63,0.61,0.175,69019000,-7625000,-8378000,52744000,221590000,18090000,53,59.4,46.6,0.1194,0.0797,17.63,3.09,28.8,4.6,0.3416,0.0714,0.6791,0.0409,1.95,0.54,2.4779
2001-12-31,93551269,93551269,1,2331246000,1392611000,727918000,553811000,1603189000,139000,0,155483000,118219000,1110499000,61513000,61513000,0.66,0.65,0.17,115720000,-37668000,-47663000,30330000,168846000,30616000,43.42,48.99,37.85,0.1106,0.0727,17.14,2.59,25.54,4.43,0.3721,0.0737,0.6877,0.0367,1.98,0.91,2.5146
2001-09-30,93546126,93546126,1,2379666000,1458041000,811652000,638935000,1567926000,88000,0,156000000,119116000,1199358000,56022000,56022000,0.6,0.59,0.175,225977000,-18596000,-132900000,72235000,138516000,18480000,41.05,45.25,36.86,0.1031,0.0662,16.76,2.47,25.34,4.26,0.4039,0.076,0.6589,0.0326,2.03,2.22,2.282
2001-06-30,94425822,94425822,1,2437820000,1491439000,868676000,692459000,1569051000,93000,0,157000000,124002000,1225040000,14820000,14820000,0.16,0.15,0.175,75284000,-23061000,-56709000,-2693000,66281000,25583000,40,48,32,0.0989,0.0618,16.62,2.42,19.42,4.08,0.4222,0.079,0.6436,0.0307,2.01,0.53,2.1538
2001-03-31,94958462,94958462,1,2452363000,1488523000,881682000,711584000,1570587000,94000,0,158000000,119355000,1219420000,42175000,42175000,0.45,0.45,0.17,93813000,-36352000,-49810000,5590000,68974000,15305000,34.65,39.78,29.51,0.127,0.0772,16.54,2.12,16.9,3.91,0.3304,0.076,0.6404,0.0388,1.99,0.83,2.0918
2000-12-31,93922529,93922529,1,2459601000,1483002000,922119000,747324000,1537386000,96000,0,159161000,125258000,1298098000,47923000,47923000,0.51,0.51,0.17,113181000,-23257000,-96998000,-7074000,63384000,57822000,32.16,40,24.31,0.1278,0.0756,16.37,2,17.48,3.74,0.3263,0.0815,0.6251,0.0388,1.95,0.59,1.9844
2000-09-30,93960450,93960450,1,2555039000,1580804000,1045128000,882869000,1509813000,98000,0,163000000,120051000,1241730000,48107000,48107000,0.52,0.51,0.17,79365000,-24601000,-39639000,15125000,72264000,11153000,29.94,34.75,25.13,0.1158,0.0672,16.07,1.89,16.45,3.57,0.3577,0.0795,0.5909,0.0361,1.86,0.73,1.7905
2000-06-30,93907430,93907430,1,2572930000,1589830000,1086530000,916541000,1486400000,0,0,166000000,121933000,1242022000,55662000,55662000,0.6,0.59,0.17,38631000,-23486000,-22691000,-7546000,57139000,12526000,42.53,55.69,29.38,0.1167,0.0676,15.83,2.66,24.16,3.4,0.3566,0.082,0.5777,0.0361,1.87,0.28,1.7346
2000-03-31,93944330,93944330,1,2612475000,1543662000,1110093000,902792000,1502382000,0,0,170000000,124457000,1195194000,41211000,41211000,0.44,0.44,0.16,46580000,-22839000,-21739000,2002000,64685000,11711000,47.06,56.88,37.25,0.1159,0.0672,15.99,2.97,24.51,3.23,0.3614,0.0828,0.5751,0.0357,1.88,0.37,1.7099
1999-12-31,93523827,93523827,1,2564826000,1471145000,1084297000,870534000,1480529000,0,0,173271000,124928000,1121442000,28158000,28158000,0.31,0.3,0.16,-11814000,-34253000,61077000,15010000,62683000,29179000,45.63,50.63,40.63,0.1308,0.0764,15.83,3.07,19.75,3.07,0.3256,0.0844,0.5772,0.0399,1.92,-0.44,1.6899
1999-09-30,93383441,93383441,1,2349400000,1392783000,963844000,794635000,1385556000,0,0,175000000,127833000,1175393000,45757000,45757000,0.49,0.49,0.16,63284000,-20482000,-40645000,2157000,47609000,11393000,50.06,57.25,42.88,0.1641,0.0972,14.84,3.46,20.95,2.91,0.2648,0.0923,0.5897,0.049,1.98,0.56,1.7527
1999-06-30,93356200,93356200,1,2341420000,1384757000,989973000,822760000,1351447000,0,0,176000000,127434000,1146175000,50553000,50553000,0.54,0.53,0.16,-18450000,-52239000,79282000,8593000,45452000,31131000,50.06,58.13,42,0.1746,0.1053,14.48,3.56,20.35,2.75,0.2498,0.0943,0.5772,0.052,2.02,-0.53,1.6831
1999-03-31,93318690,93318690,1,2202056000,1280779000,890561000,727482000,1311495000,0,0,178000000,124553000,1090843000,56263000,56263000,0.61,0.6,0.15,-3273000,-42468000,39493000,-6248000,36859000,37966000,42.44,48,36.88,0.1806,0.1127,14.05,3.1,17.39,2.59,0.2395,0.095,0.5956,0.0543,2.08,-0.44,1.7606
1998-12-31,93315991,93315991,1,2103902000,1206365000,825161000,664493000,1278741000,0,0,180632000,122883000,1045154000,65993000,65993000,0.7,0.69,0.15,87298000,-42808000,-47454000,-2964000,43107000,37958000,41.72,47,36.44,0.1806,0.1154,13.7,3.04,17.2,2.44,0.2352,0.0961,0.6078,0.0549,2.1,0.53,1.8155
1998-09-30,94949080,94949080,1,2051556000,1186823000,749016000,586907000,1302540000,0,0,186000000,122788000,1120038000,56089000,56089000,0.58,0.57,0.15,125023000,-49717000,-78224000,-2918000,46071000,32644000,45.5,51.81,39.19,0.1779,0.1156,13.72,3.25,18.84,2.29,0.2345,0.0943,0.6349,0.0544,2.12,0.97,2.0222
1998-06-30,97702187,97702187,1,2071608000,1224298000,701982000,535153000,1369626000,0,0,193000000,127955000,1118970000,59250000,59250000,0.61,0.6,0.15,72054000,-40616000,-18481000,12957000,48989000,30511000,51.92,54.72,49.13,0.1776,0.1164,14.02,3.81,21.82,2.14,0.2306,0.0934,0.6611,0.0552,2.11,0.43,2.2878
1998-03-31,97744570,97744570,1,2037849000,1198003000,706059000,534963000,1331790000,0,0,200000000,132145000,1057107000,57172000,57172000,0.59,0.58,0.135,50216000,-43201000,-17912000,-10897000,36032000,24758000,49.16,51.81,46.5,0.1792,0.1166,13.63,3.71,21.24,1.99,0.227,0.0992,0.6535,0.0557,2.09,0.26,2.2394
1997-12-31,48834587,97669174,2,1997821000,1182988000,703160000,533881000,1294661000,0,0,206848000,131201000,1032871000,63185000,63185000,1.35,None,0.27,113796000,-34277000,-90092000,-10573000,46929000,34315000,45.95,49.28,42.63,0.1748,0.115,13.26,3.45,21.08,1.85,0.2262,0.1013,0.648,0.056,2.05,0.81,2.2158
1997-09-30,49649927,99299854,2,2008602000,1202817000,686488000,642435000,1322114000,0,0,212000000,5096000,1066927000,56480000,56480000,1.12,None,0.27,146867000,-27075000,-93982000,25810000,57502000,27964000,44.44,49.88,39,0.1646,0.11,13.31,3.44,20.86,1.72,0.2318,0.0039,0.6582,0.0562,1.96,1.2,1.8723
1997-06-30,49724924,99449848,2,1993741000,1195939000,711277000,668529000,1282464000,0,0,218000000,5119000,1051206000,57559000,57559000,1.13,None,0.27,63920000,-26294000,-107598000,-69972000,31692000,25086000,37.88,40.5,35.25,0.1623,0.1112,12.9,2.68,18.52,1.58,0.2332,0.004,0.6432,0.0575,1.93,0.39,1.7889
1997-03-31,49700463,99400926,2,2065260000,1274259000,658576000,619836000,1406684000,0,0,224000000,5639000,985556000,54609000,54609000,1.03,None,0.25,101496000,-15496000,-111271000,-25271000,101664000,17821000,39.03,41.25,36.81,0.1572,0.1106,14.15,2.76,19.32,1.45,0.2389,0.004,0.6811,0.0579,1.91,0.84,2.0558
1996-12-31,51773697,103547394,2,2119021000,1320243000,656359000,616068000,1462662000,0,0,236045000,6152000,904078000,56583000,56583000,1.08,None,0.25,59708000,-155522000,91196000,-4618000,126935000,18681000,37.56,40.75,34.38,0.1594,0.1141,14.13,2.96,19.02,1.32,0.2406,0.0042,0.6903,0.059,1.93,0.4,2.143
1996-09-30,51032753,102065506,2,1774118000,1189969000,478462000,438311000,1295656000,0,0,0,6668000,901858000,52272000,52272000,1.02,None,0.25,61801000,-11154000,-13493000,37154000,131553000,10506000,36.06,39.13,33,0.1641,0.1184,12.69,2.93,18.54,1.2,0.241,0.0051,0.7303,0.0591,2,0.5,2.7149
1996-06-30,51021994,102043988,2,1745275000,1154466000,488491000,446391000,1256784000,0,0,0,7209000,888624000,49547000,49547000,0.96,None,0.25,75128000,-13120000,-11206000,50802000,94399000,12540000,35.66,39.31,32,0.167,0.1179,12.32,2.98,19.28,1.07,0.2395,0.0057,0.7201,0.059,2,0.61,2.5862
1996-03-31,50972084,101944168,2,1674479000,1076966000,455487000,411194000,1218992000,0,0,0,8202000,842647000,50124000,50124000,0.98,None,0.23,74797000,-11286000,-31374000,32137000,43597000,11279000,33.44,35.56,31.32,0.164,0.1131,11.96,2.89,18.37,0.95,0.2466,0.0067,0.728,0.0573,1.97,0.62,2.6191
1995-12-31,50961490,101922980,2,1669243000,1062660000,490134000,444136000,1179109000,0,0,0,8713000,806602000,51177000,51177000,0.99,None,0.23,106710000,-27561000,-90574000,-11425000,11460000,28092000,31.5,33.81,29.19,0.1665,0.1128,11.57,2.82,23.6,0.83,0.2425,0.0074,0.7064,0.057,1.98,0.77,2.3926
1995-09-30,50856218,101712436,2,1694570000,1098651000,558372000,515013000,1136198000,0,0,0,4405000,849963000,49135000,49135000,0.96,None,0.23,57981000,-25143000,-26192000,6646000,22885000,26278000,29.34,30.94,27.75,0.1258,0.0842,11.17,2.71,23.01,0.72,0.3202,0.0039,0.6705,0.0421,2,0.31,2.1332
1995-06-30,50831162,101662324,2,1680561000,1093594000,582078000,540597000,1098483000,0,0,0,955000,813518000,39484000,39484000,0.77,None,0.23,-45618000,-31657000,79430000,2155000,16239000,30405000,30.01,31.94,28.07,0.1229,0.0825,10.81,2.85,23,0.6,0.3233,0.0009,0.6536,0.0411,2.01,-0.75,2.0229
1995-03-31,50790289,101580578,2,1572429000,998012000,502536000,460693000,1069893000,0,0,0,989000,806827000,46869000,46869000,0.92,None,0.2,7212000,-22278000,13858000,-1208000,14084000,22242000,30.03,32.19,27.88,0.1284,None,10.53,2.95,24.02,0.49,0.3049,0.0009,0.6804,0.0426,2.04,-0.15,2.1663
1994-12-31,50761831,101523662,2,1534751000,963646000,501946000,459051000,1032805000,0,0,0,1023000,768853000,967000,967000,0.02,None,0.2,87014000,-46272000,-37528000,3214000,15292000,45954000,27.72,29.69,25.75,0.1261,None,10.17,2.7,None,0.39,0.3095,0.001,0.6729,0.0423,2.02,0.4,2.0992
1994-09-30,50747971,101495942,2,1530654000,958552000,490073000,439364000,1040581000,0,0,0,5956000,779300000,43045000,43045000,0.84,None,0.2,67915000,-28495000,-39799000,-379000,12078000,28850000,31,33.5,28.5,None,None,10.25,3.12,None,0.29,None,0.0057,0.6798,None,None,0.38,2.1817
1994-06-30,50744001,101488002,2,1499302000,938199000,491839000,440124000,1007463000,0,0,0,5987000,768554000,42324000,42324000,0.83,None,0.2,238000,-23945000,22002000,-1705000,12457000,23876000,32,34.56,29.44,None,None,9.93,3.33,None,0.19,None,0.0059,0.672,None,None,-0.23,2.1317
1994-03-31,50726364,101452728,2,1431957000,876860000,457125000,404634000,974832000,0,0,0,6018000,706369000,41538000,41538000,0.81,None,0.18,36215000,-19312000,-5313000,11590000,14162000,19104000,31.13,34,28.25,None,None,9.61,3.35,None,0.09,None,0.0062,0.6808,None,None,0.17,2.167
1993-12-31,50718755,101437510,2,1376664000,823882000,434759000,381357000,941905000,0,0,0,6214000,None,None,None,None,None,0,None,None,None,None,2572000,0,27.73,29.63,25.82,None,None,9.29,None,None,0,None,0.0066,0.6842,None,None,None,2.1604
