"Quarter end","Shares","Shares split adjusted","Split factor","Assets","Current Assets","Liabilities","Current Liabilities","Shareholders equity","Non-controlling interest","Preferred equity","Goodwill & intangibles","Long-term debt","Revenue","Earnings","Earnings available for common stockholders","EPS basic","EPS diluted","Dividend per share","Cash from operating activities","Cash from investing activities","Cash from financing activities","Cash change during period","Cash at end of period","Capital expenditures","Price","Price high","Price low","ROE","ROA","Book value of equity per share","P/B ratio","P/E ratio","Cumulative dividends per share","Dividend payout ratio","Long-term debt to equity ratio","Equity to assets ratio","Net margin","Asset turnover","Free cash flow per share","Current ratio"
2019-03-31,112277359,112277359,1,17854107000,876389000,12472382000,1591304000,5251062000,130663000,0,267998000,5136108000,740530000,17918000,17918000,0.16,0.16,0.73,173432000,-254513000,81424000,343000,6109000,259792000,89.45,97.27,81.63,0.0989,0.0295,46.77,1.92,19.75,47.54,0.6323,0.9781,0.2941,0.138,0.21,-0.77,0.5507
2018-12-31,112146511,112146511,1,17664202000,924991000,12315497000,1648964000,5222915000,125790000,0,262902000,4189436000,756376000,16329000,16329000,0.23,0.22,0.79,317381000,-279508000,-97098000,-59225000,5766000,279714000,85.38,92.64,78.11,0.0972,0.0292,46.57,1.79,18.97,46.81,0.6425,0.8021,0.2957,0.1358,0.21,0.34,0.561
2018-09-30,112079739,112079739,1,17671955000,1207190000,12186094000,1734788000,5353572000,132289000,0,268630000,5087364000,1268034000,315012000,315012000,2.81,2.8,0.695,563961000,-234220000,-268589000,61152000,64991000,218506000,80.12,83.05,77.19,0.0993,0.0301,47.77,1.78,19.26,46.02,0.6242,0.9503,0.3029,0.1371,0.21,3.08,0.6959
2018-06-30,111974139,111974139,1,17492173000,1118711000,12332739000,2238885000,5032019000,127415000,0,257040000,4791525000,974123000,171612000,166738000,1.49,1.48,0.695,228930000,-318003000,77472000,-11601000,3839000,318912000,77.63,81.85,73.41,0.0926,0.0284,44.94,1.73,18.62,45.32,0.6661,0.9522,0.2877,0.1296,0.21,-0.8,0.4997
2018-03-31,111933168,111933168,1,17148306000,957404000,11994635000,1874391000,5019757000,133914000,0,262523000,3992207000,692714000,8094000,3221000,0.03,0.03,0.695,166872000,-361093000,195769000,1548000,15440000,361037000,79.68,85.55,73.81,0.0935,0.0288,44.85,1.78,18.32,44.63,0.6551,0.7953,0.2927,0.1308,0.21,-1.73,0.5108
2017-12-31,111799789,111799789,1,17019082000,1016288000,11883352000,1197852000,5006690000,129040000,0,257189000,4491292000,759659000,26502000,21629000,0.19,0.19,0.74,346112000,-388898000,46004000,3218000,13892000,381021000,88.31,92.48,84.14,0.0985,0.0304,44.78,1.92,19.03,43.93,0.6185,0.8971,0.2942,0.137,0.21,-0.31,0.8484
2017-09-30,111729775,111729775,1,16977867000,1174205000,11700260000,1303143000,5142068000,135539000,0,256198000,4491048000,1183322000,280945000,276072000,2.47,2.46,0.655,481362000,-351399000,-124242000,5721000,10674000,334127000,87.44,90.92,83.95,0.106,0.0328,46.02,2.01,19.3,43.19,0.5695,0.8734,0.3029,0.1467,0.22,1.32,0.9011
2017-06-30,111624528,111624528,1,16669727000,1068204000,11679650000,1638594000,4859412000,130665000,0,265926000,4192520000,944587000,172317000,167443000,1.5,1.49,0.655,150511000,-339556000,190970000,1925000,4953000,344802000,86.09,89.56,82.61,0.1048,0.0326,43.53,1.99,20.9,42.54,0.4398,0.8628,0.2915,0.1437,0.22,-1.74,0.6519
2017-03-31,111560427,111560427,1,16192825000,794996000,11226885000,1193813000,4828776000,137164000,0,251208000,4273890000,677728000,28185000,23312000,0.21,0.21,0.655,140051000,-348684000,202780000,-5853000,3028000,348824000,80.25,84.72,75.79,0.0967,0.0302,43.28,1.86,20.32,41.88,0.6268,0.8851,0.2982,0.1317,0.22,-1.87,0.6659
2016-12-31,111340169,111340169,1,16004253000,822219000,11068341000,1292946000,4803622000,132290000,0,90022000,4021785000,739199000,58119000,53246000,0.48,0.48,0.69,258340000,-241612000,-56114000,-39386000,8881000,279019000,74.91,78.97,70.86,0.0938,0.0295,43.14,1.72,19.51,41.23,0.6453,0.8372,0.3001,0.1263,0.22,-0.19,0.6359
2016-09-30,111306107,111306107,1,15805726000,977492000,10813591000,1109718000,4853346000,138789000,0,96789000,4020366000,1166922000,267900000,263027000,2.36,2.35,0,342575000,-295009000,-42339000,5227000,48267000,283301000,78.36,82.78,73.94,0.0923,0.0292,43.6,1.9,20.62,40.54,0.8076,0.8284,0.3071,0.123,0.23,0.53,0.8808
2016-06-30,111174772,111174772,1,15538565000,963387000,10819382000,1478544000,4585268000,133915000,0,108751000,3772835000,915394000,126182000,121308000,1.09,1.08,1.25,278266000,-343152000,93442000,28556000,43040000,353109000,75.59,81.08,70.11,0.0921,0.0293,41.24,1.83,19.79,40.54,0.8188,0.8228,0.2951,0.1202,0.23,-0.67,0.6516
2016-03-31,111139995,111139995,1,15185101000,826025000,10444688000,1585902000,4599999000,140414000,0,116014000,3338032000,677167000,9326000,4453000,0.04,0.04,0.625,144209000,-372305000,203092000,-25004000,14484000,378500000,68.67,74.84,62.51,0.0934,0.0298,41.39,1.66,17.52,39.29,0.7991,0.7257,0.3029,0.1215,0.23,-2.11,0.5209
2015-12-31,111004916,111004916,1,15028258000,890516000,10308801000,1442317000,4583917000,135540000,0,123975000,3337391000,734430000,45978000,41117000,0.37,0.37,1.25,272954000,-293445000,46972000,26481000,39488000,300849000,63.86,67.02,60.7,0.097,0.0309,41.29,1.52,17.69,38.66,0.6189,0.7281,0.305,0.1251,0.24,-0.25,0.6174
2015-09-30,110849752,110849752,1,14875018000,1061979000,10083699000,1523362000,4653651000,137668000,0,134937000,3132347000,1199146000,261978000,257116000,2.31,2.31,0,427079000,-263285000,-164344000,-550000,13007000,247665000,61,65.23,56.77,0.0902,0.0288,41.98,1.54,17.43,37.41,0.6561,0.6731,0.3129,0.1151,0.24,1.62,0.6971
2015-06-30,110813659,110813659,1,14701483000,1031756000,10175840000,1339859000,4392836000,132807000,0,127742000,3440857000,890648000,127507000,122902000,1.11,1.1,1.19,250146000,-276686000,28433000,1893000,13557000,279994000,60.48,64.95,56.01,0.088,0.0283,39.64,1.52,16.85,37.41,0.6783,0.7833,0.2988,0.1122,0.24,-0.27,0.77
2015-03-31,110748842,110748842,1,14435703000,935442000,9882696000,1373976000,4396793000,156214000,0,127620000,3156319000,671219000,20727000,16122000,0.15,0.14,0,144148000,-232817000,92729000,4060000,11664000,251041000,67.42,73.31,61.53,0.091,0.0298,39.7,1.71,18.78,36.22,0.6469,0.7179,0.3046,0.1145,0.25,-0.97,0.6808
2014-12-31,110575187,110575187,1,14313532000,973435000,9794430000,1559143000,4367493000,151609000,0,119755000,2906215000,726450000,9535000,5410000,0.04,0.06,1.19,212709000,-288911000,73335000,-2867000,7604000,291976000,62.85,71.11,54.59,0.0918,0.0306,39.5,1.55,16.8,36.22,0.6475,0.6654,0.3051,0.1139,0.25,-0.72,0.6243
2014-09-30,110450009,110450009,1,13980348000,1040932000,9336335000,1448518000,4491916000,152097000,0,127560000,2912801000,1172667000,248086000,243961000,2.2,2.2,0,421852000,-240789000,-179753000,1310000,10471000,229906000,55.04,57.95,52.13,0.0972,0.0327,40.67,1.44,15.37,35.03,0.6039,0.6485,0.3213,0.1202,0.25,1.74,0.7186
2014-06-30,110408854,110408854,1,13690317000,999072000,9308455000,1554707000,4233890000,147972000,0,137037000,2874513000,906264000,141384000,132458000,1.2,1.19,1.14,215909000,-184460000,-125709000,-94260000,9161000,181293000,55.89,58.06,53.71,0.0942,0.0318,38.35,1.46,15.66,35.03,0.6309,0.6789,0.3093,0.1157,0.25,0.31,0.6426
2014-03-31,110357309,110357309,1,13450797000,897930000,9073096000,1394643000,4222786000,154915000,0,144446000,2920614000,686251000,24691000,15766000,0.14,0.14,0,249157000,-208508000,53246000,93895000,103421000,207459000,53.57,55.99,51.15,0.095,0.0318,38.26,1.41,14.68,33.89,0.6178,0.6916,0.3139,0.115,0.25,0.38,0.6438
2013-12-31,110194366,110194366,1,13508686000,1043609000,9168226000,1618644000,4194470000,145990000,0,157689000,2671465000,699762000,32814000,24260000,0.22,0.21,1.14,270977000,-437445000,40537000,-125931000,9526000,434807000,55.51,58.7,52.32,0.0983,0.0325,38.06,1.43,15.25,33.89,0.6046,0.6369,0.3105,0.1175,0.25,-1.49,0.6447
2013-09-30,110044952,110044952,1,13822671000,1350486000,9401243000,1446943000,4275804000,145624000,0,160134000,2782901000,1152392000,234718000,226163000,2.06,2.04,0,428074000,-200078000,-120342000,107654000,135457000,204914000,56.18,60.33,52.03,0.0993,0.0324,38.86,1.53,14.78,32.75,0.5922,0.6508,0.3093,0.1173,0.26,2.03,0.9333
2013-06-30,109996850,109996850,1,13562694000,1066289000,9393459000,1537218000,4032165000,137070000,0,162715000,2782758000,915822000,139598000,131207000,1.19,1.18,1.09,242099000,-195158000,-44247000,2694000,27803000,193742000,56.73,61.89,51.56,0.1053,0.034,36.66,1.55,15.21,32.75,0.5661,0.6901,0.2973,0.1243,0.25,0.44,0.6936
2013-03-31,109947418,109947418,1,13300927000,871777000,9148597000,891511000,4014455000,137875000,0,162978000,3265589000,686652000,32836000,24444000,0.22,0.22,0,212157000,-176720000,-36530000,-1093000,25109000,182859000,54.73,57.96,51.5,0.1047,0.0335,36.51,1.51,15.96,31.66,0.5665,0.8135,0.3018,0.123,0.25,0.27,0.9779
2012-12-31,109756391,109756391,1,13379615000,1005726000,9277326000,1083542000,3972806000,129483000,0,162150000,3160219000,693122000,30671000,22631000,0.2,0.2,1.09,241651000,-219876000,-75052000,-53277000,26202000,218867000,51.47,54.2,48.73,0.0981,0.031,36.2,1.39,15.41,31.66,0.7657,0.7955,0.2969,0.1156,0.25,0.21,0.9282
2012-09-30,109699804,109699804,1,13460286000,1098852000,9274702000,949348000,4056242000,129342000,0,152665000,3281531000,1109475000,252863000,244823000,2.24,2.2,-0,470836000,-238396000,-164189000,68251000,79479000,245909000,52.92,54.66,51.19,0.0965,0.0304,36.98,1.53,15.34,30.57,0.6202,0.809,0.3013,0.1134,0.25,2.05,1.1575
2012-06-30,109543792,109543792,1,13214407000,947416000,9315070000,1104323000,3778035000,121302000,0,163727000,3313992000,878576000,130111000,122345000,1.12,1.11,1.05,343300000,-179623000,-173159000,-9482000,11228000,183802000,49.13,52.3,45.95,0.1055,0.0323,34.49,1.44,15.7,30.57,0.5731,0.8772,0.2859,0.1225,0.25,1.46,0.8579
2012-03-31,109477427,109477427,1,13183914000,904800000,9322485000,1157899000,3744917000,116512000,0,170198000,3275651000,620631000,-481000,-8257000,-0.08,-0.08,0.525,115335000,-235099000,106891000,-12873000,20710000,240973000,47.5,48.86,46.15,0.0972,0.0294,34.21,1.36,15.47,29.52,0.6276,0.8747,0.2841,0.1144,0.25,-1.15,0.7814
2011-12-31,109254312,109254312,1,13111018000,956470000,9180432000,1342705000,3821850000,108736000,0,170571000,2953507000,667892000,19990000,12564000,0.11,0.11,0.53,205077000,-247715000,-488491000,-531129000,33583000,240814000,44.87,48.87,40.87,0.0961,0.0288,34.98,1.26,14.81,29,0.6389,0.7728,0.2915,0.1109,0.25,-0.33,0.7123
2011-09-30,109181233,109181233,1,13150363000,1591235000,9147368000,1783268000,3894085000,108910000,0,176401000,2963457000,1114113000,275400000,275400000,2.34,2.31,-0,484227000,-205963000,194174000,472438000,564712000,254849000,41.22,45.15,37.28,0.0942,0.0278,35.67,1.24,14.41,28.47,0.654,0.761,0.2961,0.1076,0.26,2.1,0.8923
2011-06-30,109110950,109110950,1,12474080000,1036853000,8758470000,1831294000,3613705000,101905000,0,177845000,2678565000,799799000,86685000,86685000,0.8,0.79,1.05,192783000,-135534000,-79168000,-21919000,92274000,195719000,43.78,45.64,41.93,0.084,0.0248,33.12,1.31,13.94,28.47,0.7422,0.7412,0.2897,0.0941,0.26,-0.03,0.5662
2011-03-31,109016655,109016655,1,12302890000,958017000,8574119000,1674212000,3631411000,97360000,0,182855000,2748676000,659575000,-15135000,-15135000,-0.14,-0.14,0.525,243496000,-192795000,-46696000,4005000,114193000,191593000,42.39,44.07,40.7,0.0926,0.0273,33.31,1.25,13.16,27.42,0.6786,0.7569,0.2952,0.1021,0.27,0.48,0.5722
2010-12-31,108780623,108780623,1,12362703000,931930000,8587477000,1310736000,3683327000,91899000,0,184952000,2948991000,670375000,2233000,2233000,0.07,0.07,0.52,180957000,-198681000,-68003000,-85727000,110188000,194911000,41.33,42.68,39.97,0.0979,0.0286,33.86,1.21,14.45,26.89,0.6598,0.8006,0.2979,0.1057,0.27,-0.13,0.711
2010-09-30,108711779,108711779,1,12435487000,1243332000,8607258000,967807000,3716926000,111303000,0,178666000,3349927000,1139085000,233920000,233920000,2.15,2.14,0,368086000,-99350000,-123323000,145413000,195915000,103010000,38.73,41.75,35.71,0.0911,0.0145,34.19,1.21,15.13,26.37,0.7159,0.9013,0.2989,0.0954,0.27,2.44,1.2847
2010-06-30,108642028,108642028,1,12158200000,1086786000,8565197000,1227109000,3479548000,113455000,0,168233000,3213145000,820594000,114797000,114797000,1.07,1.07,1.05,215089000,-67441000,-100674000,46974000,50502000,176483000,35.7,39.1,32.31,0.0791,0.0107,32.03,1.2,16.45,26.37,1.0439,0.9234,0.2862,0.0808,0.28,0.36,0.8856
2010-03-31,108447282,108447282,1,11934919000,720611000,8604919000,1393726000,3213933000,116067000,0,169912000,3306476000,633591000,-897000,-6014000,-0.06,-0.06,0.525,-13675000,-210428000,82253000,-141850000,3528000,202554000,36.49,38.37,34.62,0.0666,-0.0075,29.64,1.12,53.66,25.32,0.987,1.0288,0.2693,0.0663,0.28,-1.99,0.517
2009-12-31,101445202,101445202,1,11808155000,928737000,8492046000,1083160000,3316109000,0,0,164380000,3370524000,684576000,-172307000,-30159000,-0.29,-0.29,0.52,270095000,-168346000,-57195000,44554000,145378000,193591000,34.52,37.96,31.08,0.0209,0.0058,32.69,1.03,59.52,24.8,3.1044,1.0164,0.2808,0.0207,0.28,0.75,0.8574
2009-09-30,101281436,101281436,1,11831223000,1150823000,8434561000,954436000,3396662000,0,0,154450000,3519934000,1143077000,186652000,186652000,1.84,1.84,0.525,568572000,4766000,-490109000,83229000,100824000,133966000,31.29,33.71,28.87,0.0181,0.0173,33.54,0.99,130.38,24.28,3.5528,1.0363,0.2871,0.0184,0.28,4.29,1.2058
2009-06-30,101200552,101200552,1,11862836000,1184822000,8656031000,1296017000,3206805000,0,0,140411000,3528987000,840055000,-102525000,68347000,0.68,0.68,0.525,248564000,-359304000,95531000,-15209000,17595000,200668000,27.79,30.3,25.28,0.0073,0.0144,31.69,0.89,31.22,23.75,8.6128,1.1005,0.2703,0.0077,0.27,0.47,0.9142
2009-03-31,101083117,101083117,1,11417766000,801564000,8254864000,1032556000,3162902000,0,0,143138000,3529109000,629393000,156510000,-156510000,-1.55,-1.55,0.525,-56166000,-182033000,165758000,-72441000,32804000,193014000,28.73,35.13,22.32,0.0258,0.035,31.29,0.84,11.97,23.23,2.3466,1.1158,0.277,0.0276,0.28,-2.47,0.7763
2008-12-31,100990779,100990779,1,11620093000,882482000,8174114000,1505928000,3445979000,0,0,131722000,3031603000,624170000,-38850000,-38850000,-0.39,-0.39,0.52,29627000,-218073000,189163000,717000,105245000,227892000,31.05,35.83,26.27,0.0675,0.0211,34.12,0.87,10.97,22.7,0.8721,0.8798,0.2966,0.0719,0.29,-1.96,0.586
2008-09-30,100814563,100814563,1,11452878000,999703000,7839893000,1361336000,3612985000,0,0,134190000,3047404000,1079975000,151586000,151586000,1.5,1.5,0.525,105105000,-217947000,120822000,7980000,104528000,230416000,34.11,37.88,30.34,0.0787,0.025,35.84,0.92,10.03,22.18,0.7429,0.8435,0.3155,0.0811,0.31,-1.24,0.7344
2008-06-30,100733570,100733570,1,11577990000,1035967000,7830177000,1183719000,3747813000,0,0,102355000,3086185000,926193000,133862000,133862000,1.33,1.33,0.525,433304000,-131021000,-223268000,79015000,96548000,123867000,33.83,37.39,30.26,0.0948,0.03,37.21,0.96,11.87,21.66,0.6178,0.8235,0.3237,0.094,0.32,3.07,0.8752
2008-03-31,100633751,100633751,1,11197577000,905528000,7653376000,1341571000,3544201000,0,0,103067000,3114579000,736738000,-4473000,-4473000,-0.04,-0.04,0.525,245532000,-248118000,-36202000,-38788000,17533000,259231000,38.5,42.92,34.08,0.0814,0.0254,35.22,1.1,12.62,21.13,0.7355,0.8788,0.3165,0.0803,0.32,-0.14,0.675
2007-12-31,100499104,100499104,1,11243712000,947447000,7712101000,1384967000,3531611000,0,0,105746000,3127125000,759116000,2911000,2911000,0.02,0.04,0.52,180462000,-195293000,27238000,12407000,56321000,229124000,41.77,44.5,39.04,0.0879,0.0274,35.14,1.17,13.14,20.61,0.6845,0.8855,0.3141,0.0872,0.31,-0.48,0.6841
2007-09-30,100385036,100385036,1,11396005000,1068972000,7827439000,1306345000,3568566000,0,0,100970000,3229350000,1205934000,208708000,208708000,2.08,2.07,0.525,187154000,-249605000,82893000,20442000,43914000,299292000,39.27,41.76,36.79,0.093,0.0287,35.55,1.15,13.31,20.09,0.6507,0.9049,0.3131,0.0923,0.31,-1.12,0.8183
2007-06-30,100309188,100309188,1,11181714000,993522000,7758501000,1269762000,3423213000,0,0,89228000,3232661000,863435000,78994000,78994000,0.79,0.78,0.525,75739000,-244455000,70935000,-97781000,23472000,280781000,45.03,50.68,39.38,0.087,0.0266,34.13,1.31,13.65,19.56,0.695,0.9443,0.3061,0.0886,0.3,-2.04,0.7824
2007-03-31,100237583,100237583,1,11008957000,971102000,7560035000,1090885000,3448922000,0,0,90251000,3186998000,695135000,16530000,16530000,0.17,0.16,0.525,214581000,-184001000,3463000,34043000,121253000,230700000,49.05,51.67,46.43,0.0976,0.0299,34.41,1.42,15,19.04,0.4665,0.9241,0.3133,0.0967,0.31,-0.16,0.8902
2006-12-31,100011597,100011597,1,11455943000,1474662000,8009827000,1458560000,3446116000,0,0,96100000,3232633000,730072000,18479000,18479000,0.18,0.17,0.52,110279000,-8403000,-142888000,-41012000,87210000,235105000,48.06,51,45.12,0.0982,0.0297,34.46,1.41,14.56,18.51,0.6146,0.9381,0.3008,0.0962,0.31,-1.25,1.011
2006-09-30,99847829,99847829,1,11257199000,1761816000,7862127000,1681270000,3395072000,0,0,93868000,3237423000,1076442000,184167000,184167000,1.85,1.84,0.5,226998000,-386419000,272035000,112614000,128222000,203350000,42.95,45.99,39.9,0.0992,0.03,34,1.3,17.11,17.99,0.6019,0.9536,0.3016,0.099,0.3,0.24,1.0479
2006-06-30,99477663,99477663,1,10649699000,1233653000,7364770000,1560209000,3284929000,0,0,101293000,2815665000,925028000,112154000,112154000,1.13,1.13,0,53168000,-205608000,-146807000,-299247000,15608000,229516000,39.69,41.06,38.31,0.0742,0.0223,33.02,1.23,23.91,17.49,0.7842,0.8571,0.3085,0.0777,0.29,-1.77,0.7907
2006-03-31,99197295,99197295,1,10756128000,1409761000,7545397000,1796921000,3210731000,0,0,109435000,2782227000,670206000,12455000,12455000,0.13,0.13,1,3057000,31697000,126098000,160852000,314855000,196037000,41.45,44.14,38.76,0.0489,0.0146,32.37,1.2,23.03,17.49,1.1919,0.8665,0.2985,0.054,0.27,-1.95,0.7845
2005-12-31,99166990,99166990,1,11322645000,1891392000,7897681000,2272073000,3424964000,0,0,90916000,2608455000,661449000,21347000,21347000,0.21,0.2,0.5,-156713000,-100657000,-459880000,-717250000,154003000,190786000,42.39,44.97,39.81,0.0534,0.016,34.54,1.19,21.2,16.49,1.0781,0.7616,0.3025,0.059,0.27,-3.5,0.8325
2005-09-30,99000520,99000520,1,12068175000,2892951000,8527668000,2882507000,3540507000,0,0,108862000,2569449000,955583000,103737000,103737000,1.05,1.05,0.475,552863000,164208000,-146221000,570850000,871253000,187953000,44.91,46.68,43.13,0.06,0.0179,35.76,1.36,21.39,15.99,0.961,0.7257,0.2934,0.0628,0.28,3.69,1.0036
2005-06-30,98760860,98760860,1,10733005000,1851890000,7480577000,1922007000,3252428000,0,0,112154000,2772458000,755836000,26735000,26735000,0.28,0.28,0,138195000,-608762000,598854000,128287000,300403000,207931000,43.31,45.34,41.29,0.0634,0.019,32.93,1.42,16.66,15.52,0.9226,0.8524,0.303,0.0649,0.29,-0.71,0.9635
2005-03-31,98350044,98350044,1,10017214000,1135742000,7024172000,1587367000,2993042000,0,0,127537000,2576360000,615087000,24448000,24448000,0.27,0.27,0.95,195951000,-39881000,-147320000,8750000,172116000,134917000,42.93,44.87,40.99,0.0804,0.024,30.43,1.34,16.14,15.52,0.9222,0.8608,0.2988,0.0808,0.3,0.62,0.7155
2004-12-31,92080964,92080964,1,9896747000,1137130000,6946551000,1625896000,2950196000,0,0,105486000,2584985000,715891000,36269000,36269000,0.4,0.4,0.47,211633000,-279697000,-49784000,-117848000,163366000,189615000,43.73,45.84,41.61,0.0833,0.025,32.04,1.35,15.62,14.57,0.6854,0.8762,0.2981,0.0839,0.3,0.24,0.6994
2004-09-30,91572219,91572219,1,9967579000,1258767000,6990826000,1487244000,2976753000,0,0,114690000,2632062000,886779000,105400000,105400000,1.15,1.15,0.45,246394000,-71536000,-67743000,107115000,373064000,122007000,41.31,42.99,39.63,0.0887,0.0265,32.51,1.3,14.49,14.1,0.6425,0.8842,0.2986,0.095,0.28,1.36,0.8464
2004-06-30,91318091,91318091,1,9741978000,1062220000,6847418000,1087306000,2894560000,0,0,120366000,2933736000,722686000,71370000,71370000,0.78,0.78,0.45,157672000,-56565000,151515000,252622000,271816000,174239000,38.9,41.5,36.3,0.0916,0.0276,31.7,1.25,14.51,13.65,0.6218,1.0135,0.2971,0.0947,0.29,-0.18,0.9769
2004-03-31,91359180,91359180,1,9375392000,738364000,6524996000,1325761000,2850396000,0,0,125029000,2462838000,574369000,30156000,30156000,0.33,0.33,0.45,226381000,-124155000,-311811000,-209585000,19194000,115183000,38.86,40.81,36.9,0.0875,0.0265,31.2,1.25,14.78,13.2,0.651,0.864,0.304,0.088,0.3,1.22,0.5569
2003-12-31,91297881,91297881,1,9536378000,969047000,6706599000,1150974000,2829779000,0,0,108534000,2897725000,509837000,49091000,49091000,0.53,0.54,0.45,296816000,-217960000,-51823000,27033000,228779000,269268000,37.69,40.48,34.91,0.087,0.0264,31,1.23,32.77,12.75,0.6545,1.024,0.2967,0.0854,0.31,0.3,0.8419
2003-09-30,91275079,91275079,1,9112866000,1040335000,6309490000,1335182000,2803376000,0,0,121323000,2840900000,946570000,110048000,110048000,1.21,1.2,0.425,297182000,-105628000,-83992000,107562000,201746000,151945000,35.45,38.03,32.87,0.0406,0.0125,30.71,1.18,31.1,12.3,1.3959,1.0134,0.3076,0.0405,0.31,1.59,0.7792
2003-06-30,91271421,91271421,1,9069836000,998647000,6332608000,1065889000,2737228000,0,0,123464000,3133093000,757483000,56142000,56142000,0.62,0.61,0.425,126398000,-155038000,55535000,26895000,94184000,169556000,35.47,39.59,31.35,0.0378,0.0117,29.99,1.21,24.98,11.88,1.4731,1.1446,0.3018,0.0382,0.31,-0.47,0.9369
2003-03-31,91254179,91254179,1,8754921000,875874000,6069215000,1361682000,2685706000,0,0,122721000,2644449000,603962000,25298000,25298000,0.28,0.28,0.425,181434000,-238140000,46429000,-10277000,67289000,174324000,32.73,37.13,28.34,0.0455,0.0143,29.43,1.11,18.49,11.45,1.1986,0.9846,0.3068,0.0462,0.31,0.08,0.6432
2002-12-31,91379947,91379947,1,8425806000,812688000,5739653000,1055115000,2686153000,0,0,109815000,2881695000,428433000,-80630000,-80630000,-0.94,-0.94,0.42,317220000,-215998000,-51614000,49608000,77707000,205942000,28.03,34.36,21.7,0.057,0.0179,29.4,0.89,8.96,11.03,0.9378,1.0728,0.3188,0.0567,0.32,1.22,0.7702
2002-09-30,84755377,84755377,1,8508076000,846722000,5845546000,1209023000,2662530000,0,0,100561000,2879055000,872951000,100916000,100916000,1.19,1.19,0.4,340601000,-233424000,-92937000,14240000,28099000,235500000,32.77,39.72,25.82,0.1032,0.0323,31.41,1.07,8.83,10.61,0.5102,1.0813,0.3129,0.09,0.36,1.24,0.7003
2002-06-30,84776489,84776489,1,8243229000,723796000,5652893000,916574000,2590336000,0,0,99497000,3124231000,714938000,75365000,75365000,0.89,0.89,0.4,76868000,-124567000,41115000,-6584000,13859000,234157000,41.88,46.68,37.08,0.1244,0.0385,30.55,1.39,11.6,10.21,0.4238,1.2061,0.3142,0.0862,0.45,-1.86,0.7897
2002-03-31,84806733,84806733,1,8168444000,768667000,5619020000,650392000,2549424000,0,0,87201000,3264626000,620957000,53757000,53757000,0.63,0.63,0.4,136085000,-329008000,184747000,-8176000,20443000,219923000,42.48,45.6,39.36,0.1235,0.0382,30.06,1.44,11.54,9.8,0.4286,1.2805,0.3121,0.0724,0.53,-0.99,1.1819
2001-12-31,84770703,84770703,1,7981748000,727405000,5482425000,1090929000,2499323000,0,0,0,2673078000,744703000,35806000,35806000,0.42,0.42,0.4,132204000,-349662000,220740000,3282000,28619000,355278000,40.75,43.5,38,0.1271,0.0397,29.48,1.38,10.87,9.4,0.4139,1.0695,0.3131,0.0686,0.58,-2.63,0.6668
2001-09-30,84642939,84642939,1,8362862000,1178269000,5871541000,1657406000,2491321000,0,0,0,2349677000,1574029000,150053000,150053000,1.77,1.77,0.375,165323000,-262225000,109149000,12247000,25337000,258245000,43.79,49.93,37.65,0.1313,0.0416,29.43,1.55,13.07,9,0.4,0.9431,0.2979,0.0686,0.61,-1.1,0.7109
2001-06-30,84721335,84721335,1,7547466000,825797000,5158273000,1335586000,2389193000,0,0,0,2104586000,1293812000,66857000,66857000,0.79,0.79,0.375,84194000,-292819000,-27678000,-236303000,13090000,237138000,47.95,50.7,45.2,0.1187,0.0386,28.2,1.66,13.25,8.63,0.4405,0.8809,0.3166,0.0609,0.64,-1.81,0.6183
2001-03-31,84733461,84733461,1,7595930000,1072911000,5150067000,1364425000,2445863000,0,0,0,2125239000,938829000,59450000,59450000,0.7,0.7,0.375,189209000,-215098000,264919000,239030000,249393000,189924000,43.51,47.96,39.06,0.1296,0.0428,28.87,1.55,12.22,8.25,0.4006,0.8689,0.322,0.0743,0.58,-0.01,0.7863
2000-12-31,84727490,84727490,1,7149151000,793913000,4766437000,1191298000,2382714000,0,0,0,1955083000,838154000,42312000,42312000,0.5,0.49,0.38,146581000,-329397000,105497000,-77319000,10363000,259614000,46.55,52.22,40.89,0.1303,0.0434,28.12,1.66,12.97,7.88,0.4008,0.8205,0.3333,0.0819,0.53,-1.33,0.6664
2000-09-30,84710644,84710644,1,7174780000,1038526000,4798948000,834603000,2375832000,0,0,0,2354911000,1607356000,116049000,116049000,1.37,1.37,0.35,241995000,-159073000,-65640000,17282000,87682000,175633000,42.56,51.31,33.81,0.134,0.0447,28.05,1.57,17.02,7.5,0.3891,0.9912,0.3311,0.0897,0.5,0.78,1.2443
2000-06-30,84738337,84738337,1,6843748000,715084000,4553150000,816163000,2290598000,0,0,0,2075951000,756548000,89901000,89901000,1.06,1.06,0.35,117692000,-137523000,-37073000,-56904000,70400000,133657000,31.88,35.88,27.88,0.0953,0.0317,27.03,1.21,14.17,7.15,0.4187,0.9063,0.3347,0.0791,0.4,-0.19,0.8762
2000-03-31,84732123,84732123,1,6669897000,554857000,4439971000,684379000,2229926000,0,0,0,2054581000,488117000,54070000,54070000,0.64,0.64,0.35,193292000,-96014000,9321000,106599000,127304000,89704000,29.28,32.31,26.25,0.087,0.0285,26.32,1.12,14.86,6.8,0.5981,0.9214,0.3343,0.0773,0.37,1.22,0.8107
1999-12-31,84722640,84722640,1,6608506000,498794000,4402773000,495490000,2205733000,0,0,0,2206052000,546265000,44801000,44801000,0.53,0.52,0.35,105248000,-119867000,11298000,-3321000,20705000,107880000,34.16,38.13,30.19,0.0769,0.025,26.03,1.32,18.07,6.45,0.669,1.0001,0.3338,0.0693,0.36,-0.03,1.0067
1999-09-30,84738386,84738386,1,6715339000,617517000,4523063000,851132000,2192276000,0,0,0,1977100000,894270000,23694000,23694000,0.28,0.28,0,200176000,-90677000,-117984000,-8485000,24026000,81838000,38,41.31,34.69,0.073,0.0234,25.87,1.48,12.26,6.1,0.8574,0.9018,0.3265,0.0671,0.35,1.4,0.7255
1999-06-30,84764309,84764309,1,6804221000,464944000,4634340000,620019000,2169881000,0,0,0,2164459000,544131000,68702000,68702000,0.81,0.81,0.65,161267000,-80088000,-74377000,6802000,32511000,86263000,39.59,42.94,36.25,0.1212,0.0384,25.6,1.55,13.84,6.1,0.5187,0.9975,0.3189,0.1177,0.33,0.88,0.7499
1999-03-31,84822997,84822997,1,6771958000,426147000,4610044000,571552000,2161914000,0,0,0,2170640000,438687000,30690000,30690000,0.36,0.36,0.325,168909000,-80623000,-83115000,5171000,25709000,67467000,39.66,43.38,35.94,0.1139,0.0356,25.49,1.55,13.87,5.45,0.4384,1.004,0.3192,0.1125,0.32,1.2,0.7456
1998-12-31,84644979,84644979,1,6824546000,456799000,4661195000,640203000,2163351000,0,0,0,2048961000,486361000,35528000,35528000,0.42,0.44,0.63,91143000,-101355000,624000,-9588000,20538000,97238000,45.44,49.25,41.63,0.1159,0.0356,25.56,1.79,17.21,5.12,0.429,0.9471,0.317,0.114,0.31,-0.07,0.7135
1998-09-30,84733212,84733212,1,6911512000,571615000,4754666000,751683000,2156846000,0,0,0,2054473000,759010000,127281000,127281000,1.5,1.49,0,238889000,-87852000,-152552000,-1515000,30126000,77324000,42.81,45.56,40.06,0.1097,0.0332,25.45,1.79,16.34,4.49,0.3372,0.9525,0.3121,0.1084,0.31,1.91,0.7604
1998-06-30,84740070,84740070,1,6771869000,440816000,4740345000,666742000,2031524000,0,0,0,2075107000,470631000,48997000,48997000,0.58,0.57,0.3,67004000,-85587000,28105000,9522000,31641000,83732000,44.09,46.19,42,0.1099,0.0326,23.97,1.84,15.52,4.49,0.4459,1.0215,0.3,0.1121,0.29,-0.2,0.6611
1998-03-31,84808018,84808018,1,6745608000,396916000,4712840000,395030000,2032768000,0,0,0,2283235000,414584000,31086000,31086000,0.37,0.36,0.3,208802000,-65088000,-149079000,-5365000,22119000,60848000,42.19,45,39.38,0.1207,0.035,23.97,1.76,15.23,4.19,0.4036,1.1232,0.3013,0.1201,0.29,1.74,1.0048
1997-12-31,84796549,84796549,1,6850417000,449100000,4822981000,523664000,2027436000,0,0,0,2244248000,443795000,18952000,18952000,0.22,None,0.3,98780000,-71781000,-46861000,-19862000,27484000,78268000,37.97,42.75,33.19,0.1187,0.034,23.91,1.58,16.09,3.89,0.4047,1.1069,0.296,0.1182,0.29,0.24,0.8576
1997-09-30,84717595,84717595,1,7035922000,582353000,4999887000,698555000,2036035000,0,0,0,2276234000,663750000,124340000,124340000,1.47,None,0.275,277541000,-101044000,-154192000,22305000,47346000,84405000,32.34,34.88,29.81,0.1018,0.0288,24.03,1.43,15.25,3.59,0.4577,1.118,0.2894,0.1026,0.28,2.28,0.8337
1997-06-30,84741597,84741597,1,6953359000,468072000,5041253000,709834000,1912106000,0,0,0,2296883000,488917000,67182000,67182000,0.79,None,0.275,113160000,-92872000,-47839000,-27551000,25041000,68074000,29.19,30.75,27.63,0.0936,0.0263,22.56,1.26,14.6,3.32,0.5046,1.2012,0.275,0.097,0.27,0.53,0.6594
1997-03-31,85094326,85094326,1,6945570000,444150000,4974413000,664324000,1971157000,0,0,0,2233299000,398564000,25382000,25382000,0.29,None,0.275,148098000,-79166000,-43026000,25906000,52592000,77129000,31.51,32.88,30.13,0.0895,0.0251,23.16,1.4,15.22,3.04,0.52,1.133,0.2838,0.0945,0.27,0.83,0.6686
1996-12-31,87421397,87421397,1,6989289000,450269000,5018966000,550615000,1970323000,0,0,0,2372113000,404906000,-16199000,-16199000,-0.19,None,0.25,66966000,-58340000,-46348000,-37722000,26686000,61957000,30.88,32.25,29.5,0.0934,0.026,22.54,1.36,13.2,2.77,0.4946,1.2039,0.2819,0.0997,0.26,0.06,0.8178
1996-09-30,87418327,87418327,1,7012685000,478208000,5022837000,924916000,1989848000,0,0,0,2078869000,598791000,107134000,107134000,1.23,None,0.275,256702000,-87109000,-124050000,45543000,64408000,75831000,29,30,28,0.1064,0.0293,22.76,1.33,11.98,2.52,0.4392,1.0447,0.2837,0.1143,0.26,2.07,0.517
1996-06-30,87443399,87443399,1,6944862000,379126000,5038316000,864502000,1906546000,0,0,0,2116131000,452808000,58983000,58983000,0.67,None,0.25,89692000,-67200000,-40738000,-18246000,18865000,63496000,28.31,30.38,26.25,0.1116,0.0304,21.8,1.31,12.7,2.25,0.4032,1.1099,0.2745,0.1212,0.25,0.3,0.4385
1996-03-31,87432153,87432153,1,6941721000,366467000,5051417000,659902000,1890304000,0,0,0,2309891000,361255000,31262000,31262000,0.36,None,0.25,159176000,-71403000,-130201000,-42428000,37111000,57314000,28.25,30.25,26.25,0.1042,0.028,21.62,1.31,13.14,2,0.4266,1.222,0.2723,0.1155,0.24,1.17,0.5553
1995-12-31,87430265,87430265,1,6997052000,430470000,5115965000,504493000,1881087000,0,0,0,2510709000,371697000,6670000,6670000,0.08,None,0.25,110530000,-82799000,-1083000,26648000,79539000,76175000,27.5,28.88,26.13,0.1021,0.0271,21.52,1.27,11.09,1.75,0.43,1.3347,0.2688,0.1126,0.24,0.39,0.8533
1995-09-30,87429375,87429375,1,6965565000,489474000,5066899000,558726000,1898666000,0,0,0,2519791000,558791000,114495000,114495000,1.31,None,0.225,254141000,-71779000,-160505000,21857000,52891000,68485000,24.94,26.5,23.38,0.1199,0.0315,21.72,1.21,11.08,1.5,0.3594,1.3271,0.2726,0.1367,0.23,2.12,0.8761
1995-06-30,87414449,87414449,1,6905446000,409881000,5101620000,562707000,1803826000,0,0,0,2541422000,393196000,42249000,42249000,0.48,None,0.225,69848000,-78312000,18844000,10380000,31034000,78382000,22.81,24.75,20.88,0.1107,0.0285,20.64,1.12,9.79,1.27,0.3857,1.4089,0.2612,0.1219,0.23,-0.1,0.7284
1995-03-31,87399103,87399103,1,6874115000,388838000,5092818000,537266000,1781297000,0,0,0,2550044000,346114000,24623000,24623000,0.28,None,0.225,121343000,-71525000,-63883000,-14065000,20654000,72730000,20.56,21.5,19.63,0.1163,None,20.38,1.01,8.94,1.05,0.3627,1.4316,0.2591,0.1229,0.24,0.56,0.7237
1994-12-31,87393521,87393521,1,6909752000,435578000,5133335000,532116000,1776417000,0,0,0,2588525000,293897000,36307000,36307000,0.41,None,0.22,101360000,-72159000,-73168000,-43967000,34719000,49903000,18.63,20.13,17.13,0.1167,None,20.33,0.92,None,0.82,0.3573,1.4572,0.2571,0.119,0.24,0.59,0.8186
1994-09-30,87400952,87400952,1,7011134000,563706000,5249343000,580209000,1761791000,0,0,0,2603600000,583900000,93991000,93991000,1.08,None,0.2,182372000,-59414000,-95068000,27890000,78686000,71286000,17.44,18.75,16.13,None,None,20.16,0.9,None,0.6,None,1.4778,0.2513,None,None,1.27,0.9716
1994-06-30,87409486,87409486,1,6952755000,483139000,5267254000,504037000,1685501000,0,0,0,2668052000,433024000,48702000,48702000,0.56,None,0.2,75702000,-52628000,-47767000,-24693000,50796000,61618000,18.5,21,16,None,None,19.28,0.98,None,0.4,None,1.5829,0.2424,None,None,0.16,0.9585
1994-03-31,87413597,87413597,1,6947240000,467971000,5293424000,470955000,1653816000,0,0,0,2693066000,374600000,21619000,21619000,0.25,None,0.2,137739000,-68939000,-45438000,23362000,75489000,72350000,21.19,22.88,19.5,None,None,18.92,1.12,None,0.2,None,1.6284,0.2381,None,None,0.75,0.9937
1993-12-31,87416576,87416576,1,6956799000,483236000,5307299000,539152000,1649500000,0,0,0,2633620000,None,None,None,None,None,0,None,None,None,None,52127000,0,22.38,24.38,20.38,None,None,18.87,None,None,0,None,1.5966,0.2371,None,None,None,0.8963
