"Quarter end","Shares","Shares split adjusted","Split factor","Assets","Current Assets","Liabilities","Current Liabilities","Shareholders equity","Non-controlling interest","Preferred equity","Goodwill & intangibles","Long-term debt","Revenue","Earnings","Earnings available for common stockholders","EPS basic","EPS diluted","Dividend per share","Cash from operating activities","Cash from investing activities","Cash from financing activities","Cash change during period","Cash at end of period","Capital expenditures","Price","Price high","Price low","ROE","ROA","Book value of equity per share","P/B ratio","P/E ratio","Cumulative dividends per share","Dividend payout ratio","Long-term debt to equity ratio","Equity to assets ratio","Net margin","Asset turnover","Free cash flow per share","Current ratio"
2019-05-31,39899076,39899076,1,3121100000,1379300000,1236200000,631000000,1884900000,0,0,1437200000,0,947600000,88400000,88400000,2.23,2.22,0.13,123700000,-14900000,-5600000,103200000,333700000,39800000,131.79,147.44,116.14,0.1915,0.1131,47.24,2.92,16.15,9.43,0.0607,0,0.6039,0.0902,1.25,2.1,2.1859
2019-02-28,39907302,39907302,1,2991800000,1232600000,1190000000,584400000,1801800000,0,0,1450900000,0,854400000,66300000,66300000,1.68,1.67,0.13,56500000,-10700000,-29300000,16500000,232000000,-14000000,119.19,134.91,103.48,0.1905,0.1102,45.15,2.72,13.51,9.3,0.0637,0,0.6022,0.0863,1.28,1.77,2.1092
2018-11-30,39892387,39892387,1,3015300000,1251800000,1264400000,652000000,1750900000,0,0,1456400000,356300000,932600000,79600000,79600000,1.99,1.98,0.13,131800000,-11300000,-34100000,85700000,214800000,14000000,144.58,173.01,116.15,0.2134,0.123,43.89,3.38,16.93,9.17,0.0586,0.2035,0.5807,0.0949,1.3,2.95,1.9199
2018-08-31,40182832,40182832,1,2988800000,1211100000,1272000000,682700000,1716800000,0,0,1469300000,356400000,1061200000,108200000,108200000,2.68,2.71,0.13,52500000,-10000000,-7400000,34800000,129100000,11400000,134.58,155.25,113.91,0.2094,0.1207,42.72,3.38,16.86,9.04,0.0608,0.2076,0.5744,0.095,1.27,1.02,1.774
2018-05-31,40181023,40181023,1,2882400000,1105800000,1282000000,672100000,1600400000,0,0,1475100000,356400000,944000000,73000000,73000000,1.81,1.8,0.13,122400000,-148400000,-108600000,-135500000,94300000,11300000,132.25,154.52,109.98,0.2003,0.1155,39.83,3.31,16.37,8.91,0.0648,0.2227,0.5552,0.0928,1.24,2.76,1.6453
2018-02-28,40999421,40999421,1,2750500000,1093400000,1114700000,509600000,1635800000,0,0,1359400000,356500000,832100000,96900000,96900000,2.34,2.33,0.13,38500000,-37000000,-199900000,-198800000,229800000,10600000,164.38,186.99,141.77,0.2079,0.1203,39.9,4.02,22.58,8.78,0.0638,0.2179,0.5947,0.0968,1.24,0.68,2.1456
2017-11-30,42158288,42158288,1,2961400000,1323800000,1235300000,594900000,1726100000,0,0,1336400000,356500000,842800000,71500000,71500000,1.71,1.7,0.13,139800000,-10300000,-10800000,117500000,428600000,10300000,167.96,182.64,153.28,0.1851,0.1075,40.94,4.24,22.58,8.65,0.0711,0.2065,0.5829,0.0891,1.21,3.07,2.2252
2017-08-31,42080827,42080827,1,2899600000,1245600000,1234000000,600900000,1665600000,0,0,1349700000,356500000,957600000,90500000,90500000,2.15,2.15,0.13,136900000,-12100000,-5600000,121400000,311100000,12100000,185.53,208.83,162.22,0.191,0.111,39.58,5.09,25.88,8.52,0.0697,0.214,0.5744,0.0918,1.21,2.97,2.0729
2017-05-31,42093298,42093298,1,2730500000,1094100000,1195300000,544300000,1535200000,0,0,1335800000,356300000,891600000,82200000,82200000,1.91,1.9,0.13,107700000,-19300000,-363300000,-273500000,189700000,19300000,186.13,214.94,157.33,0.1866,0.1079,36.47,4.55,26.74,8.39,0.0722,0.2321,0.5622,0.0904,1.19,2.1,2.0101
2017-02-28,44092486,44092486,1,2999100000,1363900000,1194300000,546800000,1804800000,0,0,1339700000,355800000,804700000,67300000,67300000,1.54,1.53,0.13,32900000,-16300000,-5100000,12000000,463200000,16300000,224.25,255.45,193.06,0.1803,0.1046,40.93,5.71,32.41,8.26,0.0749,0.1971,0.6018,0.0891,1.17,0.38,2.4943
2016-11-30,44092620,44092620,1,2963400000,1356200000,1233300000,609800000,1730100000,0,0,1314600000,355700000,851200000,81700000,81700000,1.87,1.86,0.13,38700000,-1100000,2600000,38000000,451200000,14100000,246.79,276.69,216.89,0.1878,0.1075,39.24,6.55,37.22,8.13,0.0753,0.2056,0.5838,0.0892,1.2,0.56,2.224
2016-08-31,44082639,44082639,1,2948000000,1322900000,1288200000,672500000,1659800000,0,0,1329200000,355000000,925400000,82900000,82800000,1.89,1.88,0.13,101800000,-31500000,5100000,76200000,413200000,22000000,256.39,280.89,231.89,0.1881,0.1071,37.65,7.09,41.89,8,0.0786,0.2139,0.563,0.0882,1.21,1.81,1.9671
2016-05-31,43887078,43887078,1,2783200000,1154800000,1195300000,584600000,1587900000,0,0,1338500000,354200000,851500000,74000000,73900000,1.7,1.69,0.13,124400000,-17900000,4100000,112700000,337000000,17900000,236.53,264,209.06,0.182,0.1037,36.18,6.94,40.02,7.87,0.0852,0.2231,0.5705,0.0855,1.21,2.43,1.9754
2016-02-29,43825618,43825618,1,2619800000,997700000,1126400000,513400000,1493400000,0,0,1336500000,353500000,777800000,65500000,65400000,1.5,1.49,0.13,68400000,-395100000,-4000000,-335900000,224300000,20600000,205.66,241.9,169.42,0.184,0.1046,34.08,6.28,37.46,7.74,0.0882,0.2367,0.57,0.0871,1.2,1.09,1.9433
2015-11-30,43793143,43793143,1,2506300000,1255200000,1071400000,512700000,1434900000,0,0,1031000000,352400000,736600000,68400000,68300000,1.58,1.57,0.13,51100000,-260200000,14200000,-196600000,560200000,21000000,201.38,234.43,168.33,0.1781,0.101,32.77,6.46,39.56,7.61,0.095,0.2456,0.5725,0.0853,1.18,0.69,2.4482
2015-08-31,43635497,43635497,1,2429600000,1436500000,1069600000,520900000,1360000000,0,0,788400000,352400000,759500000,60100000,59700000,1.38,1.37,0.13,130700000,-26800000,3400000,104700000,756800000,13900000,193.21,211.82,174.6,0.1722,0.0968,31.17,6.4,38.8,7.48,0.1023,0.2591,0.5598,0.0817,1.18,2.68,2.7577
2015-05-31,43542240,43542240,1,2327800000,1343600000,1014100000,486100000,1313700000,0,0,791400000,353700000,683700000,64500000,64300000,1.49,1.48,0.13,82700000,-18600000,-12400000,51000000,652100000,14300000,170.29,183.53,157.05,0.1748,0.0972,30.17,5.91,37.76,7.35,0.1046,0.2692,0.5644,0.0825,1.17,1.57,2.764
2015-02-28,43431395,43431395,1,2218100000,1250200000,966500000,434100000,1251600000,0,0,788200000,353700000,616100000,46400000,46300000,1.07,1.07,0.13,28800000,-8500000,-200000,18100000,601100000,8500000,145.99,164.13,127.85,0.1641,0.0908,28.82,5.23,34.84,7.22,0.1156,0.2826,0.5643,0.0769,1.17,0.47,2.88
2014-11-30,43368808,43368808,1,2206100000,1225500000,995400000,453600000,1210700000,0,0,795500000,353600000,647400000,51100000,50800000,1.18,1.17,0.13,46700000,-18500000,5300000,30500000,583000000,18500000,130.43,143.67,117.19,0.1581,0.0869,27.92,4.85,32.2,7.09,0.1243,0.2921,0.5488,0.0734,1.17,0.65,2.7017
2014-08-31,43253118,43253118,1,2168100000,1186700000,1004600000,470500000,1163500000,0,0,801000000,353600000,668700000,54800000,54400000,1.26,1.26,0.13,104300000,-10400000,-8200000,85200000,552500000,10400000,121.58,138.46,104.69,0.1581,0.0862,26.9,4.67,31.74,6.96,0.1289,0.3039,0.5366,0.0728,1.17,2.17,2.5222
2014-05-31,43214658,43214658,1,2049800000,1070000000,925000000,408700000,1124800000,0,0,805400000,353600000,603900000,43800000,43400000,1.01,1.01,0.13,71400000,-8300000,-4700000,59100000,467300000,8300000,131.53,146.28,116.77,0.1549,0.0841,26.03,5.27,37.05,6.83,0.1366,0.3144,0.5487,0.0712,1.17,1.46,2.6181
2014-02-28,43208547,43208547,1,1972300000,990500000,892900000,366900000,1079400000,0,0,808400000,353600000,546200000,32700000,32400000,0.76,0.75,0.13,14000000,-8000000,4400000,10100000,408200000,8000000,121.35,143.54,99.16,0.1506,0.0802,24.98,5.03,36.01,6.7,0.1472,0.3276,0.5473,0.0677,1.17,0.14,2.6996
2013-11-30,43059952,43059952,1,1966200000,979300000,926600000,395900000,1039600000,0,0,811500000,353600000,574700000,44500000,44000000,1.03,1.03,0.13,43400000,-7600000,2200000,39000000,398100000,7600000,94.97,106.33,83.61,0.1495,0.0784,24.14,4.1,32.19,6.57,0.1552,0.3401,0.5287,0.0659,1.17,0.83,2.4736
2013-08-31,42932068,42932068,1,1903800000,913500000,910300000,386200000,993500000,0,0,813300000,353600000,579800000,44900000,44300000,1.03,1.04,0.13,64500000,-9000000,1300000,57200000,359100000,9000000,80.95,89.57,72.34,0.1366,0.0707,23.14,3.76,30.21,6.44,0.1777,0.3559,0.5219,0.06,1.16,1.29,2.3654
2013-05-31,42829515,42829515,1,1829800000,837400000,907200000,358100000,922600000,0,0,815400000,353500000,541500000,31700000,31200000,0.74,0.73,0.13,68100000,-24400000,-4000000,39100000,301900000,2200000,72.57,79.16,65.99,0.1296,0.0658,21.54,3.49,26.49,6.31,0.1952,0.3832,0.5042,0.0562,1.15,1.54,2.3385
2013-02-28,42836096,42836096,1,1742400000,783700000,851700000,312500000,890700000,0,0,782700000,353500000,486700000,24700000,24300000,0.58,0.57,0.13,14200000,-13900000,-4300000,-4700000,262800000,10600000,67.94,73.48,62.39,0.1356,0.0686,20.79,3.36,25.83,6.18,0.1916,0.3969,0.5112,0.0587,1.15,0.08,2.5078
2012-11-30,42799359,42799359,1,1731700000,773300000,865600000,321300000,866100000,0,0,783200000,353500000,481100000,26100000,25600000,0.61,0.61,0.13,-14500000,-11200000,8100000,-17000000,267500000,11200000,63.44,69.46,57.42,0.1332,0.0669,20.24,3.23,23.32,6.05,0.2001,0.4082,0.5001,0.0569,1.15,-0.6,2.4068
2012-08-31,42424650,42424650,1,1736900000,779000000,902900000,364800000,834000000,0,0,785700000,353500000,514200000,33300000,32700000,0.78,0.77,0.13,69400000,-12500000,-3800000,56200000,284500000,12500000,57.38,66.66,48.11,0.142,0.0706,19.66,2.97,20.94,5.92,0.1928,0.4239,0.4802,0.059,1.17,1.34,2.1354
2012-05-31,42349589,42349589,1,1656500000,704100000,837500000,331100000,819000000,0,0,787500000,353500000,487500000,33600000,33000000,0.8,0.79,0.13,65200000,-9400000,-5200000,47700000,228300000,9400000,57.21,64.82,49.6,0.1473,0.0727,19.34,3.05,22.26,5.79,0.1901,0.4316,0.4944,0.0603,1.19,1.32,2.1265
2012-02-29,42341187,42341187,1,1597900000,642700000,802700000,292200000,795200000,0,0,791800000,353400000,457700000,19500000,19100000,0.46,0.46,0.13,9900000,-5200000,3100000,7900000,180600000,5200000,56.04,64.26,47.82,0.1416,0.0693,18.78,3.08,21.89,5.66,0.2015,0.4444,0.4977,0.0581,1.18,0.11,2.1995
2011-11-30,42106694,42106694,1,1595000000,639200000,829600000,317400000,765400000,0,0,792600000,353400000,474300000,29900000,29300000,0.71,0.7,0.13,27700000,-8000000,-12800000,2500000,172700000,4200000,41.7,50.27,33.13,0.1448,0.0702,18.18,2.32,17.23,5.53,0.2012,0.4617,0.4799,0.0598,1.17,0.56,2.0139
2011-08-31,42116530,42116530,1,1597400000,630500000,840400000,331400000,757000000,0,0,793400000,353400000,496300000,34100000,34100000,0.8,0.79,0.13,79500000,-6000000,-62900000,9400000,170200000,6000000,49.84,60.94,38.74,0.1404,0.0676,17.97,2.77,22.15,5.4,0.2119,0.4668,0.4739,0.0588,1.15,1.75,1.9025
2011-05-31,43338989,43338989,1,1591000000,626500000,812000000,313300000,779000000,0,0,787900000,353400000,458300000,27100000,27100000,0.63,0.62,0.13,52900000,-14200000,-3600000,35300000,160800000,4300000,57.13,61.45,52.8,0.134,0.0641,17.97,3.31,27.08,5.27,0.2276,0.4537,0.4896,0.0566,1.13,1.12,1.9997
2011-02-28,43306065,43306065,1,1537000000,581900000,789000000,287200000,748000000,0,0,783800000,353400000,416100000,19900000,19900000,0.46,0.45,0.13,23400000,-49500000,-3000000,-26700000,125500000,5200000,56.47,60.73,52.21,0.1288,0.0616,17.27,3.38,30.86,5.14,0.2422,0.4725,0.4867,0.0548,1.12,0.42,2.0261
2010-11-30,43199035,43199035,1,1521400000,613400000,798700000,303500000,722700000,0,0,739200000,353400000,425000000,24400000,24400000,0.57,0.56,0.13,5300000,-42800000,-2300000,-38800000,152200000,6600000,46.77,54.3,39.25,0.1139,0.0545,16.73,2.88,25.98,5.01,0.2788,0.489,0.475,0.0486,1.12,-0.03,2.0211
2010-08-31,42807894,42807894,1,1503600000,626300000,809200000,321300000,694400000,0,0,715100000,353300000,444100000,27200000,27200000,0.63,0.62,0.13,63500000,-28600000,-38800000,-3500000,191000000,6000000,40.26,45.82,34.7,0.1135,0.0556,16.22,2.45,21.76,4.88,0.283,0.5088,0.4618,0.0489,1.14,1.34,1.9493
2010-05-31,43545797,43545797,1,1468700000,608300000,751800000,280300000,716900000,0,0,690000000,353300000,407600000,21300000,21300000,0.49,0.48,0.13,49600000,-6200000,-2500000,38700000,194500000,6200000,43.37,47.91,38.83,0.1172,0.0592,16.46,2.7,22.83,4.75,0.2771,0.4928,0.4881,0.0508,1.17,1,2.1702
2010-02-28,43494827,43494827,1,1433300000,572000000,734400000,260500000,698900000,0,0,692800000,353300000,383500000,7800000,7800000,0.18,0.17,0.13,6400000,-5200000,107600000,107500000,155800000,5200000,35.84,39.51,32.17,0.1208,0.0613,16.07,2.24,17.23,4.62,0.274,0.5055,0.4876,0.0516,1.19,0.03,2.1958
2009-11-30,43415781,43415781,1,1317100000,450000000,622900000,480500000,694200000,0,0,695600000,19600000,391700000,23300000,23300000,0.54,0.53,0.13,41000000,-4300000,-7100000,29600000,48300000,4300000,33.7,36.93,30.46,0.1363,0.0697,15.99,2.17,16.6,4.49,0.2499,0.0282,0.5271,0.0556,1.25,0.85,0.9365
2009-08-31,43286241,43286241,1,1290603000,422900000,618463000,476089000,672140000,0,0,695389000,22047000,422612000,29099000,29099000,0.68,0.67,0.13,65309000,-5795000,-68780000,-9607000,18683000,6128000,29.06,33.28,24.84,0.1369,0.0661,15.53,1.9,12.16,4.36,0.2568,0.0328,0.5208,0.0512,1.29,1.37,0.8883
2009-05-31,43086313,43086313,1,1321124000,455781000,662574000,333266000,658550000,0,0,696789000,224461000,396628000,22027000,22027000,0.54,0.53,0.13,31002000,-134358000,55570000,-44020000,28290000,3329000,25.68,31.34,20.02,0.164,0.0743,15.28,1.81,8.98,4.23,0.2192,0.3408,0.4985,0.0556,1.34,0.64,1.3676
2009-02-28,40913005,40913005,1,1169861000,509431000,588869000,279030000,580992000,0,0,500213000,203965000,386139000,14368000,14368000,0.36,0.35,0.13,4323000,-30571000,-164669000,-192324000,72310000,7186000,29.44,36.88,22,0.204,0.0881,14.2,2.09,8.84,4.1,0.1807,0.3511,0.4966,0.0624,1.41,-0.07,1.8257
2008-11-30,40418772,40418772,1,1359853000,729617000,791240000,482735000,568613000,0,0,466877000,203959000,452025000,19415000,19415000,0.49,0.48,0.13,-8192000,-12422000,-2731000,-32462000,264634000,4422000,34.95,46.19,23.72,0.2443,0.1003,14.07,2.45,9.79,3.97,0.1542,0.3587,0.4181,0.0693,1.45,-0.31,1.5114
2008-08-31,40366011,40366011,1,1408691000,756147000,833145000,522566000,575546000,0,0,471625000,203953000,522757000,41906000,41906000,1.05,1.03,0.13,115187000,-5694000,-27120000,80782000,297096000,5694000,45.31,53.74,36.89,0.2703,0.1091,14.26,3.26,12.21,3.84,0.1482,0.3544,0.4086,0.0732,1.49,2.71,1.447
2008-05-31,40658479,40658479,1,1366040000,706378000,800639000,496079000,565401000,0,0,474316000,203949000,512438000,41133000,41133000,1.03,1,0.13,54496000,-10257000,-13546000,31248000,216314000,6757000,46.16,53.91,38.4,0.2756,0.1119,13.91,3.56,12.86,3.71,0.1461,0.3607,0.4139,0.0718,1.56,1.17,1.4239
2008-02-29,40602289,40602289,1,1313774000,658954000,787059000,484291000,526715000,0,0,471305000,203945000,482584000,34144000,34144000,0.84,0.82,0.13,29207000,-8258000,-37878000,-16643000,185066000,8258000,42.47,48.61,36.33,0.2628,0.1069,12.97,3.31,12.79,3.58,0.1565,0.3872,0.4009,0.0666,1.61,0.52,1.3607
2007-11-30,41024399,41024399,1,1348073000,689182000,821895000,352054000,526178000,0,0,471761000,363892000,508865000,31072000,31072000,0.74,0.72,0.15,27163000,-6669000,-33964000,-11965000,201709000,6259000,44.23,54.42,34.04,0.2397,0.0981,12.83,2.78,13.12,3.45,0.1756,0.6916,0.3903,0.06,1.63,0.51,1.9576
2007-08-31,42246456,42246456,1,1612508000,867985000,940542000,470396000,671966000,0,0,503701000,371027000,692970000,51453000,51453000,1.21,1.17,0.15,117736000,-53936000,-19771000,44425000,222816000,10454000,56.92,66.89,46.95,0.2403,0.0986,15.91,3.89,18.3,3.3,0.175,0.5522,0.4167,0.0585,1.69,2.54,1.8452
2007-05-31,43646880,43646880,1,1536122000,836883000,896519000,425875000,639603000,0,0,465171000,371017000,647826000,38676000,38676000,0.9,0.88,0.15,62551000,-8603000,-216000,55336000,178391000,8644000,56.86,62.16,51.57,0.2364,0.0945,14.65,4.18,19.88,3.15,0.1886,0.5801,0.4164,0.0549,1.72,1.24,1.9651
2007-02-28,43440400,43440400,1,1436435000,743335000,845516000,376311000,590919000,0,0,464677000,371001000,575384000,24358000,24358000,0.57,0.55,0.15,23420000,-8219000,5529000,20334000,123055000,8260000,54.45,60.18,48.71,0.2305,0.0896,13.6,4.2,20.7,3,0.2035,0.6278,0.4114,0.0519,1.73,0.35,1.9753
2006-11-30,43382250,43382250,1,1421900000,722285000,860079000,385193000,561821000,0,0,465796000,371278000,614488000,33567000,33567000,0.8,0.77,0.15,37454000,-7725000,-15655000,14073000,102721000,7766000,None,None,None,0.2176,0.0834,12.95,None,None,2.85,0.2223,0.6608,0.3951,0.0484,1.72,0.68,1.8751
2006-08-31,43047906,43047906,1,1444116000,737645000,901857000,427794000,542259000,0,0,466475000,371252000,674451000,41367000,41367000,0.96,0.91,0.15,92010000,-11357000,-63443000,17073000,88648000,11398000,40.25,45.18,35.31,0.1967,0.0751,12.6,3.35,19.93,2.7,0.2486,0.6846,0.3755,0.0445,1.69,1.87,1.7243
2006-05-31,43802998,43802998,1,1413657000,712347000,887065000,386800000,526592000,0,0,467127000,371520000,603265000,28712000,28712000,0.65,0.63,0.15,47937000,-6213000,-41534000,1763000,71575000,6255000,41.13,44.35,37.91,0.1717,0.0656,12.02,3.41,22.48,2.55,0.288,0.7055,0.3725,0.0402,1.63,0.95,1.8416
2006-02-28,44899409,44899409,1,1386554000,681296000,845582000,342077000,540972000,0,0,466772000,371464000,549555000,14507000,14507000,0.33,0.32,0.15,3398000,-5303000,-34004000,-35385000,69812000,5330000,35.71,40.42,31,0.1559,0.0595,12.05,2.88,27.26,2.4,0.3201,0.6867,0.3902,0.0372,1.6,-0.04,1.9916
2005-11-30,44853769,44853769,1,1429922000,717949000,872675000,371831000,557247000,0,0,467127000,371709000,565852000,21976000,21976000,0.5,0.48,0.15,12538000,-785000,-4448000,6664000,105197000,826000,29.36,31.96,26.75,0.1159,0.0436,12.42,2.44,25.98,2.25,0.4386,0.667,0.3897,0.0276,1.58,0.26,1.9308
2005-08-31,45013123,45013123,1,1442215000,717774000,900422000,399472000,541793000,0,0,468309000,371736000,597204000,27809000,27809000,0.64,0.59,0.15,75914000,-4136000,-17729000,54283000,98533000,4177000,26.79,29.67,23.9,0.1019,0.0376,12.04,2.32,23.09,2.1,0.5082,0.6861,0.3757,0.024,1.57,1.59,1.7968
2005-05-31,44475899,44475899,1,1388978000,669553000,874393000,369829000,514585000,0,0,468524000,372012000,545327000,19692000,19692000,0.45,0.44,0.15,54345000,-6839000,-11926000,34736000,44250000,6920000,26.14,29.07,23.22,0.1031,0.0374,11.57,2.34,22.93,1.95,0.5109,0.7229,0.3705,0.0239,1.56,1.07,1.8104
2005-02-28,44128839,44128839,1,1342962000,619874000,850745000,346518000,492217000,0,0,470428000,372083000,505121000,-8437000,-8437000,-0.2,-0.2,0.15,24688000,-7049000,-11662000,5711000,9514000,7090000,28.39,32.24,24.53,0.1034,0.0366,11.15,2.46,18.2,1.8,0.5225,0.7559,0.3665,0.0233,1.57,0.4,1.7889
2004-11-30,43322621,43322621,1,1376415000,641330000,875767000,365465000,500648000,0,0,471600000,372371000,525202000,13165000,13165000,0.31,0.3,0.15,-17860000,-11374000,18597000,-10332000,3803000,11462000,26.55,30.34,22.75,0.1452,0.0503,11.56,2.36,17.02,1.65,0.38,0.7438,0.3637,0.0319,1.58,-0.68,1.7548
2004-08-31,42424289,42424289,1,1364529000,633586000,886552000,362235000,477977000,0,0,470253000,390210000,563364000,26766000,26766000,0.63,0.62,0.15,63906000,-21171000,-38233000,4549000,14135000,21258000,24.63,27.83,21.44,0.1511,0.0508,11.27,2.36,19.24,1.5,0.3784,0.8164,0.3503,0.0319,1.59,1.01,1.7491
2004-05-31,42585703,42585703,1,1330534000,607091000,885363000,359693000,445171000,0,0,474875000,390661000,532226000,18012000,18012000,0.43,0.42,0.15,25653000,-11660000,-11750000,2087000,9586000,11745000,24.26,26.89,21.63,0.1281,0.042,10.45,2.38,19.72,1.35,0.4628,0.8776,0.3346,0.0264,1.59,0.33,1.6878
2004-02-29,42585219,42585219,1,1290246000,565272000,856153000,331954000,434093000,0,0,476264000,390830000,491039000,9519000,9519000,0.23,0.22,0.15,19299000,-10309000,-14544000,-5557000,7499000,10414000,24.52,26.44,22.6,0.123,0.0399,10.19,2.44,20.43,1.2,0.4838,0.9003,0.3364,0.0252,1.58,0.21,1.7029
2003-11-30,41954110,41954110,1,1305182000,578525000,883362000,359818000,421820000,0,0,476528000,391356000,517538000,12917000,12917000,0.31,0.3,0.15,4396000,-6443000,-1371000,-2997000,13056000,8643000,21.04,24.34,17.73,0.1205,0.0383,10.05,2.15,18.3,1.05,0.4983,0.9278,0.3232,0.0244,1.57,-0.1,1.6078
2003-08-31,41772985,41772985,1,1288219000,558552000,879925000,359451000,408294000,0,0,475519000,391469000,533654000,14289000,14289000,0.34,0.34,0.15,70184000,-9375000,-54356000,5639000,16053000,9283000,16.98,19.05,14.9,0.1158,0.0362,9.77,1.65,14.39,0.9,0.5221,0.9588,0.3169,0.0233,1.55,1.46,1.5539
2003-05-31,41548825,41548825,1,1330752000,583385000,902248000,395811000,428504000,0,0,477695000,392077000,521041000,15322000,15322000,0.37,0.37,0.15,36167000,-5190000,-31060000,944000,10414000,5190000,14.64,16.57,12.71,0.1188,0.0366,10.31,1.49,12.62,0.75,0.3824,0.915,0.322,0.0241,1.52,0.75,1.4739
2003-02-28,41515843,41515843,1,1317175000,571055000,908775000,405036000,408400000,0,0,476575000,392086000,489387000,7681000,7681000,0.19,0.19,0.15,39879000,-4892000,-29973000,4796000,9470000,4892000,13.75,15.26,12.24,0.1198,None,9.84,1.41,11.18,0.6,0.3878,0.9601,0.3101,0.0238,1.51,0.84,1.4099
2002-11-30,41477729,41477729,1,1337778000,579138000,932339000,424986000,405439000,0,0,476373000,390454000,505226000,10490000,10490000,0.25,0.25,0.15,14115000,-6882000,-5041000,1980000,4674000,6882000,13.3,15.6,11,0.1293,None,9.77,1.37,10.56,0.45,0.3654,0.963,0.3031,0.0255,1.49,0.17,1.3627
2002-08-31,41436856,41436856,1,1357954000,590997000,956002000,430807000,401952000,0,0,477248000,410630000,515284000,15361000,15361000,0.37,None,0,48814000,-6687000,-38245000,4049000,2694000,3634000,14.98,18.6,11.35,None,None,9.7,1.59,None,0.3,0.2385,1.0216,0.296,None,None,1.09,1.3718
2002-05-31,41378417,41378417,1,1333352000,564706000,942711000,398133000,390641000,0,0,471009000,429251000,507576000,14571000,14571000,0.35,0.35,0.15,49017000,-10493000,-38941000,-249000,976000,6725000,16.7,19.4,14,None,None,9.44,1.82,None,0.3,None,1.0988,0.293,None,None,1.02,1.4184
2002-02-28,41346730,41346730,1,1340836000,571622000,961177000,371562000,379659000,0,0,471092000,473690000,468245000,10558000,10558000,0.26,0.26,0.15,29395000,-2057000,-41030000,-14202000,1225000,6000000,12.79,14.89,10.7,None,None,9.18,1.4,None,0.15,None,1.2477,0.2832,None,None,0.57,1.5384
2001-11-30,41311469,41311469,1,1362156000,587824000,985423000,494242000,376733000,0,0,470456000,371315000,481691000,11534000,11534000,0.28,None,0,19615000,-30652000,16099000,5090000,15427000,8765000,None,None,None,None,None,9.12,None,None,0,None,0.9856,0.2766,None,None,0.26,1.1893
