"Quarter end","Shares","Shares split adjusted","Split factor","Assets","Current Assets","Liabilities","Current Liabilities","Shareholders equity","Non-controlling interest","Preferred equity","Goodwill & intangibles","Long-term debt","Revenue","Earnings","Earnings available for common stockholders","EPS basic","EPS diluted","Dividend per share","Cash from operating activities","Cash from investing activities","Cash from financing activities","Cash change during period","Cash at end of period","Capital expenditures","Price","Price high","Price low","ROE","ROA","Book value of equity per share","P/B ratio","P/E ratio","Cumulative dividends per share","Dividend payout ratio","Long-term debt to equity ratio","Equity to assets ratio","Net margin","Asset turnover","Free cash flow per share","Current ratio"
2010-06-30,248583517,248583517,1,10580731000,4563676000,3689028000,1552056000,5446139000,1445564000,0,3756100000,1481927000,2296063000,65074000,65074000,0.26,0.26,0.12,169083000,-187102000,-31992000,-50115000,497660000,111980000,None,None,None,0.0197,0.01,21.91,None,None,2.16,1.1027,0.2721,0.5147,0.0125,0.8,0.23,2.9404
2010-03-31,248507612,248507612,1,10402712000,4506159000,3569983000,1594922000,5416381000,1416348000,0,3667553000,1316589000,2137811000,11541000,11541000,0.05,0.05,0.12,52989000,-83240000,-400437000,-440571000,547775000,82842000,None,None,None,0.0124,0.0061,21.8,None,None,2.04,1.7607,0.2431,0.5207,0.0079,0.77,-0.12,2.8253
2009-12-31,236995440,236995440,1,10739415000,4815236000,3909485000,1410789000,5440567000,1389363000,0,3682914000,1814254000,1983767000,20113000,20113000,0.09,0.09,0.12,367243000,-126544000,466393000,706849000,988346000,93226000,29.91,33.81,26.01,0.0304,0.0143,22.96,1.39,20.21,1.92,0.7244,0.3335,0.5066,0.0181,0.79,1.16,3.4132
2009-09-30,219411172,219411172,1,9970883000,4171167000,3899629000,1224877000,4725508000,1345746000,0,3641802000,2049410000,1879024000,7035000,7035000,0.03,0.03,0.12,282645000,-70669000,-156322000,57313000,281497000,69844000,26.2,29.79,22.61,0.0703,0.0316,21.54,1.23,10.69,1.8,0.3215,0.4337,0.4739,0.0353,0.9,0.97,3.4054
2009-06-30,220536730,220536730,1,10108643000,4326404000,4058399000,1393192000,4707579000,1342665000,0,3633586000,2051474000,1944289000,24386000,24386000,0.11,0.11,0.12,453497000,-63357000,-372394000,22675000,224184000,56325000,26.94,31.91,21.97,0.1153,0.0502,21.35,1.27,8.29,1.68,0.1984,0.4358,0.4657,0.0517,0.97,1.8,3.1054
2009-03-31,219306478,219306478,1,10571142000,4822616000,4562764000,1569759000,4658335000,1350043000,0,3641650000,2375720000,2411479000,96935000,96935000,0.44,0.44,0.12,197757000,-16921000,-139521000,39001000,201509000,74704000,23.88,28.84,18.92,0.1657,0.0711,21.24,1.15,6.49,1.56,0.1493,0.51,0.4407,0.0638,1.12,0.56,3.0722
2008-12-31,218211825,218211825,1,10816224000,5086384000,4955915000,2933432000,4549339000,1310970000,0,3653875000,1440525000,3056371000,199177000,199177000,0.92,0.9,0.12,186148000,-150668000,-58336000,-29593000,162508000,147033000,37.8,55.93,19.67,0.2083,0.0888,20.85,1.84,10.53,1.44,0.1312,0.3166,0.4206,0.0712,1.25,0.18,1.7339
2008-09-30,218856479,218856479,1,10746207000,5082511000,4962681000,2892574000,4487724000,1295802000,0,3597601000,1442945000,2849311000,209843000,209843000,1,1,0.12,216231000,-1725342000,1562581000,50598000,192101000,85927000,70.44,85.52,55.36,0.2301,0.0986,20.51,4.82,20.6,1.32,0.1287,0.3215,0.4176,0.0734,1.34,0.6,1.7571
2008-06-30,201143019,201143019,1,6642025000,4191505000,2443774000,1305251000,2939577000,1258674000,0,1031135000,806408000,2494158000,183273000,183273000,0.91,0.91,0.12,105656000,-101734000,-11103000,-6871000,141503000,77158000,74.57,82.72,66.42,0.2581,0.1107,14.61,5.43,22.8,1.2,0.1277,0.2743,0.4426,0.0736,1.51,0.14,3.2113
2008-03-31,200897181,200897181,1,6372187000,3992998000,2414503000,1295633000,2757329000,1200355000,0,1022575000,794995000,2370998000,174991000,174991000,0.87,0.87,0.12,157108000,-63017000,-106310000,-9893000,148374000,59656000,64.09,74.68,53.49,0.2629,0.1105,13.73,4.96,20.03,1.08,0.1272,0.2883,0.4327,0.0733,1.51,0.49,3.0819
2007-12-31,200810969,200810969,1,6061880000,3727735000,2336210000,1173300000,2594897000,1130773000,0,1024801000,845624000,2297174000,167007000,167007000,0.84,0.81,0.1,299869000,-108513000,-132404000,59551000,158267000,96134000,67.25,75.34,59.16,0.2737,0.1119,12.92,5.53,21.69,0.96,0.1239,0.3259,0.4281,0.0738,1.52,1.01,3.1771
2007-09-30,200315917,200315917,1,5922348000,3664048000,2413195000,1179205000,2436037000,1073116000,0,1025898000,931559000,2245059000,166833000,166833000,0.83,0.83,0.1,94413000,-92735000,947000,3813000,98716000,70266000,65.39,74,56.78,0.2817,0.1112,12.16,5.73,22.32,0.86,0.1221,0.3824,0.4113,0.0736,1.51,0.12,3.1072
2007-06-30,199997710,199997710,1,5597222000,3412343000,2298842000,1259139000,2283093000,1015287000,0,1012586000,741979000,2114373000,153053000,153053000,0.76,0.76,0.1,253000000,-82300000,-169391000,1844000,94903000,82216000,54.59,60.34,48.84,0.2853,0.1094,11.42,5.11,19.78,0.76,0.1242,0.325,0.4079,0.0724,1.51,0.85,2.7101
2007-03-31,200477344,200477344,1,5547811000,3428119000,2425338000,1307207000,2141165000,981308000,0,1012458000,826617000,2107724000,160158000,160158000,0.8,0.8,0.1,41205000,-64025000,35041000,12680000,93059000,62160000,42.21,48.41,36.01,0.2872,0.1078,10.68,4.25,16.95,0.66,0.1267,0.3861,0.3859,0.0715,1.51,-0.1,2.6225
2006-12-31,199979284,199979284,1,5335475000,3271027000,2426424000,1379468000,1986937000,922114000,0,1008787000,800928000,1998991000,143032000,143032000,0.73,0.71,0.08,138180000,-82740000,-58332000,-1961000,80379000,99552000,40,44.11,35.89,0.2775,0.1033,9.94,4.63,18.1,0.56,0.1342,0.4031,0.3724,0.0685,1.51,0.19,2.3712
2006-09-30,214061005,214061005,1,5068598000,3076388000,2345760000,1267145000,1848088000,874750000,0,1012930000,847034000,1914184000,132925000,132925000,0.66,0.66,0.08,109093000,-241303000,125521000,-6162000,82340000,75017000,40.92,45.79,36.05,0.2622,0.0986,8.63,4.99,21.09,0.48,0.1434,0.4583,0.3646,0.0652,1.51,0.16,2.4278
2006-06-30,213994607,213994607,1,4639338000,2871024000,2059756000,1052590000,1754071000,825511000,0,868923000,792005000,1738263000,118833000,118833000,0.59,0.59,0.08,37312000,-49736000,34624000,22729000,88502000,49005000,40.26,44.35,36.17,0.2436,0.093,8.2,5.23,23.89,0.4,0.1517,0.4515,0.3781,0.062,1.5,-0.05,2.7276
2006-03-31,213949799,213949799,1,4392727000,2688867000,1957797000,1063993000,1646624000,788306000,0,864913000,686894000,1682121000,107216000,107216000,0.53,0.53,0.08,2623000,-97145000,97647000,3230000,65773000,49153000,40.14,44.63,35.66,0.2223,0.0856,7.7,5.44,27.12,0.32,0.1614,0.4172,0.3749,0.0575,1.49,-0.22,2.5271
2005-12-31,213757655,213757655,1,4059914000,2437231000,1738701000,933153000,1578505000,742708000,0,815827000,610857000,1530440000,88589000,88589000,0.44,0.43,0.06,46109000,-105777000,56828000,-2799000,62543000,56151000,34.6,39.59,29.61,0.2019,0.0788,7.38,4.92,26.02,0.24,0.1689,0.387,0.3888,0.0542,1.45,-0.05,2.6118
2005-09-30,212390228,212390228,1,3866623000,2322571000,1666625000,927543000,1493047000,706951000,0,805805000,555218000,1410162000,79504000,79504000,0.4,0.39,0.06,127843000,-43466000,-70731000,13733000,65342000,36927000,33.57,35.23,31.91,0.1872,0.0736,7.03,4.88,28.09,0.18,0.1406,0.3719,0.3861,0.0516,1.42,0.43,2.504
2005-06-30,106179869,212359738,2,3721853000,2212824000,1554202000,819752000,1460875000,706776000,0,780898000,552303000,1350203000,68060000,68060000,0.67,0.67,0.12,54731000,-28113000,-40963000,-14708000,51609000,27059000,29.99,32.06,27.92,0.1723,0.0684,6.88,4.37,30.14,0.12,0.1043,0.3781,0.3925,0.0491,1.39,0.13,2.6994
2005-03-31,106146942,212293884,2,3692905000,2187254000,1555374000,862105000,1457592000,679939000,0,782116000,515704000,1288198000,66152000,66152000,0.65,0.65,0.12,-9229000,-34895000,57230000,12721000,66317000,31282000,29.37,32.77,25.96,0.148,0.059,6.87,4.45,33,0.06,0.0625,0.3538,0.3947,0.0434,1.36,-0.19,2.5371
2004-12-31,106122507,212245014,2,3506778000,2019632000,1451284000,887357000,1400811000,654683000,0,781950000,387798000,1217593000,58231000,58231000,0.58,0.56,0,64693000,-56883000,-20182000,-11439000,53596000,30295000,29.12,31.25,26.99,0.136,0.0549,6.6,4.51,36.63,0,0,0.2768,0.3995,0.0413,1.33,0.16,2.276
2004-09-30,104877439,209754878,2,3371369000,1920865000,1367071000,810787000,1354191000,650107000,0,711486000,390849000,1119184000,51893000,51893000,0.51,0.51,0,63707000,-42064000,-12332000,9527000,65035000,22324000,28.4,30.71,26.09,0.1248,0.0504,6.46,4.6,39.72,0,0,0.2886,0.4017,0.0388,1.3,0.2,2.3691
2004-06-30,104792868,209585736,2,3253141000,1816771000,1330504000,682536000,1294492000,628145000,0,702496000,484532000,1064450000,27477000,27477000,0.27,0.27,0,25715000,-33506000,18437000,10445000,55508000,20349000,26.45,28.88,24.02,0.1156,0.0464,6.18,4.2,36.23,0,0,0.3743,0.3979,0.0364,1.27,0.03,2.6618
2004-03-31,104385179,208770358,2,3164802000,1741373000,1241900000,649720000,1315076000,607826000,0,692049000,435449000,1017788000,44850000,44850000,0.44,0.44,0,28059000,-30667000,-2969000,-6223000,45063000,17802000,23.75,27.36,20.14,0.1211,0.0482,6.3,4,38.62,0,0,0.3311,0.4155,0.0388,1.24,0.05,2.6802
2003-12-31,103969738,207939476,2,3097047000,1679796000,1273603000,630924000,1235776000,587668000,0,690593000,488548000,983542000,38015000,38015000,0.38,0.37,0,75769000,-46088000,-23956000,6898000,51286000,23206000,19.59,21.26,17.93,0.106,0.0412,5.94,3.31,38.04,0,0,0.3953,0.399,0.0343,1.2,0.25,2.6624
2003-09-30,100118346,200236692,2,3023944000,1622574000,1266610000,607271000,1184262000,573072000,0,680573000,518336000,924792000,35004000,35004000,0.35,0.35,0,49088000,-19916000,-28887000,547000,44388000,19016000,18.31,19.65,16.98,0.092,0.0354,5.91,3.2,41.61,0,0,0.4377,0.3916,0.0306,1.16,0.15,2.6719
2003-06-30,100084966,200169932,2,2982339000,1578835000,1283690000,667149000,1147206000,551443000,0,679372000,472149000,877657000,29900000,29900000,0.3,0.3,0,47684000,-17758000,-30154000,-73000,43841000,17520000,19,20.77,17.23,0.081,0.0311,5.73,3.54,44.71,0,0,0.4116,0.3847,0.0273,1.14,0.15,2.3665
2003-03-31,101971435,203942870,2,2892236000,1490770000,1264543000,639036000,1094467000,533226000,0,679288000,487768000,808837000,20561000,20561000,0.21,0.21,0,-29959000,-94048000,81085000,-42836000,43914000,16279000,16.59,18.24,14.93,0.0806,0.0308,5.37,3.18,35.68,0,0,0.4457,0.3784,0.027,1.14,-0.23,2.3328
2002-12-31,101774801,203549602,2,2749545000,1426914000,1168753000,595096000,1063535000,517257000,0,620075000,441967000,764433000,17747000,17747000,0.18,0.17,0,113119000,-55318000,-34002000,23890000,86750000,25496000,15.63,17.98,13.28,0.0908,0.0343,5.22,3.05,27.42,0,0,0.4156,0.3868,0.0294,1.17,0.43,2.3978
2002-09-30,101527034,203054068,2,2691020000,1423077000,1146814000,484488000,1041979000,502227000,0,594362000,553919000,777232000,19790000,19790000,0.2,0.2,0,97406000,-38834000,-41575000,16880000,62860000,13322000,15.51,18.12,12.89,0.1139,0.0419,5.13,3.08,22.81,0,0,0.5316,0.3872,0.0343,1.22,0.41,2.9373
2002-06-30,101350438,202700876,2,2708917000,1460089000,1178422000,501723000,1019998000,510497000,0,580972000,568801000,801038000,26922000,26922000,0.27,0.27,0,73596000,-23290000,-48781000,2045000,45980000,18241000,17.24,19.36,15.12,0.1407,0.0505,5.03,3.57,23.54,0,0,0.5576,0.3765,0.0395,1.28,0.27,2.9101
2002-03-31,50664435,202657740,4,2715252000,1484367000,1229416000,590375000,979596000,506240000,0,577124000,534420000,827377000,28730000,28730000,0.58,0.58,0,39405000,-21745000,-18238000,-748000,43935000,21745000,14.54,17.47,11.6,0.1571,0.0556,4.83,3.1,19.19,0,0,0.5456,0.3608,0.0417,1.33,0.09,2.5143
2001-12-31,50633976,202535904,4,2735828000,1523031000,1296377000,666004000,949159000,490292000,0,574550000,538842000,903827000,38179000,38179000,0.78,0.76,0,82879000,-186965000,103562000,-580000,44683000,35957000,11.43,14.28,8.57,0.1688,0.0592,4.69,2.47,16.45,0,0,0.5677,0.3469,0.0428,1.38,0.23,2.2868
2001-09-30,49399451,197597804,4,2607526000,1541527000,1254878000,632117000,914944000,437704000,0,479935000,532532000,909682000,42066000,42066000,0.84,0.84,0,71568000,-77383000,11101000,5325000,45263000,25901000,11.68,15.28,8.07,0.1612,0.0569,4.63,2.62,19.88,0,0,0.582,0.3509,0.0411,1.39,0.23,2.4387
2001-06-30,49935351,199741404,4,2495794000,1478345000,1185988000,605299000,889649000,420157000,0,454464000,494101000,872389000,37682000,37682000,0.75,0.75,0,52233000,-29036000,-14556000,8608000,39938000,22411000,18.03,21.11,14.95,0.1414,0.0507,4.45,4.28,37.96,0,0,0.5554,0.3565,0.0368,1.38,0.15,2.4423
2001-03-31,50571842,202287368,4,2439423000,1442270000,1183897000,596075000,851605000,403921000,0,452571000,499214000,865311000,34218000,34218000,0.69,0.68,0,-915000,-66241000,61998000,-5214000,31330000,25145000,18.98,21.13,16.83,0.1185,0.0429,4.21,4.7,52.36,0,0,0.5862,0.3491,0.0319,1.35,-0.13,2.4196
2000-12-31,50559053,202236212,4,2295287000,1310003000,1100124000,642804000,817481000,377682000,0,453947000,374716000,759883000,26029000,26029000,0.53,0.51,0,29058000,-128114000,101901000,2875000,36544000,22854000,17.25,20.78,13.72,0.0929,0.0343,4.04,4.4,65.71,0,0,0.4584,0.3562,0.0264,1.3,0.03,2.038
2000-09-30,50413729,201654916,4,2117768000,1251757000,988308000,585983000,789838000,339622000,0,369241000,345896000,718470000,20474000,20474000,0.41,0.41,0,35205000,-23113000,-11078000,1039000,33669000,23113000,19.13,21.78,16.47,0.0698,0.0263,3.92,4.99,48.13,0,0,0.4379,0.373,0.0209,1.26,0.06,2.1362
2000-06-30,50402881,201611524,4,2063291000,1193002000,959807000,547332000,772555000,330929000,0,371128000,354640000,657229000,14974000,14974000,0.3,0.3,0,30358000,-29430000,-101000,644000,32630000,19319000,19.22,22.13,16.31,0.1073,0.0407,3.83,5.13,62.5,0,0,0.459,0.3744,0.0345,1.18,0.05,2.1797
2000-03-31,50396961,201587844,4,2002705000,1149747000,923627000,487565000,755377000,323701000,0,365017000,382517000,625432000,11323000,11323000,0.23,0.23,0,-36901000,-42590000,87504000,7859000,31986000,12590000,15.92,20.59,11.25,0.0862,0.0328,3.75,4.42,55.86,0,0,0.5064,0.3772,0.0302,1.09,-0.25,2.3581
1999-12-31,50038435,200153740,4,1894575000,1054780000,856100000,457318000,720220000,318255000,0,349773000,346647000,537895000,6279000,6279000,0.13,0.11,0,4720000,-21275000,12360000,-4162000,24127000,10223000,10.22,12.53,7.91,0.0829,0.0316,3.6,2.8,49.25,0,0,0.4813,0.3801,0.0314,1.01,-0.03,2.3064
1999-09-30,48914340,195657360,4,1848240000,1009032000,819887000,426559000,713792000,314561000,0,345806000,331212000,481541000,46860000,46860000,0.96,0.95,0,-9811000,295446000,-282029000,3485000,28289000,10054000,11.39,13.02,9.77,0.0591,0.0223,3.65,3.41,119.89,0,0,0.464,0.3862,0.0208,1.07,-0.1,2.3655
1999-06-30,49455420,197821680,4,1747265000,956663000,1062018000,577002000,661645000,23602000,0,304934000,429532000,389695000,-3021000,-3021000,-0.06,-0.06,0,18505000,-275298000,225747000,-30220000,24804000,9261000,10.64,12.47,8.81,0.0253,0.0093,3.34,3.24,152,0,0,0.6492,0.3787,0.0085,1.1,0.05,1.658
1999-03-31,48875640,195502560,4,1682065000,934327000,1032276000,634934000,641512000,8277000,0,286446000,343510000,397022000,6606000,6606000,0.14,0.14,0,55295000,15848000,-38455000,32307000,55024000,9314000,8.38,10.88,5.89,0.0187,0.0067,3.28,2.59,38.98,0,0,0.5355,0.3814,0.0057,1.18,0.24,1.4715
1998-12-31,48850203,195400812,4,1758988000,997155000,1115447000,693300000,634034000,9507000,0,289242000,368823000,617316000,-11253000,-11253000,-0.2,-0.2,0,77107000,-34428000,-47882000,-4820000,22717000,22475000,7.33,9.83,4.83,0.0566,0.0197,3.24,2.2,15.93,0,0,0.5817,0.3605,0.0161,1.22,0.28,1.4383
1998-09-30,48791483,195165932,4,1833332000,1074226000,1173361000,715589000,650245000,9726000,0,293581000,415471000,520209000,24053000,24053000,0.5,0.5,0,33904000,-24216000,-16667000,-6866000,27537000,20797000,6.93,9.55,4.31,0.1345,0.0459,3.33,2.17,13.72,0,0,0.6389,0.3547,0.0391,1.17,0.07,1.5012
1998-06-30,48785688,195142752,4,1845348000,1136902000,977993000,496890000,624372000,242983000,0,259289000,435327000,557749000,-7492000,-7492000,-0.16,-0.16,0,46258000,-48129000,1075000,-715000,34403000,36116000,12.24,16.13,8.35,0.1549,0.0525,3.2,4.74,17.61,0,0,0.6972,0.3383,0.0436,1.21,0.05,2.288
1998-03-31,48242799,192971196,4,1487925000,921216000,768431000,356027000,497176000,222318000,0,210129000,373265000,423441000,28761000,28761000,0.72,0.72,0,-33214000,-30673000,62060000,-1991000,26980000,23373000,13.53,15.5,11.56,0.242,0.082,2.58,4.65,20.9,0,0,0.7508,0.3341,0.0675,1.22,-0.29,2.5875
1997-12-31,40333637,161334548,4,1396033000,850971000,719871000,372927000,469457000,206705000,0,209335000,306279000,425868000,30045000,30045000,0.78,None,0,20979000,-51099000,39203000,9015000,28971000,24503000,17.68,21.97,13.39,0.2395,0.0819,2.91,6.5,30.75,0,0,0.6524,0.3363,0.0655,1.25,-0.02,2.2819
1997-09-30,40310108,161240432,4,1254053000,766143000,616646000,315833000,438333000,199074000,0,187952000,277517000,396629000,27264000,27264000,0.68,None,0,21793000,-26927000,1005000,-4309000,19956000,20817000,17.72,20.25,15.19,0.2293,0.0788,2.72,6.92,34.75,0,0,0.6331,0.3495,0.0626,1.26,0.01,2.4258
1997-06-30,40288103,161152412,4,1225216000,757943000,637859000,318938000,413355000,174002000,0,188499000,291896000,383163000,23929000,23929000,0.6,None,0,222000,-60035000,60008000,347000,24265000,17585000,13.05,15.44,10.66,0.2151,0.0741,2.56,5.41,28.68,0,0,0.7062,0.3374,0.0587,1.26,-0.11,2.3765
1997-03-31,40207730,160830920,4,1126244000,710806000,572217000,302092000,388350000,165677000,0,163204000,242769000,357484000,21113000,21113000,0.53,None,0,-462000,-18222000,17269000,-1622000,23918000,13342000,11.01,12.38,9.63,0.2027,0.0707,2.41,4.81,27.19,0,0,0.6251,0.3448,0.0569,1.24,-0.09,2.3529
1996-12-31,40199788,160799152,4,1074582000,665277000,551305000,300501000,368536000,154741000,0,160797000,228443000,336909000,19911000,19911000,0.49,None,0,34464000,-60952000,39282000,12750000,25540000,19832000,10.41,12,8.81,0.1896,0.0694,2.29,4.82,28.52,0,0,0.6199,0.343,0.0557,1.25,0.09,2.2139
1996-09-30,40033198,160132792,4,973625000,618429000,474491000,215071000,346626000,152508000,0,129543000,243768000,310657000,16604000,16604000,0.42,None,0,-5438000,-12176000,10104000,-7510000,12790000,16964000,8.25,9.16,7.34,0.1778,0.0688,2.16,4,24.44,0,0,0.7033,0.356,0.0542,1.27,-0.14,2.8755
1996-06-30,39982747,159930988,4,933281000,603355000,466957000,234937000,329389000,136935000,0,124951000,216348000,270272000,14981000,14981000,0.38,None,0,-406000,-82162000,89582000,6986000,20300000,13811000,7.22,8.35,6.09,0.1704,0.0691,2.06,3.66,23.67,0,0,0.6568,0.3529,0.0538,1.29,-0.09,2.5682
1996-03-31,39952762,159811048,4,731579000,506579000,328575000,179642000,315290000,87714000,0,43977000,132701000,238820000,12948000,12948000,0.33,None,0,1476000,-10640000,7691000,-1531000,13314000,10640000,5.67,6.38,4.97,0.1614,0.0688,1.97,3.02,19.38,0,0,0.4209,0.431,0.0522,1.32,-0.06,2.8199
1995-12-31,39930839,159723356,4,702844000,485291000,318281000,185289000,300886000,83677000,0,43925000,117238000,239528000,12920000,12920000,0.33,None,0,20414000,-5558000,-3453000,11397000,14845000,17250000,4.86,5.97,3.75,0.161,0.0682,1.88,2.67,17.51,0,0,0.3896,0.4281,0.0521,1.31,0.02,2.6191
1995-09-30,39777607,159110428,4,675168000,459743000,306585000,174540000,289276000,79307000,0,44149000,115249000,229437000,11743000,11743000,0.31,None,0,5025000,-6205000,-2213000,-3432000,3448000,6205000,4.26,4.75,3.78,0.1591,0.0666,1.82,2.43,16.23,0,0,0.3984,0.4285,0.0518,1.29,-0.01,2.634
1995-06-30,39759806,159039224,4,664703000,451538000,311636000,175553000,277579000,75488000,0,44362000,119859000,205976000,10124000,10124000,0.25,None,0,1621000,-8509000,6152000,-709000,6880000,5859000,4.17,4.84,3.5,0.157,0.0645,1.75,2.5,16.51,0,0,0.4318,0.4176,0.0519,1.24,-0.03,2.5721
1995-03-31,39576905,158307620,4,631918000,431083000,295176000,167715000,264928000,71814000,0,40427000,111100000,199603000,10805000,10805000,0.28,None,0,128000,-10943000,10192000,-556000,7589000,5812000,3.19,3.63,2.75,0.1574,None,1.67,1.99,13.72,0,0,0.4194,0.4192,0.0519,1.23,-0.04,2.5703
1994-12-31,39558993,158235972,4,619780000,421596000,296344000,164247000,253121000,70315000,0,39029000,115000000,198240000,10476000,10476000,0.27,None,0,17038000,-1956000,-14096000,891000,8145000,-44000,3.63,4.34,2.91,0.151,None,1.6,2.36,None,0,0,0.4543,0.4084,0.0549,1.09,0.11,2.5668
1994-09-30,39419764,157679056,4,610612000,404756000,298192000,155599000,242862000,69558000,0,49911000,119200000,181489000,9349000,9349000,0.25,None,0,-5621000,-7958000,10639000,-3238000,7254000,1595000,3.92,4.41,3.44,None,None,1.54,2.65,None,0,None,0.4908,0.3977,None,None,-0.05,2.6013
1994-06-30,39386334,157545336,4,584366000,373741000,284900000,150553000,232585000,66881000,0,50159000,110700000,173410000,8465000,8465000,0.21,None,0,11729000,-7348000,-8372000,-3616000,10492000,7348000,3.32,4.03,2.6,None,None,1.48,2.35,None,0,None,0.476,0.398,None,None,0.03,2.4825
1994-03-31,39317402,157269608,4,590883000,376976000,294500000,153714000,221683000,74700000,0,50463000,119500000,100762000,7589000,7589000,0.2,None,0,-6545000,-164806000,83965000,-87453000,14108000,4806000,2.44,2.78,2.1,None,None,1.41,1.79,None,0,None,0.5391,0.3752,None,None,-0.07,2.4525
1993-12-31,39314667,157258668,4,348386000,255847000,133920000,79970000,214466000,0,0,0,46000000,None,None,None,None,None,0,None,None,None,None,101561000,0,2.41,2.88,1.94,None,None,1.36,None,None,0,None,0.2145,0.6156,None,None,None,3.1993
