"Quarter end","Shares","Shares split adjusted","Split factor","Assets","Current Assets","Liabilities","Current Liabilities","Shareholders equity","Non-controlling interest","Preferred equity","Goodwill & intangibles","Long-term debt","Revenue","Earnings","Earnings available for common stockholders","EPS basic","EPS diluted","Dividend per share","Cash from operating activities","Cash from investing activities","Cash from financing activities","Cash change during period","Cash at end of period","Capital expenditures","Price","Price high","Price low","ROE","ROA","Book value of equity per share","P/B ratio","P/E ratio","Cumulative dividends per share","Dividend payout ratio","Long-term debt to equity ratio","Equity to assets ratio","Net margin","Asset turnover","Free cash flow per share","Current ratio"
2019-05-31,132526191,132526191,1,10236700000,1473100000,6854100000,1860100000,3370900000,11700000,0,7371500000,3977500000,1301900000,149400000,149400000,1.13,1.12,0.57,210600000,-28700000,-141300000,37100000,139400000,28700000,145.19,157,133.37,0.2112,0.0668,25.44,5.75,29.45,22.61,0.4205,1.18,0.3293,0.1274,0.52,1.37,0.7919
2019-02-28,132007641,132007641,1,10227900000,1428000000,6885200000,1829100000,3331000000,11700000,0,7407700000,4034000000,1231500000,148000000,148000000,1.12,1.11,0.57,103600000,-25300000,-79400000,5700000,102300000,25400000,137.5,156,119,0.2086,0.064,25.23,5.73,19.64,22.04,0.4261,1.211,0.3257,0.1219,0.53,0.59,0.7807
2018-11-30,132148261,132148261,1,10256400000,1479900000,7074200000,2001700000,3170900000,11300000,0,7401200000,4052900000,1499200000,214000000,214000000,1.62,1.59,0.52,432200000,-45100000,-358400000,23600000,96600000,44200000,136.71,151.42,122,0.302,0.0904,24,5.8,20.31,21.47,0.2932,1.2782,0.3092,0.1726,0.52,2.94,0.7393
2018-08-31,131665195,131665195,1,10278000000,1474200000,7166000000,1855100000,3101700000,10300000,0,7435100000,4269800000,1345300000,173500000,173500000,1.32,1.3,0.52,154100000,-50200000,-231100000,-129600000,73000000,52700000,113.2,126.87,99.53,0.3047,0.0865,23.56,4.91,18.03,20.95,0.2978,1.3766,0.3018,0.1657,0.52,0.77,0.7947
2018-05-31,131267013,131267013,1,10383800000,1564200000,7343500000,1846700000,3028500000,11800000,0,7470300000,4456200000,1327300000,123300000,123300000,0.94,0.93,0.52,255400000,-28000000,-200800000,23000000,202600000,28900000,105.85,111.46,100.24,0.2971,0.08,23.07,4.54,17.24,20.43,0.313,1.4714,0.2917,0.1583,0.5,1.73,0.847
2018-02-28,131256326,131256326,1,10363000000,1606000000,7290600000,1871500000,3060200000,12200000,0,7533100000,4378600000,1237100000,422600000,422600000,3.22,3.18,0.52,-20500000,-35200000,39200000,-7200000,179600000,31000000,104,109.67,98.34,0.3246,0.0896,23.31,5.33,28.11,19.91,0.31,1.4308,0.2953,0.1604,0.56,-0.39,0.8581
2017-11-30,131106110,131106110,1,10385800000,1617000000,7814900000,1947300000,2559900000,11000000,0,7561200000,4443900000,1490900000,175700000,175700000,1.34,1.32,0.47,512300000,-73200000,-410700000,20700000,186800000,73600000,98.82,103.94,93.7,0.2221,0.0628,19.53,5.13,27.37,19.39,0.5035,1.736,0.2465,0.0988,0.64,3.35,0.8304
2017-08-31,130998369,130998369,1,10381700000,1642600000,7848400000,1734200000,2521600000,11700000,0,7656300000,4702300000,1185200000,108200000,108200000,0.86,0.85,0.47,125800000,-4245300000,4142100000,36100000,166100000,41900000,98.38,106.5,90.25,0.2396,0.0745,19.25,6.82,26.16,18.92,0.5066,1.8648,0.2429,0.0812,0.92,0.64,0.9472
2017-05-31,124597256,124597256,1,4872100000,1425900000,3062700000,1801400000,1798100000,11300000,0,2383800000,804300000,1114300000,100000000,100000000,0.8,0.79,0.47,132900000,-37100000,-85600000,4300000,130000000,37100000,100.96,104.82,97.1,0.2774,0.1009,14.43,7.32,27.29,18.45,0.4705,0.4473,0.3691,0.1069,0.94,0.77,0.7916
2017-02-28,124678471,124678471,1,4751100000,1385100000,3019500000,1738400000,1719200000,12400000,0,2331500000,803500000,1043700000,93500000,93500000,0.75,0.74,0.47,44300000,-152700000,110200000,7300000,125700000,28700000,94.15,99.66,88.64,0.2755,0.1008,13.79,7.25,25.51,17.98,0.468,0.4674,0.3619,0.1068,0.94,0.13,0.7968
2016-11-30,125189491,125189491,1,4635900000,1421800000,2997800000,1422700000,1626600000,11500000,0,2196300000,1054000000,2313500000,157400000,157400000,1.25,1.23,0.43,335700000,-65300000,-279300000,-15800000,118400000,65100000,96.53,101.98,91.08,0.2758,0.1027,12.99,6.92,26.74,17.51,0.4596,0.648,0.3509,0.1071,0.96,2.16,0.9994
2016-08-31,126072502,126072502,1,4716500000,1468000000,2941900000,1341200000,1757400000,17200000,0,2246900000,1057900000,4500000,127700000,127700000,1.01,1,0.43,109700000,-30400000,-76000000,2700000,134200000,33700000,102.13,107.07,97.18,0.2693,0.1016,13.94,7.36,30.31,17.08,0.4613,0.602,0.3726,0.1406,0.72,0.6,1.0945
2016-05-31,126650736,126650736,1,4644300000,1402200000,2870800000,1270700000,1756500000,17000000,0,2247300000,1055200000,1063300000,93800000,93800000,0.74,0.73,0.43,134800000,-149200000,29300000,19700000,131500000,31100000,96.05,100.71,91.39,0.2522,0.0962,13.87,7.13,29.19,16.65,0.4864,0.6007,0.3782,0.0996,0.97,0.82,1.1035
2016-02-29,126927590,126927590,1,4400100000,1306200000,2673200000,1092200000,1710200000,16700000,0,2134100000,1056300000,1030200000,93400000,93400000,0.73,0.73,0.43,77900000,-22200000,-45500000,-800000,111800000,22200000,86.94,94.1,79.78,0.2482,0.0955,13.47,6.62,27.95,16.22,0.4895,0.6176,0.3887,0.0984,0.97,0.44,1.1959
2015-11-30,127108053,127108053,1,4507800000,1406500000,2820900000,1240200000,1670200000,16700000,0,2131400000,1052700000,1201900000,149200000,149200000,1.17,1.15,0.4,273400000,-58300000,-212900000,4200000,112600000,58300000,81.82,86.03,77.61,0.2357,0.0914,13.14,6,26.39,15.79,0.5088,0.6303,0.3705,0.0935,0.98,1.69,1.1341
2015-08-31,128046885,128046885,1,4490700000,1374500000,2728500000,1404600000,1745300000,16900000,0,2178500000,807200000,1059900000,97600000,97600000,0.76,0.76,0.4,130700000,-126500000,23600000,18900000,108400000,27100000,80.61,85.2,76.02,0.2309,0.0916,13.63,6.01,24.58,15.39,0.5018,0.4625,0.3886,0.0938,0.98,0.81,0.9786
2015-05-31,127861282,127861282,1,4378400000,1358900000,2643100000,1338800000,1715300000,20000000,0,2084400000,807900000,1024100000,84300000,84300000,0.66,0.65,0.4,90000000,-138600000,53900000,7700000,89500000,27100000,75.8,79.61,71.98,0.2384,0.0975,13.42,5.75,23.18,14.99,0.4639,0.471,0.3918,0.1001,0.97,0.49,1.015
2015-02-28,127785931,127785931,1,4197500000,1304700000,2493600000,1221000000,1683900000,20000000,0,1974300000,806800000,1010400000,70500000,70500000,0.55,0.55,0.4,95900000,-15500000,-64200000,4500000,81800000,15500000,74.09,76.78,71.39,0.2305,0.0974,13.18,5.3,22.18,14.59,0.4564,0.4791,0.4012,0.1,0.97,0.63,1.0686
2014-11-30,128268480,128268480,1,4414300000,1416200000,2604900000,1122000000,1792200000,17200000,0,2053000000,1014100000,1173600000,148000000,148000000,1.15,1.14,0.37,227800000,-54400000,-183300000,-16500000,77300000,54400000,69.97,74.33,65.61,0.2281,0.0988,13.97,4.63,22.07,14.19,0.4374,0.5658,0.406,0.1032,0.96,1.35,1.2622
2014-08-31,129144466,129144466,1,4472100000,1408800000,2502100000,1077600000,1952500000,17500000,0,2105600000,1014300000,1042800000,122900000,122900000,0.95,0.94,0.37,93700000,-30500000,-51800000,12400000,93800000,30500000,69.44,73.09,65.78,0.2148,0.0946,15.12,4.59,23.07,13.82,0.4494,0.5195,0.4366,0.099,0.95,0.49,1.3073
2014-05-31,129811890,129811890,1,4409300000,1324700000,2429400000,1002800000,1962200000,17700000,0,2139000000,1016800000,1033400000,84500000,84500000,0.65,0.64,0.37,105400000,-28700000,-85200000,-8000000,81400000,28700000,69.22,72.31,66.12,0.2099,0.091,15.12,4.58,23.39,13.45,0.4629,0.5182,0.445,0.0953,0.96,0.59,1.321
2014-02-28,130500644,130500644,1,4429700000,1340100000,2442300000,1012100000,1971500000,15900000,0,2141900000,1016600000,993400000,82500000,82500000,0.63,0.62,0.37,76700000,-18000000,-28600000,26400000,89400000,18000000,66.53,70.02,63.03,0.2137,0.0907,15.11,4.52,22.86,13.08,0.4618,0.5156,0.4451,0.0946,0.96,0.45,1.3241
2013-11-30,131164388,131164388,1,4449700000,1370200000,2502000000,1063100000,1932500000,15200000,0,2131900000,1019000000,1170000000,130000000,130000000,0.98,0.97,0.34,237800000,-57700000,-264800000,-83800000,63000000,45400000,67.13,70.2,64.07,0.2179,0.091,14.73,4.97,22.01,12.71,0.4607,0.5273,0.4343,0.0943,0.96,1.47,1.2889
2013-08-31,132050858,132050858,1,4353000000,1370900000,2555500000,1054300000,1783400000,14100000,0,2103900000,1268600000,1016400000,104400000,104400000,0.79,0.78,0.34,94700000,-32600000,13300000,74700000,146800000,19300000,70.22,73.36,67.09,0.2366,0.0969,13.51,5.4,23.02,12.38,0.4313,0.7113,0.4097,0.0994,0.98,0.57,1.3003
2013-05-31,131985964,131985964,1,4208800000,1217500000,2475100000,1226200000,1716700000,17000000,0,2107500000,774400000,1002600000,78600000,78600000,0.6,0.59,0.34,101100000,-138100000,40000000,3500000,72100000,22200000,71.58,74.76,68.39,0.2393,0.0987,13.01,5.53,23.39,12.04,0.4219,0.4511,0.4079,0.1004,0.98,0.6,0.9929
2013-02-28,131904429,131904429,1,4086100000,1211500000,2361300000,1115500000,1707200000,17600000,0,2014300000,776000000,934400000,76000000,76000000,0.57,0.57,0.34,31600000,-11300000,-34400000,-10400000,68600000,10500000,64.27,67.32,61.23,0.2437,0.1006,12.94,5.07,21.14,11.7,0.4109,0.4545,0.4178,0.1013,0.99,0.16,1.0861
2012-11-30,132678095,132678095,1,4165400000,1285400000,2465200000,1187600000,1682900000,17300000,0,2018800000,779200000,1145800000,148500000,148500000,1.11,1.11,0.31,198700000,-47500000,-147300000,6800000,79000000,47500000,63.79,66.37,61.2,0.244,0.1003,12.68,4.96,21.92,11.36,0.4032,0.463,0.404,0.1016,0.99,1.14,1.0824
2012-08-31,132515371,132515371,1,4057000000,1219400000,2333000000,902600000,1705900000,18100000,0,2012400000,1026200000,977700000,104400000,104400000,0.79,0.78,0.31,111900000,-26600000,-76700000,10800000,72200000,26600000,58.44,61.69,55.18,0.2369,0.0966,12.87,4.78,20.72,11.04,0.4105,0.6016,0.4205,0.0983,0.98,0.64,1.351
2012-05-31,132633892,132633892,1,3965700000,1167200000,2326800000,900300000,1621300000,17600000,0,1992900000,1027700000,984000000,80400000,80400000,0.61,0.6,0.31,121900000,-20000000,-91000000,7000000,61400000,20000000,53.91,57.4,50.43,0.2292,0.0956,12.22,4.27,19.46,10.73,0.4136,0.6339,0.4088,0.0966,0.99,0.77,1.2965
2012-02-29,132598471,132598471,1,4079700000,1192800000,2387100000,959900000,1674300000,18300000,0,2052400000,1028700000,906700000,74500000,74500000,0.56,0.55,0.31,22500000,-14900000,-9300000,500000,54400000,14900000,50.3,52.07,48.54,0.2247,0.0962,12.63,4.18,18.03,10.42,0.4102,0.6144,0.4104,0.0973,0.99,0.06,1.2426
2011-11-30,133049401,133049401,1,4087800000,1222900000,2469300000,993300000,1601700000,16800000,0,2044200000,1029700000,1110700000,131800000,131800000,0.99,0.98,0.28,254300000,-440200000,191700000,1700000,53900000,38000000,47.48,50.03,44.93,0.2298,0.1007,12.04,3.68,17.14,10.11,0.3969,0.6429,0.3918,0.1012,0.99,1.63,1.2311
2011-08-31,132669897,132669897,1,3714600000,1163300000,1994200000,639500000,1711300000,9100000,0,1747200000,1031700000,920400000,92000000,92000000,0.69,0.69,0.28,49400000,-64200000,18500000,4300000,52200000,25000000,47.49,51,43.98,0.2363,0.1059,12.9,3.85,16.72,9.83,0.3878,0.6029,0.4607,0.1055,1,0.18,1.8191
2011-05-31,132275874,132275874,1,3589400000,1079600000,1947300000,846500000,1632900000,9200000,0,1715000000,781200000,883700000,73600000,73600000,0.56,0.55,0.28,59400000,-18900000,-45600000,7300000,47900000,18900000,48.73,50.5,46.96,0.2565,0.1124,12.34,4.12,17.53,9.55,0.3707,0.4784,0.4549,0.1123,1,0.31,1.2754
2011-02-28,132496598,132496598,1,3477600000,1015600000,1901100000,806700000,1567400000,9100000,0,1689200000,775700000,782800000,76800000,76800000,0.58,0.57,0.28,-23100000,-14200000,23200000,-10200000,40600000,14200000,45.95,47.71,44.2,0.2673,0.1136,11.83,4.2,16.89,9.28,0.3716,0.4949,0.4507,0.113,1,-0.28,1.259
2010-11-30,132963985,132963985,1,3419700000,1015900000,1957000000,834800000,1453700000,9000000,0,1649900000,779900000,979400000,133700000,133700000,1.01,0.96,0.26,242300000,-83300000,-148400000,27200000,50800000,36400000,42.59,44.81,40.36,0.2728,0.1128,10.93,4.12,16.26,9,0.3734,0.5365,0.4251,0.1109,1.02,1.55,1.2169
2010-08-31,132943034,132943034,1,3264700000,955600000,1882900000,798500000,1373000000,8800000,0,1624000000,779500000,794600000,102400000,102400000,0.77,0.76,0.26,80000000,-14200000,-80900000,500000,23600000,14200000,39.22,40.9,37.53,0.2658,0.1078,10.33,4.09,16.14,8.74,0.3837,0.5677,0.4206,0.1075,1,0.49,1.1967
2010-05-31,133242279,133242279,1,3192400000,907800000,1905000000,709300000,1279100000,8300000,0,1604500000,874600000,798300000,66200000,66200000,0.5,0.49,0.26,70300000,-23400000,-40200000,1200000,23100000,23400000,38.55,39.77,37.33,0.2472,0.0991,9.6,3.86,16.62,8.48,0.4062,0.6838,0.4007,0.0993,1,0.35,1.2799
2010-02-28,132485068,132485068,1,3245400000,901800000,1913800000,715500000,1322400000,9200000,0,1658600000,872300000,764500000,67900000,67900000,0.51,0.51,0.26,-5100000,-8800000,8400000,-17600000,21900000,8800000,36.66,37.76,35.56,0.2363,0.0941,9.98,3.63,16.29,8.22,0.4159,0.6596,0.4075,0.0957,0.98,-0.1,1.2604
2009-11-30,132132677,132132677,1,3387800000,970500000,2053200000,818200000,1334600000,0,0,1717000000,875000000,924600000,116300000,116300000,0.89,0.86,0.24,220700000,-28500000,-182100000,11600000,39500000,28500000,34.44,36.45,32.42,0.2389,0.0916,10.1,3.39,17.39,7.96,0.4195,0.6556,0.3939,0.0939,0.98,1.45,1.1861
2009-08-31,130895683,130895683,1,3306400000,920400000,1974700000,854300000,1331700000,0,0,1685900000,870900000,791700000,75100000,75100000,0.57,0.57,0.24,98400000,-17100000,-71400000,15000000,27900000,17100000,31.91,33.32,30.49,0.2244,0.0823,10.17,3.31,16.53,7.72,0.4612,0.654,0.4028,0.0838,0.98,0.62,1.0774
2009-05-31,130684607,130684607,1,3236100000,885500000,1976700000,856700000,1259400000,0,0,1675500000,885400000,757300000,50700000,50700000,0.39,0.38,0.24,110000000,-20800000,-102800000,-10500000,12900000,20800000,30.98,33.44,28.53,0.2244,0.0795,9.64,3.69,15.81,7.48,0.4619,0.703,0.3892,0.082,0.97,0.68,1.0336
2009-02-28,130304026,130304026,1,3161000000,921000000,2066600000,932300000,1094400000,0,0,1597100000,884400000,718500000,57700000,57700000,0.44,0.44,0.24,-13300000,-15400000,14500000,-15500000,23400000,15400000,31.02,33.23,28.82,0.2279,0.0825,8.4,3.82,16.24,7.24,0.4459,0.8081,0.3462,0.0826,1,-0.22,0.9879
2008-11-30,130108244,130108244,1,3220300000,968300000,2165000000,1034100000,1055300000,0,0,1605000000,885200000,906950000,82477000,82477000,0.64,0.59,0.22,199300000,-22300000,-148500000,8600000,38900000,25800000,35.18,41.57,28.79,0.2196,0.0825,8.11,3.76,18.04,7,0.4449,0.8388,0.3277,0.0805,1.02,1.33,0.9364
2008-08-31,129994138,129994138,1,3430300000,980000000,2215100000,1057100000,1215200000,0,0,1748000000,878200000,781600000,68600000,68600000,0.53,0.52,0.22,22600000,-621500000,577700000,-17000000,30300000,16500000,38.73,41.97,35.49,0.2225,0.0871,9.35,4.05,20.82,6.78,0.4244,0.7227,0.3543,0.0834,1.05,0.05,0.9271
2008-05-31,128955750,128955750,1,2900400000,982800000,1656400000,756700000,1234500000,9500000,0,1193300000,626900000,764100000,53300000,53300000,0.41,0.41,0.22,68431000,-9626000,-42107000,22840000,47300000,8228000,36.3,38.08,34.53,0.2243,0.0888,9.57,4.03,20.62,6.56,0.4322,0.5078,0.4256,0.0813,1.09,0.47,1.2988
2008-02-29,128190753,128190753,1,2858276000,951344000,1693778000,737726000,1155372000,9126000,0,1175516000,676665000,723950000,51423000,51423000,0.4,0.39,0.22,24269000,-93574000,46307000,-21440000,24436000,17172000,36.27,38.99,33.55,0.2252,0.0871,9.01,4.27,21.34,6.34,0.4436,0.5857,0.4042,0.0794,1.1,0.06,1.2896
2007-11-30,127860690,127860690,1,2787500000,983100000,1692500000,861300000,1085100000,9900000,0,1087000000,573500000,860120000,87599000,87599000,0.68,0.63,0.2,201540000,-26336000,-184593000,219000,45900000,26379000,36.55,38.69,34.41,0.2274,0.0868,8.49,4.82,22.02,6.12,0.4485,0.5285,0.3893,0.0789,1.1,1.37,1.1414
2007-08-31,127746959,127746959,1,2673345000,943593000,1694782000,1003959000,969330000,9233000,0,1040108000,417972000,716227000,56848000,56848000,0.44,0.43,0.2,30943000,-28631000,-630000,5255000,45724000,15815000,36.3,38.43,34.16,0.2317,0.0869,7.59,4.68,23.42,5.92,0.4479,0.4312,0.3626,0.0789,1.1,0.12,0.9399
2007-05-31,129690611,129690611,1,2584095000,888381000,1575022000,895053000,1004608000,4465000,0,1013380000,415849000,687214000,41425000,41425000,0.32,0.31,0.2,67108000,-19386000,-51562000,1887000,40469000,19300000,37.94,39.18,36.69,0.2205,0.0833,7.75,5.02,22.32,5.72,0.4681,0.4139,0.3888,0.0755,1.1,0.37,0.9925
2007-02-28,130661690,130661690,1,2561894000,887327000,1570060000,895741000,987804000,4030000,0,999229000,418426000,652639000,44228000,44228000,0.34,0.33,0.2,-75091000,-18447000,84685000,-10461000,38582000,15406000,38.74,39.58,37.9,0.2477,0.0932,7.56,5.4,26.18,5.52,0.4178,0.4236,0.3856,0.0841,1.11,-0.69,0.9906
2006-11-30,130186698,130186698,1,2568000000,899400000,1631100000,780500000,933300000,3600000,0,803800000,569600000,803698000,83100000,83100000,0.62,0.59,0.18,185588000,-22107000,-149805000,11251000,49000000,22087000,37.67,38.92,36.42,0.2252,0.0836,7.17,5.4,25.11,5.32,0.4682,0.6103,0.3634,0.0744,1.12,1.26,1.1523
2006-08-31,131409838,131409838,1,2460718000,829763000,1540948000,689674000,916503000,3267000,0,977629000,566140000,663095000,43068000,43068000,0.33,0.32,0.18,44148000,-136545000,59020000,-36356000,37712000,23165000,34.48,36.42,32.54,0.2396,0.0884,6.97,5,22.54,5.14,0.4462,0.6177,0.3725,0.0782,1.13,0.16,1.2031
2006-05-31,131841610,131841610,1,2363415000,832964000,1450003000,703370000,910053000,3359000,0,883602000,462957000,639906000,61644000,61644000,0.47,0.46,0.18,90460000,2961000,-57745000,42489000,74068000,17039000,34.03,35.35,32.72,0.2517,0.0923,6.9,5.42,24.66,4.96,0.4253,0.5087,0.3851,0.0813,1.14,0.56,1.1842
2006-02-28,132481259,132481259,1,2280926000,785666000,1417724000,680104000,832258000,30944000,0,826434000,467659000,609701000,14388000,14388000,0.11,0.11,0.18,-9396000,-16409000,21330000,1316000,31579000,16409000,31.59,33.37,29.82,0.2366,0.0858,6.28,5.24,20.65,4.78,0.4549,0.5619,0.3649,0.0744,1.15,-0.19,1.1552
2005-11-30,132612508,132612508,1,2272700000,800200000,1443600000,699000000,799900000,29200000,0,822200000,463900000,737075000,88101000,88101000,0.65,0.61,0.16,205335000,-31805000,-186659000,-15782000,30300000,26305000,31.38,33.53,29.24,0.2574,0.0954,6.03,5.07,20.78,4.6,0.3988,0.5799,0.352,0.0829,1.15,1.35,1.1448
2005-08-31,133855946,133855946,1,2271642000,774631000,1412819000,897944000,828995000,29828000,0,826870000,268942000,622731000,47970000,47970000,0.36,0.35,0.16,67285000,-15367000,-26994000,26021000,46117000,15367000,33.23,34.81,31.66,0.2498,0.0941,6.19,5.52,22.3,4.44,0.3898,0.3244,0.3649,0.0824,1.14,0.39,0.8627
2005-05-31,133889154,133889154,1,2186663000,739054000,1351547000,882600000,805988000,29128000,0,789719000,271202000,628571000,42794000,42794000,0.32,0.31,0.16,69510000,-15870000,-52758000,-4298000,20096000,15870000,35.91,38.25,33.56,0.2494,0.0945,6.02,5.37,24.26,4.28,0.3824,0.3365,0.3686,0.082,1.15,0.4,0.8374
2005-02-28,135213675,135213675,1,2276675000,775484000,1339922000,850674000,904547000,32206000,0,828608000,295524000,603623000,36035000,36035000,0.27,0.26,0.16,-2930000,-13958000,-27989000,-45941000,24394000,13958000,37.53,39.06,36,0.2498,0.0951,6.69,5.73,25.19,4.12,0.3718,0.3267,0.3973,0.0831,1.14,-0.12,0.9116
2004-11-30,135786572,135786572,1,2369600000,864000000,1448900000,772700000,889700000,31000000,0,828100000,465000000,744130000,87345000,87345000,0.64,0.59,0.14,240952000,-98339000,-110275000,44432000,70300000,23839000,35.27,37.41,33.14,0.2573,0.0972,6.55,5.99,23.83,3.96,0.3571,0.5226,0.3755,0.0849,1.14,1.6,1.1182
2004-08-31,136715536,136715536,1,2157898000,774499000,1326246000,618460000,805646000,26006000,0,725940000,496274000,613544000,46196000,46196000,0.34,0.33,0.14,42143000,-16778000,-14067000,9784000,25909000,16778000,34.16,36.07,32.25,0.2644,0.0983,5.89,5.84,22.62,3.82,0.3501,0.616,0.3733,0.0903,1.09,0.19,1.2523
2004-05-31,137074556,137074556,1,2134181000,741122000,1309168000,608380000,801233000,23780000,0,727505000,495884000,596164000,42853000,42853000,0.31,0.3,0.14,62439000,-14310000,-43785000,-1610000,16125000,14310000,33.28,35.56,31,0.2783,0.1024,5.85,5.46,22.34,3.68,0.3304,0.6189,0.3754,0.0947,1.08,0.35,1.2182
2004-02-29,137507667,137507667,1,2164405000,739552000,1302804000,632938000,838278000,23323000,0,741005000,450024000,572362000,38106000,38106000,0.28,0.27,0.14,3966000,-12073000,-10273000,-7406000,17735000,12073000,30.05,31.27,28.84,0.2818,0.1022,6.1,5.46,20.44,3.54,0.3169,0.5368,0.3873,0.0935,1.09,-0.06,1.1684
2003-11-30,137338506,137338506,1,2148200000,762100000,1370800000,712700000,755200000,22200000,0,716900000,448600000,560716000,84396000,84396000,0.6,0.58,0.12,176527000,-42372000,-133715000,12948000,25100000,34621000,28.32,30.21,26.43,0.2974,0.103,5.5,5.47,19.94,3.4,0.3026,0.594,0.3516,0.0929,1.11,1.03,1.0693
2003-08-31,138822099,138822099,1,2019080000,713189000,1299643000,649087000,719437000,0,0,673321000,450011000,557612000,51306000,51306000,0.37,0.36,0.12,None,None,37973000,-12810000,12184000,6176000,26.35,27.4,25.3,0.3047,0.1022,5.18,5.1,20.11,3.28,0.3012,0.6255,0.3563,0.0844,1.21,None,1.0988
2003-05-31,139477507,139477507,1,2035895000,773125000,1314683000,631597000,721212000,0,0,529637000,451529000,596125000,39959000,39959000,0.29,0.28,0.11,43167000,28271000,-76254000,3992000,24994000,21206000,25,26.9,23.11,0.2954,0.0954,5.17,5.43,19.69,3.16,0.3167,0.6261,0.3542,0.0781,1.22,0.16,1.2241
2003-02-28,139181805,139181805,1,1984021000,711196000,1344397000,669320000,639624000,0,0,541023000,454113000,555147000,35139000,35139000,0.25,0.25,0.11,-32298000,-38684000,40696000,-26330000,21002000,19697000,23.07,24.04,22.1,0.307,0.0944,4.6,5.45,18.31,3.05,0.3241,0.71,0.3224,0.0769,1.23,-0.37,1.0626
2002-11-30,140092273,140092273,1,1930800000,724600000,1338500000,673400000,592300000,0,0,506000000,453900000,703463000,77169000,77169000,0.56,0.53,0.1,173938000,-15743000,-136173000,24002000,47300000,18945000,23.25,24.5,22,0.3274,0.0958,4.23,5.56,20.22,2.94,0.3226,0.7663,0.3068,0.0775,1.24,1.11,1.076
2002-08-31,139928374,139928374,1,1905192000,663559000,1320309000,722283000,584883000,0,0,502659000,453961000,545011000,35177000,35177000,0.25,0.25,0.105,19100000,-16279000,-25585000,-16829000,23329000,16674000,23.65,26.3,21,0.3129,0.088,4.18,6.1,20.66,2.84,0.3579,0.7762,0.307,0.0698,1.26,0.02,0.9187
2002-05-31,139909253,139909253,1,1850304000,638808000,1307896000,712435000,542408000,0,0,482140000,453989000,552620000,33613000,33613000,0.24,0.24,0.105,45476000,-38348000,-30391000,-22023000,40158000,39264000,25.13,26.5,23.75,0.3372,0.0897,3.88,7.33,22.95,2.73,0.3544,0.837,0.2931,0.0686,1.31,0.04,0.8967
2002-02-28,139214178,139214178,1,1818685000,645239000,1330552000,739984000,476988000,11145000,0,456452000,454135000,518906000,33841000,33841000,0.24,0.24,0.105,-14814000,-35230000,80549000,30850000,62181000,35817000,22.69,24.5,20.88,0.3546,0.0883,3.43,6.79,21.71,2.63,0.3649,0.9521,0.2623,0.0653,1.35,-0.36,0.872
2001-11-30,69334483,138668966,2,1772000000,635800000,1308900000,713700000,463100000,0,0,464600000,454100000,700946000,59066000,59066000,0.85,0.84,0.2,162376000,-32788000,-130549000,-844000,31300000,31989000,21.46,23.27,19.65,0.3566,0.0857,3.34,6.99,20.54,2.52,0.3771,0.9806,0.2613,0.0618,1.39,0.94,0.8909
2001-08-31,69157181,138314362,2,1730118000,619873000,1304819000,737996000,425299000,0,0,467288000,454212000,570710000,34312000,34312000,0.5,0.49,0.2,-4717000,-28003000,17718000,-15350000,32134000,28476000,21.17,22.84,19.5,0.3769,0.0863,3.07,7.9,20.65,2.42,0.375,1.068,0.2458,0.0617,1.4,-0.24,0.8399
2001-05-31,69112825,138225650,2,1651142000,601453000,1280895000,709421000,370247000,0,0,441214000,454298000,567140000,26636000,26636000,0.39,0.38,0.2,86088000,-30360000,-39914000,16192000,47484000,30487000,19.86,21.47,18.25,0.3886,0.086,2.68,7.09,19.66,2.32,0.3772,1.227,0.2242,0.0624,1.38,0.4,0.8478
2001-02-28,68828414,137656828,2,1689126000,601038000,1290980000,734843000,385666000,12480000,0,473439000,454022000,533504000,26586000,26586000,0.39,0.38,0.2,-39247000,-20749000,67345000,7402000,31292000,21148000,18.55,20.11,17,0.3915,0.0908,2.8,7.08,18.64,2.22,0.3779,1.1772,0.2283,0.0636,1.43,-0.44,0.8179
2000-11-30,68513537,137027074,2,1659900000,620000000,1300600000,1027200000,359300000,0,0,453000000,160200000,679507000,57616000,57616000,0.85,0.84,0.19,153298000,-19986000,-142742000,-12061000,23900000,18044000,16.32,18.84,13.81,0.3944,0.0971,2.62,6.43,17.09,2.12,0.3787,0.4459,0.2165,0.0648,1.5,0.99,0.6036
2000-08-31,68433429,136866858,2,1610539000,513921000,1263040000,928417000,347499000,0,0,136942000,233334000,495866000,31265000,31265000,0.46,0.45,0.19,10578000,-395547000,390884000,7471000,35922000,12481000,16.27,18.25,14.28,0.3777,0.1031,2.54,6.67,17.98,2.03,0.3832,0.6715,0.2158,0.0648,1.59,-0.01,0.5535
2000-05-31,68416021,136832042,2,1195317000,474892000,860898000,526767000,334419000,0,0,138059000,235084000,485724000,24202000,24202000,0.35,0.35,0.19,40692000,-11807000,-23672000,4442000,28451000,10741000,15.36,18.28,12.44,0.3588,0.1062,2.44,5.98,19.95,1.93,0.3933,0.703,0.2798,0.0626,1.7,0.22,0.9015
2000-02-29,68696312,137392624,2,1200295000,482988000,846916000,510053000,353379000,0,0,144189000,239871000,462403000,24417000,24417000,0.35,0.35,0.19,-2568000,-15260000,30130000,12048000,24009000,12334000,14.16,16.44,11.88,0.3036,0.0904,2.57,5.32,19.67,1.84,0.4514,0.6788,0.2944,0.054,1.67,-0.11,0.9469
1999-11-30,72000000,144000000,2,1188800000,490600000,806400000,470600000,382400000,0,0,142800000,241400000,620418000,53973000,53973000,0.77,0.76,0.17,158953000,-12148000,-147923000,-1853000,12000000,15101000,16.45,17.25,15.65,0.2835,0.085,2.66,6.53,24.19,1.74,0.4699,0.6313,0.3217,0.0515,1.65,1,1.0425
1999-08-31,70791651,141583302,2,1233943000,506401000,877663000,533786000,356280000,0,0,145364000,242197000,476761000,25361000,25361000,0.36,0.35,0.17,28269000,-11940000,-16127000,354000,13864000,12094000,16.09,17.22,14.97,0.2717,0.0806,2.52,6.54,24.75,1.66,0.4819,0.6798,0.2887,0.0504,1.6,0.11,0.9487
1999-05-31,71303993,142607986,2,1222566000,481264000,871520000,527444000,351046000,0,0,147305000,243401000,468178000,5796000,5796000,0.08,0.08,0.17,26382000,-12244000,-16524000,-2561000,13510000,12349000,14.66,15.94,13.38,0.2602,0.0768,2.46,5.7,20.36,1.57,0.4974,0.6934,0.2871,0.0492,1.56,0.1,0.9124
1999-02-28,71448080,142896160,2,1217166000,460348000,849580000,502399000,367586000,0,0,156761000,247956000,441543000,18170000,18170000,0.25,0.25,0.17,15696000,-9568000,-7926000,-1640000,16071000,9756000,15.56,17.13,14,0.2841,0.0846,2.57,5.81,22.07,1.49,0.4454,0.6746,0.302,0.0554,1.53,0.04,0.9163
1998-11-30,72418446,144836892,2,1259100000,503800000,871000000,518000000,388100000,0,0,160900000,250400000,585652000,50050000,50050000,0.69,0.68,0.16,142215000,-9912000,-125015000,8766000,17700000,10270000,15.27,16.97,13.56,0.277,0.0827,2.68,6.16,22.46,1.4,0.4501,0.6452,0.3082,0.0552,1.5,0.91,0.9726
1998-08-31,72699413,145398826,2,1273909000,492515000,913272000,561233000,360637000,0,0,158264000,262016000,444793000,21450000,21450000,0.29,0.29,0.16,26583000,-25130000,-3645000,-3755000,8934000,17228000,16.28,18.03,14.53,0.2711,0.0812,2.48,6.41,24.3,1.32,0.453,0.7265,0.2831,0.055,1.48,0.06,0.8776
1998-05-31,73404159,146808318,2,1252065000,486764000,879528000,531615000,372537000,0,0,151157000,258971000,435453000,16091000,16091000,0.22,0.22,0.16,4413000,-14427000,14739000,4329000,12689000,13702000,15.8,17.19,14.4,0.2654,0.0802,2.54,6.15,23.94,1.24,0.4542,0.6952,0.2975,0.055,1.46,-0.06,0.9156
1998-02-28,73466924,146933848,2,1237523000,472633000,859694000,504499000,377829000,0,0,154658000,266526000,415202000,16209000,16209000,0.22,0.22,0.16,-29211000,-13131000,36921000,-5140000,8360000,13600000,14.14,15.1,13.19,0.2604,0.0789,2.57,5.3,21.75,1.16,0.4554,0.7054,0.3053,0.055,1.44,-0.29,0.9368
1997-11-30,73658105,147316210,2,1256232000,506518000,863122000,498249000,393110000,0,0,157962000,276489000,556974000,48190000,48190000,0.63,None,0.15,144104000,-5711000,-134976000,2912000,13500000,6966000,12.64,13.53,11.75,0.2541,0.0772,2.67,5.04,20.39,1.08,0.4563,0.7033,0.3129,0.0547,1.41,0.93,1.0166
1997-08-31,74592696,149185392,2,1275664000,509465000,901539000,539786000,374125000,0,0,156871000,275780000,422870000,20212000,20212000,0.27,None,0.15,-418000,-10662000,8632000,-367000,10588000,9879000,12.54,13.44,11.65,0.2392,0.0743,2.51,4.94,37.43,1.01,0.4644,0.7371,0.2933,0.0564,1.32,-0.07,0.9438
1997-05-31,75215261,150430522,2,1269275000,493675000,886966000,523464000,382309000,0,0,160536000,277818000,413720000,14811000,14811000,0.2,None,0.15,40627000,-15359000,-38653000,-12520000,10955000,14837000,12.42,13.44,11.4,0.1217,0.0394,2.54,4.72,40.72,0.93,0.8635,0.7267,0.3012,0.0306,1.29,0.17,0.9431
1997-02-28,75981050,151962100,2,1300126000,516330000,900027000,527775000,400099000,0,0,162020000,286338000,407402000,15215000,15215000,0.2,None,0.15,-3142000,-14988000,19751000,1057000,23475000,12174000,12,12.69,11.31,0.1049,0.0346,2.63,4.1,45.28,0.86,0.9341,0.7157,0.3077,0.028,1.24,-0.1,0.9783
1996-11-30,76789718,153579436,2,1326609000,534412000,876566000,499302000,450043000,0,0,165066000,291194000,459569000,45831000,45831000,0.57,None,0.14,115651000,-13823000,-118742000,-14328000,22418000,12684000,11.44,12.5,10.38,0.0865,0.0289,2.93,3.92,48.68,0.78,1.0645,0.647,0.3392,0.0242,1.19,0.67,1.0703
1996-08-31,79478882,158957764,2,1340360000,540527000,876252000,506878000,464108000,0,0,160238000,289664000,405451000,-24258000,-24258000,-0.3,None,0.14,10593000,227880000,-223031000,15959000,36746000,21826000,10.41,11.19,9.63,0.0763,0.0251,2.92,3.33,20.41,0.71,1.16,0.6241,0.3463,0.0209,1.2,-0.07,1.0664
1996-05-31,81139190,162278380,2,1551213000,610973000,1042838000,593455000,508375000,0,0,175500000,337805000,435664000,10995000,10995000,0.14,None,0.14,54623000,-6784000,-48634000,-1611000,20787000,18639000,11.25,11.56,10.94,0.1626,0.0514,3.13,3.55,20.83,0.64,0.5318,0.6645,0.3277,0.0444,1.16,0.22,1.0295
1996-02-29,81315000,162630000,2,1587524000,647708000,1071541000,623680000,515983000,0,0,177814000,345805000,431822000,9350000,9350000,0.12,None,0.14,20811000,-19375000,9635000,9933000,22398000,21505000,11.38,12.13,10.63,0.1752,0.0539,3.17,3.56,18.97,0.57,0.4919,0.6702,0.325,0.0469,1.15,-0,1.0385
1995-11-30,81256784,162513568,2,1614341000,670718000,1095088000,646867000,519253000,0,0,180751000,349111000,556296000,42218000,42218000,0.51,None,0.13,98053000,-22213000,-93319000,-18063000,12465000,23481000,12,13.25,10.75,0.1992,0.0597,3.2,4.01,27.59,0.5,0.433,0.6723,0.3217,0.0525,1.14,0.46,1.0369
1995-08-31,81175000,162350000,2,1661373000,694914000,1175702000,702234000,485671000,0,0,183933000,349945000,431982000,19915000,19915000,0.25,None,0.13,6715000,-21734000,28434000,11921000,30528000,23214000,11.01,11.63,10.38,0.147,0.0437,2.99,3.74,23.18,0.43,0.7217,0.7205,0.2923,0.0325,1.34,-0.1,0.9896
1995-05-31,81171000,162342000,2,1634748000,670667000,1156919000,679106000,477829000,0,0,186265000,362952000,444983000,16042000,16042000,0.2,None,0.13,48796000,-14337000,-25483000,7147000,18607000,18640000,10.93,11.63,10.22,0.1598,0.0489,2.94,3.74,28.76,0.37,0.6504,0.7596,0.2923,0.0357,1.37,0.19,0.9876
1995-02-28,81218000,162436000,2,1619421000,658168000,1144401000,668259000,475020000,0,0,187281000,368265000,425433000,19346000,19346000,0.24,None,0.13,-94157000,-20243000,108112000,-4106000,11460000,16805000,10.19,11.31,9.06,0.128,None,2.92,3.37,27.17,0.3,0.64,0.7753,0.2933,0.0355,1.16,-0.68,0.9849
1994-11-30,81244749,162489498,2,1568701000,657657000,1078737000,600828000,489964000,0,0,196166000,374288000,876289000,15586000,15586000,0.18,None,0.24,94200000,-31743000,-62858000,1429000,15566000,22726000,9.54,10.19,8.88,0.1257,None,3.02,3.13,None,0.24,0.6378,0.7639,0.3123,0.0361,1.17,0.44,1.0946
1994-08-31,81214000,162428000,2,1507289000,600399000,1012051000,561194000,495238000,0,0,197221000,355303000,422141000,26442000,26442000,0.33,None,0.12,-19814000,-80933000,96311000,-4924000,14137000,23047000,10.07,11.25,8.88,None,None,3.05,3.39,None,0.12,None,0.7174,0.3286,None,None,-0.26,1.0699
1994-05-31,81312000,162624000,2,1369755000,546256000,886875000,442909000,482880000,0,0,146916000,340244000,28619000,819000,819000,0.01,None,0,32162000,-26908000,-3926000,860000,19061000,20619000,10.88,11.75,10,None,None,2.97,3.71,None,0.06,None,0.7046,0.3525,None,None,0.07,1.2333
1994-02-28,81371000,162742000,2,1361762000,535617000,884393000,428243000,477369000,0,0,134330000,343562000,367723000,18310000,18310000,0.23,None,0.12,-34071000,-44442000,84324000,5363000,18201000,21284000,11.44,12.38,10.5,None,None,2.93,3.97,None,0.06,None,0.7197,0.3506,None,None,-0.34,1.2507
1993-11-30,81132803,162265606,2,1313236000,540153000,846415000,392867000,466821000,0,0,130638000,346436000,None,None,None,None,None,0,None,None,None,None,12838000,0,11.97,13.13,10.81,None,None,2.88,None,None,0,None,0.7421,0.3555,None,None,None,1.3749
