"Quarter end","Shares","Shares split adjusted","Split factor","Assets","Current Assets","Liabilities","Current Liabilities","Shareholders equity","Non-controlling interest","Preferred equity","Goodwill & intangibles","Long-term debt","Revenue","Earnings","Earnings available for common stockholders","EPS basic","EPS diluted","Dividend per share","Cash from operating activities","Cash from investing activities","Cash from financing activities","Cash change during period","Cash at end of period","Capital expenditures","Price","Price high","Price low","ROE","ROA","Book value of equity per share","P/B ratio","P/E ratio","Cumulative dividends per share","Dividend payout ratio","Long-term debt to equity ratio","Equity to assets ratio","Net margin","Asset turnover","Free cash flow per share","Current ratio"
2019-03-31,615026583,615026583,1,21071000000,7152000000,12499000000,6714000000,8526000000,46000000,0,9210000000,3786000000,4570000000,520000000,520000000,0.85,0.84,0.49,533000000,-318000000,-96000000,136000000,1384000000,119000000,63.83,69.42,58.23,0.2713,0.1124,13.86,4.76,17.78,28.52,0.522,0.4441,0.4046,0.1281,0.88,0.67,1.0652
2018-12-31,614619859,614619859,1,20429000000,6658000000,12153000000,7540000000,8236000000,40000000,0,9182000000,2641000000,4147000000,465000000,465000000,0.74,0.74,0.49,323000000,-259000000,98000000,155000000,1248000000,155000000,67.54,79.7,55.38,0.2671,0.1123,13.4,4.73,19.52,28.03,0.5326,0.3207,0.4032,0.1283,0.88,0.27,0.883
2018-09-30,626158598,626158598,1,20390000000,6619000000,11400000000,6164000000,8947000000,43000000,0,9206000000,3137000000,4888000000,617000000,617000000,0.98,0.97,0.48,1024000000,-1788000000,-1532000000,-2318000000,1093000000,303000000,73.28,78.75,67.81,0.2577,0.1094,14.29,5.47,22.41,27.54,0.5533,0.3506,0.4388,0.1266,0.86,1.15,1.0738
2018-06-30,628465551,628465551,1,20487000000,8576000000,12027000000,6954000000,8413000000,47000000,0,7902000000,3126000000,4456000000,712000000,712000000,1.13,1.12,0.485,924000000,-147000000,283000000,967000000,3411000000,120000000,69.75,74.36,65.14,0.2461,0.1049,13.39,5.17,25,27.06,0.5868,0.3716,0.4107,0.1233,0.85,1.28,1.2332
2018-03-31,630090112,630090112,1,19785000000,7725000000,11248000000,5945000000,8492000000,45000000,0,8024000000,3357000000,4248000000,482000000,482000000,0.76,0.76,0.485,497000000,-393000000,-812000000,-652000000,2444000000,98000000,70.22,74.45,66,0.2137,0.0911,13.48,5.34,28.31,26.58,0.6861,0.3953,0.4292,0.1083,0.84,0.63,1.2994
2017-12-31,634837581,634837581,1,19858000000,8152000000,11470000000,6192000000,8349000000,39000000,0,7734000000,3375000000,3816000000,392000000,392000000,0.61,0.61,0.485,447000000,-392000000,-31000000,34000000,3096000000,96000000,63.84,70.21,57.47,0.1938,0.0841,13.15,4.7,27.17,26.09,0.7698,0.4042,0.4204,0.1009,0.83,0.55,1.3165
2017-09-30,641819838,641819838,1,19589000000,8252000000,10819000000,5045000000,8718000000,52000000,0,7206000000,3794000000,4435000000,504000000,504000000,0.78,0.78,0.48,854000000,-177000000,-814000000,-78000000,3062000000,176000000,61,64.18,57.81,0.1874,0.0823,13.58,4.9,27.11,25.61,0.8131,0.4352,0.445,0.0994,0.83,1.06,1.6357
2017-06-30,640019616,640019616,1,19402000000,8554000000,11380000000,5370000000,7966000000,56000000,0,7164000000,3797000000,4039000000,413000000,413000000,0.64,0.64,0.48,648000000,-3100000000,505000000,-1899000000,3140000000,106000000,59.2,61.63,56.77,0.1858,0.0765,12.45,4.77,25.19,25.13,0.8504,0.4767,0.4106,0.0984,0.78,0.85,1.5929
2017-03-31,644480132,644480132,1,17277000000,9446000000,9220000000,3771000000,8006000000,51000000,0,4760000000,3816000000,3574000000,292000000,292000000,0.45,0.45,0.48,172000000,1033000000,-362000000,888000000,5039000000,94000000,59.88,64.36,55.4,0.1947,0.0773,12.42,5.01,24.24,24.65,0.8124,0.4766,0.4634,0.0958,0.81,0.12,2.5049
2016-12-31,645064675,645064675,1,17471000000,8877000000,9717000000,4146000000,7713000000,41000000,0,4740000000,3815000000,3216000000,309000000,309000000,0.48,0.48,0.48,238000000,3758000000,-2920000000,969000000,4151000000,100000000,53.75,58.28,49.22,0.2066,0.0768,11.96,4.57,21.33,24.17,0.7708,0.4946,0.4415,0.0927,0.83,0.21,2.1411
2016-09-30,642776971,642776971,1,21743000000,9960000000,14125000000,8008000000,7568000000,50000000,0,4811000000,4062000000,3932000000,438000000,438000000,0.68,0.68,0.48,957000000,-253000000,-995000000,-334000000,3182000000,93000000,53.56,56.72,50.41,0.2136,0.0751,11.77,4.36,18.99,23.69,0.7494,0.5367,0.3481,0.0874,0.86,1.34,1.2438
2016-06-30,643537433,643537433,1,22082000000,10220000000,14127000000,8326000000,7901000000,54000000,0,8078000000,4062000000,5126000000,479000000,479000000,0.74,0.74,0.475,718000000,-185000000,-325000000,194000000,3516000000,107000000,52.64,56.82,48.45,0.2371,0.0844,12.28,4.4,18.03,23.21,0.6636,0.5141,0.3578,0.0896,0.94,0.95,1.2275
2016-03-31,643351041,643351041,1,21764000000,9913000000,14021000000,8182000000,7692000000,51000000,0,8079000000,4062000000,4928000000,369000000,369000000,0.57,0.57,0.475,719000000,-25000000,-514000000,213000000,3322000000,102000000,48.39,55.54,41.25,0.2414,0.0869,11.96,4.18,12.84,22.73,0.636,0.5281,0.3534,0.0921,0.94,0.96,1.2116
2015-12-31,643115792,643115792,1,21552000000,9694000000,14055000000,8202000000,7456000000,41000000,0,8068000000,4043000000,4713000000,349000000,349000000,0.54,0.53,0.475,487000000,-163000000,-211000000,55000000,3109000000,145000000,46.84,51.47,42.21,0.3053,0.1125,11.59,3.79,11.74,22.26,0.4878,0.5422,0.346,0.1182,0.95,0.53,1.1819
2015-09-30,654557141,654557141,1,22088000000,10049000000,13960000000,7800000000,8081000000,47000000,0,8179000000,4289000000,5814000000,648000000,648000000,0.99,0.98,0.47,1101000000,44000000,-1376000000,-339000000,3054000000,169000000,49.46,56.12,42.8,0.3074,0.1175,12.35,3.72,13.78,21.78,0.4622,0.5308,0.3659,0.1215,0.97,1.42,1.2883
2015-06-30,657140239,657140239,1,23464000000,10644000000,14665000000,8312000000,8749000000,50000000,0,8505000000,4290000000,5503000000,564000000,564000000,0.84,0.84,0.47,499000000,-254000000,-157000000,137000000,3393000000,157000000,58.99,62.75,55.23,0.2651,0.1048,13.31,4.42,15.61,21.31,0.5029,0.4903,0.3729,0.1061,0.99,0.52,1.2806
2015-03-31,668305066,668305066,1,22968000000,10344000000,14000000000,8770000000,8918000000,50000000,0,8360000000,3272000000,5400000000,973000000,973000000,1.42,1.42,0.47,358000000,1177000000,-1269000000,134000000,3256000000,152000000,58.6,62.25,54.95,0.2678,0.1099,13.34,4.22,18.72,20.84,0.4683,0.3669,0.3883,0.1094,1,0.31,1.1795
2014-12-31,685201890,685201890,1,23724000000,10483000000,14168000000,8877000000,9513000000,43000000,0,8589000000,3289000000,5587000000,525000000,525000000,0.76,0.75,0.47,571000000,-376000000,-146000000,-27000000,3122000000,207000000,61.85,65.94,57.76,0.216,0.0908,13.88,4.24,20.41,20.37,0.553,0.3457,0.401,0.0901,1.01,0.53,1.1809
2014-09-30,693634810,693634810,1,24177000000,10867000000,14010000000,8454000000,10119000000,48000000,0,8871000000,3559000000,6807000000,410000000,410000000,0.59,0.58,0.43,1408000000,-133000000,-1084000000,100000000,3149000000,194000000,64.54,68.23,60.85,0.2037,0.0878,14.59,4.16,18.18,19.9,0.56,0.3517,0.4185,0.0875,1,1.75,1.2854
2014-06-30,697915249,697915249,1,25115000000,10813000000,14242000000,8533000000,10820000000,53000000,0,9685000000,3565000000,6312000000,728000000,728000000,1.03,1.03,0.43,1018000000,-266000000,-431000000,325000000,3049000000,176000000,67.32,69.94,64.7,0.2376,0.103,15.5,4.51,24.13,19.47,0.4711,0.3295,0.4308,0.0825,1.25,1.21,1.2672
2014-03-31,701744082,701744082,1,24346000000,10203000000,13821000000,7832000000,10477000000,48000000,0,9685000000,3836000000,5812000000,547000000,547000000,0.78,0.77,0.43,575000000,-205000000,-369000000,-13000000,2724000000,161000000,66.27,70.29,62.25,0.1907,0.0827,14.93,4.34,23.75,19.04,0.5934,0.3661,0.4303,0.0813,1.02,0.59,1.3027
2013-12-31,702985814,702985814,1,24124000000,9999000000,13241000000,7108000000,10741000000,142000000,0,9710000000,3834000000,5606000000,462000000,462000000,0.65,0.65,0.43,691000000,-555000000,-675000000,-538000000,2737000000,236000000,66.69,70.66,62.73,0.1917,0.0838,15.28,4.43,24.16,18.61,0.5858,0.357,0.4452,0.0814,1.03,0.65,1.4067
2013-09-30,703964498,703964498,1,24711000000,10999000000,13993000000,7625000000,10585000000,133000000,0,9181000000,4055000000,12966000000,795000000,795000000,1.11,1.1,0.41,1503000000,-316000000,-735000000,465000000,3275000000,298000000,60.67,66.79,54.55,0.1922,0.0837,15.04,4.28,29.6,18.18,0.585,0.3831,0.4284,0.0812,1.03,1.71,1.4425
2013-06-30,714531444,714531444,1,23513000000,10506000000,13249000000,6950000000,10116000000,148000000,0,9212000000,4059000000,190000000,194000000,194000000,0.27,0.27,0.41,995000000,-193000000,-598000000,195000000,2810000000,145000000,56.27,59.44,53.09,0.144,0.0629,14.16,3.84,19.95,17.77,0.787,0.4012,0.4302,0.081,0.78,1.19,1.5117
2013-03-31,718862630,718862630,1,23724000000,10189000000,13050000000,6644000000,10532000000,142000000,0,9741000000,4059000000,5960000000,561000000,561000000,0.77,0.77,0.41,597000000,-146000000,-342000000,88000000,2615000000,120000000,56.25,58.67,53.83,0.1977,0.0865,14.65,3.88,20.16,17.36,0.5667,0.3854,0.4439,0.0837,1.03,0.66,1.5336
2012-12-31,722072623,722072623,1,23771000000,10086000000,13153000000,7203000000,10478000000,140000000,0,9866000000,3542000000,5553000000,454000000,454000000,0.63,0.62,0.41,554000000,-134000000,-258000000,160000000,2527000000,115000000,50.36,53.62,47.1,0.1963,0.0854,14.51,3.54,18.86,16.95,0.5705,0.338,0.4408,0.0832,1.03,0.61,1.4002
2012-09-30,724139345,724139345,1,23818000000,10126000000,13376000000,7133000000,10295000000,147000000,0,9864000000,3787000000,6700000000,282000000,282000000,0.39,0.39,0.4,1311000000,-160000000,-1101000000,75000000,2367000000,237000000,48.28,52.98,43.59,0.1896,0.0822,14.22,3.34,14.67,16.54,0.5934,0.3678,0.4322,0.0806,1.02,1.48,1.4196
2012-06-30,727323739,727323739,1,24326000000,10003000000,13661000000,7396000000,10519000000,146000000,0,10595000000,3789000000,6484000000,770000000,770000000,1.05,1.04,0.4,846000000,-149000000,-494000000,139000000,2292000000,141000000,48.38,53.01,43.75,0.2352,0.1022,14.46,3.38,15.36,16.14,0.4611,0.3602,0.4324,0.1009,1.01,0.97,1.3525
2012-03-31,733605355,733605355,1,24134000000,9544000000,13479000000,6925000000,10511000000,144000000,0,10802000000,4018000000,5919000000,545000000,545000000,0.74,0.74,0.4,562000000,-357000000,-134000000,77000000,2153000000,157000000,50.39,53.78,47,0.2251,0.0988,14.33,3.63,16.05,15.74,0.4637,0.3823,0.4355,0.0981,1.01,0.55,1.3782
2011-12-31,734436194,734436194,1,23444000000,9075000000,13111000000,6534000000,10190000000,143000000,0,10616000000,4041000000,5309000000,371000000,371000000,0.5,0.5,0.4,334000000,-140000000,-170000000,24000000,2076000000,130000000,46.07,52.64,39.5,0.2254,0.0999,13.87,3.26,14.09,15.34,0.4471,0.3966,0.4347,0.0988,1.01,0.28,1.3889
2011-09-30,735749636,735749636,1,23861000000,9345000000,13310000000,6465000000,10399000000,152000000,0,10740000000,4324000000,6545000000,761000000,761000000,1.01,1.01,0.34,1255000000,-175000000,-723000000,271000000,2052000000,244000000,49.89,58.47,41.31,0.2359,0.1053,14.13,3.43,15.35,14.94,0.4139,0.4158,0.4358,0.1024,1.03,1.37,1.4455
2011-06-30,744704773,744704773,1,24104000000,9283000000,13105000000,6308000000,10844000000,155000000,0,11048000000,4353000000,6288000000,683000000,683000000,0.91,0.9,0.345,903000000,-246000000,-486000000,188000000,1781000000,195000000,56.06,61.29,50.84,0.2382,0.1059,14.56,3.96,17.97,14.6,0.4152,0.4014,0.4499,0.1077,0.98,0.95,1.4716
2011-03-31,751671463,751671463,1,23535000000,8798000000,12730000000,5934000000,10645000000,160000000,0,11051000000,4353000000,5854000000,556000000,556000000,0.74,0.73,0.345,753000000,-290000000,-397000000,100000000,1593000000,126000000,59.05,62.24,55.86,0.2398,0.103,14.16,4.38,20.22,14.26,0.4304,0.4089,0.4523,0.1064,0.97,0.83,1.4826
2010-12-31,754113520,754113520,1,22703000000,8305000000,12380000000,5600000000,10170000000,153000000,0,10762000000,4352000000,5535000000,480000000,480000000,0.63,0.63,0.345,322000000,-137000000,-281000000,-99000000,1493000000,82000000,55.43,58.74,52.12,0.2352,0.0984,13.49,4.26,19.45,13.91,0.4565,0.4279,0.448,0.1029,0.96,0.32,1.483
2010-09-30,752657107,752657107,1,22843000000,8363000000,12891000000,5849000000,9792000000,160000000,0,10806000000,4586000000,5243000000,749000000,749000000,0.98,0.99,0.33,1270000000,-862000000,-2306000000,-1832000000,1592000000,224000000,48.27,53.82,42.73,0.238,0.0972,13.01,4.07,19.08,13.57,0.4643,0.4683,0.4287,0.1029,0.95,1.39,1.4298
2010-06-30,752408780,752408780,1,22958000000,9958000000,13869000000,7257000000,8925000000,164000000,0,7596000000,4586000000,5641000000,585000000,585000000,0.78,0.77,0.335,703000000,-168000000,788000000,1265000000,3424000000,122000000,48.21,53.73,42.69,0.2188,0.0894,11.86,4.1,21.24,13.24,0.523,0.5138,0.3888,0.091,0.98,0.77,1.3722
2010-03-31,753169778,753169778,1,21720000000,8508000000,12715000000,5999000000,8855000000,150000000,0,7630000000,4581000000,5144000000,405000000,405000000,0.54,0.53,0.335,632000000,-135000000,-164000000,319000000,2159000000,89000000,46.16,51.1,41.22,0.1977,0.0827,11.76,3.95,20.7,12.9,0.5807,0.5173,0.4077,0.0838,0.99,0.72,1.4182
2009-12-31,752445327,752445327,1,21489000000,8063000000,12551000000,5805000000,8791000000,147000000,0,7647000000,4558000000,5011000000,425000000,425000000,0.56,0.56,0.335,687000000,-1352000000,956000000,280000000,1840000000,89000000,40.58,43.71,37.45,0.1977,0.0829,11.68,3.57,17.88,12.57,0.5892,0.5185,0.4091,0.0824,1.01,0.79,1.389
2009-09-30,752147714,752147714,1,19763000000,7653000000,11208000000,4956000000,8555000000,0,0,7078000000,3998000000,5322000000,506000000,506000000,0.67,0.67,0.33,1352000000,-204000000,-1001000000,178000000,1560000000,143000000,35.94,41.24,30.63,0.2038,0.0856,11.37,3.12,14.49,12.23,0.5762,0.4673,0.4329,0.0824,1.04,1.61,1.5442
2009-06-30,751589725,751589725,1,20324000000,7718000000,11664000000,4993000000,8660000000,0,0,6976000000,4464000000,5091000000,387000000,387000000,0.52,0.51,0.33,916000000,-437000000,-632000000,-125000000,1382000000,116000000,33.44,37.35,29.53,0.2217,0.0931,11.52,3.06,12.16,11.9,0.5117,0.5155,0.4261,0.086,1.08,1.06,1.5458
2009-03-31,751441180,751441180,1,19991000000,8132000000,11779000000,5947000000,8212000000,0,0,6616000000,3696000000,5087000000,373000000,373000000,0.5,0.49,0.33,499000000,-253000000,-379000000,-161000000,1507000000,140000000,31.98,39.1,24.87,0.2402,0.1018,10.93,2.87,10.84,11.57,0.4505,0.4501,0.4108,0.0901,1.13,0.48,1.3674
2008-12-31,755037306,755037306,1,20522000000,8873000000,12120000000,6828000000,8402000000,0,0,6556000000,3234000000,5415000000,458000000,458000000,0.6,0.6,0.33,319000000,-415000000,64000000,-109000000,1668000000,132000000,34.59,39.19,29.98,0.2509,0.1082,11.13,2.91,11.3,11.24,0.4105,0.3849,0.4094,0.0938,1.15,0.25,1.2995
2008-09-30,767063304,767063304,1,21040000000,9331000000,11927000000,6573000000,9113000000,0,0,6562000000,3297000000,6579000000,688000000,688000000,0.88,0.88,0.3,1295000000,-341000000,-1138000000,-280000000,1777000000,253000000,44.7,50.94,38.46,0.2571,0.1128,11.88,3.56,15.1,10.91,0.3868,0.3618,0.4331,0.0972,1.16,1.36,1.4196
2008-06-30,775942990,775942990,1,22196000000,10094000000,12442000000,7043000000,9754000000,0,0,6713000000,3298000000,6568000000,612000000,612000000,0.79,0.78,0.3,827000000,-153000000,-401000000,290000000,2057000000,155000000,53.19,58.2,48.17,0.2525,0.1115,12.57,4.38,18.34,10.61,0.3867,0.3381,0.4394,0.0963,1.16,0.87,1.4332
2008-03-31,780767964,780767964,1,21450000000,9438000000,11970000000,6588000000,9480000000,0,0,6658000000,3338000000,6023000000,547000000,547000000,0.7,0.69,0.3,748000000,-257000000,-473000000,61000000,1767000000,179000000,51.86,55.83,47.88,0.2556,0.1126,12.14,4.44,18.39,10.31,0.3822,0.3521,0.442,0.0976,1.15,0.73,1.4326
2007-12-31,785926223,785926223,1,20854000000,8994000000,11680000000,6408000000,9174000000,0,0,6595000000,3197000000,5637000000,565000000,565000000,0.72,0.71,0.3,423000000,-321000000,558000000,698000000,1706000000,127000000,54.41,58.32,50.5,0.2579,0.1126,11.67,4.88,20.45,10.01,0.3799,0.3485,0.4399,0.0974,1.16,0.38,1.4036
2007-09-30,787228656,787228656,1,19680000000,8065000000,10908000000,5546000000,8772000000,0,0,6412000000,3372000000,6134000000,623000000,623000000,0.79,0.78,0.26,1242000000,-335000000,-1246000000,-323000000,1008000000,261000000,49.39,53.37,45.42,0.2511,0.109,11.14,4.49,19.56,9.71,0.3889,0.3844,0.4457,0.0946,1.15,1.25,1.4542
2007-06-30,792023659,792023659,1,20075000000,8371000000,11372000000,5682000000,8703000000,0,0,6289000000,3623000000,5874000000,574000000,574000000,0.72,0.72,0.2625,899000000,-173000000,-498000000,237000000,1331000000,144000000,45.48,49.11,41.85,0.2441,0.1054,10.99,4.34,18.99,9.45,0.3956,0.4163,0.4335,0.0929,1.13,0.95,1.4732
2007-03-31,795262988,795262988,1,19532000000,7989000000,11186000000,5786000000,8346000000,0,0,6240000000,3375000000,5513000000,494000000,494000000,0.62,0.61,0.2625,548000000,-284000000,-267000000,4000000,1094000000,155000000,43.95,45.8,42.11,0.2379,0.1031,10.49,4.28,19.03,9.19,0.3999,0.4044,0.4273,0.0916,1.13,0.49,1.3807
2006-12-31,797892707,797892707,1,19103000000,7746000000,10897000000,5526000000,8206000000,0,0,6077000000,3375000000,5051000000,445000000,445000000,0.56,0.55,0.2625,327000000,-78000000,17000000,280000000,1090000000,121000000,42.81,44.52,41.11,0.2334,0.1031,10.28,4.21,19.11,8.93,0.3988,0.4113,0.4296,0.0916,1.13,0.26,1.4017
2006-09-30,401184390,802368780,2,18672000000,7330000000,10518000000,5374000000,8154000000,0,0,6013000000,3128000000,5516000000,526000000,526000000,1.3,1.29,0.45,1024000000,-182000000,-725000000,115000000,810000000,247000000,40.05,42.03,38.08,0.232,0.1041,10.16,4.03,19.07,8.67,0.3944,0.3836,0.4367,0.0916,1.14,0.97,1.364
2006-06-30,407696546,815393092,2,18384000000,7167000000,10288000000,5210000000,8096000000,0,0,6005000000,3132000000,5217000000,486000000,486000000,1.19,1.18,0.445,620000000,-564000000,20000000,91000000,695000000,140000000,41.53,43.74,39.31,0.2238,0.1001,9.93,4.29,21.41,8.44,0.4141,0.3869,0.4404,0.0902,1.11,0.59,1.3756
2006-03-31,410463266,820926532,2,17209000000,6631000000,9262000000,4263000000,7947000000,0,0,5636000000,3132000000,4852000000,434000000,434000000,1.06,1.05,0.445,549000000,-307000000,-269000000,-20000000,604000000,113000000,40.19,42.84,37.54,0.2127,0.0944,9.68,4.34,21.96,8.22,0.4408,0.3941,0.4618,0.087,1.09,0.53,1.5555
2005-12-31,411409059,822818118,2,16626000000,6289000000,9009000000,4099000000,7617000000,0,0,5477000000,3128000000,4548000000,399000000,399000000,0.97,0.96,0.445,319000000,-163000000,-757000000,-609000000,624000000,101000000,36.34,38.7,33.97,0.2036,0.0893,9.26,4.03,21.38,8,0.4593,0.4107,0.4581,0.0852,1.05,0.26,1.5343
2005-09-30,410815314,821630628,2,17227000000,6837000000,9827000000,4931000000,7400000000,0,0,5479000000,3128000000,4643000000,419000000,419000000,1.02,1.01,0.42,879000000,-341000000,-867000000,-331000000,1233000000,168000000,33.38,36.02,30.73,0.1897,0.0829,9.01,3.77,20.67,7.77,0.4859,0.4227,0.4296,0.0822,1.01,0.87,1.3865
2005-06-30,413092553,826185106,2,17144000000,7022000000,9826000000,5227000000,7318000000,0,0,5334000000,2879000000,4465000000,358000000,358000000,0.86,0.86,0.415,606000000,-229000000,-352000000,-42000000,1564000000,118000000,32.32,34.3,30.34,0.182,0.0801,8.86,3.54,20.33,7.56,0.5057,0.3934,0.4269,0.0809,0.99,0.59,1.3434
2005-03-31,416698354,833396708,2,17263000000,7146000000,9652000000,5107000000,7611000000,0,0,5406000000,2881000000,4227000000,348000000,348000000,0.84,0.83,0.415,441000000,-228000000,-91000000,121000000,1606000000,140000000,33.53,35.1,31.96,0.1817,0.0806,9.13,3.67,21.63,7.36,0.5096,0.3785,0.4409,0.0819,0.98,0.36,1.3993
2004-12-31,419323600,838647200,2,16956000000,6841000000,9301000000,4749000000,7655000000,0,0,5379000000,2886000000,3970000000,297000000,297000000,0.71,0.7,0.415,261000000,-130000000,-59000000,139000000,1485000000,92000000,33.02,35.44,30.61,0.1813,0.0803,9.13,3.83,22.16,7.15,0.5181,0.377,0.4515,0.082,0.98,0.2,1.4405
2004-09-30,419564185,839128370,2,16361000000,6416000000,9123000000,4339000000,7238000000,0,0,5259000000,3136000000,4120000000,354000000,354000000,0.85,0.84,0.4,726000000,-571000000,-213000000,-40000000,1346000000,170000000,30.77,32.01,29.54,0.1798,0.0785,8.63,3.69,21.98,6.94,0.5357,0.4333,0.4424,0.0805,0.98,0.66,1.4787
2004-06-30,420142121,840284242,2,15937000000,6343000000,8935000000,4113000000,7002000000,0,0,5024000000,3149000000,4036000000,341000000,341000000,0.81,0.81,0.4,755000000,-32000000,-486000000,221000000,1386000000,83000000,30.02,31.77,28.28,0.1734,0.075,8.33,3.62,21.14,6.74,0.568,0.4497,0.4394,0.0778,0.96,0.8,1.5422
2004-03-31,421873082,843746164,2,16021000000,6308000000,9016000000,3612000000,7005000000,0,0,5022000000,3756000000,3859000000,318000000,318000000,0.76,0.75,0.4,451000000,-48000000,-256000000,156000000,1165000000,80000000,31.97,34.24,29.7,0.1796,0.0769,8.3,4.01,24.13,6.54,0.5566,0.5362,0.4372,0.0815,0.94,0.44,1.7464
2003-12-31,421763474,843526948,2,15707000000,5980000000,8981000000,3643000000,6726000000,0,0,5013000000,3733000000,3600000000,244000000,244000000,0.58,0.58,0.4,284000000,-66000000,66000000,313000000,1009000000,67000000,29.42,32.48,26.36,0.1736,0.0731,7.97,3.83,22.72,6.34,0.5944,0.555,0.4282,0.0779,0.94,0.26,1.6415
2003-09-30,420800023,841600046,2,15194000000,5500000000,8734000000,3417000000,6460000000,0,0,4942000000,3733000000,3666000000,276000000,276000000,0.66,0.66,0.39,840000000,-130000000,-724000000,-13000000,696000000,124000000,26.81,28.39,25.23,0.1752,0.0728,7.68,3.48,191.5,6.14,0.6059,0.5779,0.4252,0.078,0.93,0.85,1.6096
2003-06-30,421037981,842075962,2,15383000000,5614000000,8899000000,3733000000,6484000000,0,0,4956000000,3735000000,3573000000,360000000,360000000,0.86,0.85,0.3925,210000000,-78000000,-57000000,103000000,709000000,82000000,25.13,27.2,23.07,0.0205,0.0084,7.7,3.5,502.6,5.95,5.3211,0.576,0.4215,0.009,0.93,0.15,1.5039
2003-03-31,420952549,841905098,2,14804000000,5282000000,8765000000,3865000000,6039000000,0,0,4960000000,3486000000,3478000000,236000000,236000000,0.56,0.56,0.3925,374000000,-73000000,-138000000,169000000,606000000,66000000,24.29,26.36,22.21,0.0078,0.0031,7.17,3.48,255.68,5.75,14.4237,0.5772,0.4079,0.0033,0.94,0.37,1.3666
2002-12-31,420906394,841812788,2,14495000000,4939000000,8615000000,3714000000,5880000000,0,0,4930000000,3486000000,3241000000,217000000,217000000,0.52,0.52,0.3925,307000000,-23000000,-234000000,56000000,437000000,65000000,23.88,26.54,21.21,0.0143,0.0057,6.98,3.5,170.57,5.55,7.7774,0.5929,0.4057,0.0061,0.93,0.29,1.3298
2002-09-30,420848500,841697000,2,14545000000,4961000000,8804000000,4400000000,5741000000,0,0,4910000000,2990000000,3537700000,-689000000,-689000000,-1.65,-1.65,0.39,639500000,-96300000,-719600000,-167300000,381000000,133000000,24.34,27.07,21.6,0.0203,0.0081,6.82,3.62,25.62,5.36,5.3561,0.5208,0.3947,0.0088,0.91,0.6,1.1275
2002-06-30,421055206,842110412,2,14896900000,5301200000,9240100000,5164100000,5656800000,0,0,4876100000,2749400000,3570700000,281600000,281600000,0.68,0.67,0.3875,488500000,-27400000,-378900000,99900000,548000000,79000000,27.75,29.7,25.8,0.1306,0.0522,6.72,3.67,27.75,5.16,0.8152,0.486,0.3797,0.0575,0.91,0.49,1.0265
2002-03-31,420994171,841988342,2,15533800000,5197600000,9162200000,5094200000,6371600000,0,0,5729400000,2738400000,3420800000,274700000,274700000,0.65,0.65,0.3875,438400000,-103600000,-347500000,-19300000,448100000,78300000,29.38,32.76,26,0.1329,0.0549,7.57,3.96,26.95,4.97,0.769,0.4298,0.4102,0.0596,0.92,0.43,1.0203
2001-12-31,420703540,841407080,2,15498100000,5258800000,9256500000,5206100000,6241600000,0,0,5757200000,2746900000,3294800000,254700000,254700000,0.61,0.61,0.3875,251600000,-653700000,512000000,111700000,467400000,93700000,25.93,29.07,22.79,0.1444,0.0602,7.42,3.57,21.61,4.77,0.7003,0.4401,0.4027,0.0625,0.96,0.19,1.0101
2001-09-30,420636930,841273860,2,15046400000,5320100000,8932400000,5379100000,6114000000,0,0,5182000000,2255600000,3551900000,-14700000,-14700000,-0.03,-0.03,0.38,694800000,-154400000,-614500000,-67500000,355700000,144400000,27.21,31.52,22.9,0.1583,0.0668,7.27,3.47,16.54,4.58,0.6317,0.3689,0.4063,0.0667,1,0.65,0.989
2001-06-30,427956024,855912048,2,15477400000,5670800000,8767800000,5196600000,6709600000,0,0,5225000000,2276500000,3904900000,330400000,330400000,0.77,0.77,0.383,339400000,-5400000,-301200000,19600000,423200000,118600000,32.9,35.8,30,0.2151,0.0916,7.84,4.22,19.41,4.39,0.4559,0.3393,0.4335,0.0886,1.03,0.26,1.0913
2001-03-31,428452143,856904286,2,15737300000,5949300000,9056800000,5508300000,6680500000,0,0,5325400000,2279200000,4103300000,358700000,358700000,0.84,0.83,0.3825,396400000,-234500000,-122800000,43900000,403600000,140900000,34.34,38.78,29.91,0.2254,0.0947,7.8,4.49,20.32,4.2,0.4347,0.3412,0.4245,0.0906,1.05,0.3,1.0801
2000-12-31,429035896,858071792,2,15513900000,5785700000,8949500000,5401400000,6564400000,0,0,5300200000,2278700000,3919500000,357400000,357400000,0.84,0.83,0.3825,277100000,-153400000,-41300000,78900000,359700000,150300000,35.27,39.41,31.13,0.2293,0.0955,7.65,4.72,21.38,4.01,0.4287,0.3471,0.4231,0.0914,1.05,0.15,1.0711
2000-09-30,428758015,857516030,2,15164300000,5482700000,8761500000,5218800000,6402800000,0,0,5320000000,2247700000,4065000000,371000000,371000000,0.87,0.86,0.36,693800000,-193300000,-605900000,-121700000,280800000,236400000,32.13,35.19,29.07,0.2276,0.0964,7.47,4.37,19.96,3.82,0.4315,0.351,0.4222,0.0915,1.05,0.53,1.0506
2000-06-30,427160437,854320874,2,15314200000,5664200000,9034000000,6015300000,6280200000,0,0,5410400000,1752900000,4041800000,373700000,373700000,0.88,0.87,0.3575,456400000,-870700000,453300000,29100000,402500000,158200000,29.1,32.63,25.57,0.2246,0.0968,7.35,4.05,18.54,3.64,0.4295,0.2791,0.4101,0.0922,1.05,0.35,0.9416
2000-03-31,426715844,853431688,2,14942600000,5480700000,8812600000,5862300000,6130000000,0,0,5090600000,1444500000,3894700000,352800000,352800000,0.83,0.82,0.3575,386400000,-1299100000,949100000,33900000,373400000,171800000,25.8,31.34,20.25,0.2221,0.0978,7.18,3.59,16.86,3.46,0.4301,0.2356,0.4102,0.0928,1.05,0.25,0.9349
1999-12-31,431069512,862139024,2,13629200000,5201800000,7440400000,4509700000,6188800000,0,0,4208300000,1400800000,3543300000,324900000,324900000,0.75,0.75,0.3575,303200000,-132100000,-91900000,73400000,339500000,125600000,29.36,32.19,26.53,0.2193,0.0989,7.18,4.11,19.57,3.28,0.4305,0.2263,0.4541,0.0929,1.06,0.21,1.1535
1999-09-30,432429882,864859764,2,13623500000,5124400000,7443000000,4590400000,6180500000,0,0,4263000000,1317100000,3620100000,340200000,340200000,0.79,0.78,0.32,691800000,-172800000,-576400000,-66700000,266100000,182600000,31.25,32.94,29.57,0.2176,0.0981,7.15,4.49,21.33,3.1,0.4287,0.2131,0.4537,0.0921,1.07,0.59,1.1163
1999-06-30,434511916,869023832,2,13534000000,5161200000,7485100000,4641200000,6048900000,0,0,4174700000,1333700000,3634000000,345100000,345100000,0.8,0.79,0.325,472400000,-574500000,123100000,27200000,332800000,142000000,30.72,35.72,25.72,0.2166,0.0979,6.96,4.5,21.41,2.94,0.4287,0.2205,0.4469,0.0914,1.07,0.38,1.112
1999-03-31,435249144,870498288,2,13255800000,5190200000,7308700000,4390700000,5947100000,0,0,4004100000,1286300000,3588700000,325900000,325900000,0.75,0.74,0.325,370700000,-226800000,-147400000,-16100000,305600000,130200000,29.22,32.5,25.94,0.2157,0.0986,6.83,4.28,20.72,2.78,0.4267,0.2163,0.4486,0.0911,1.08,0.28,1.1821
1998-12-31,437380167,874760334,2,13161600000,5090700000,7189700000,4299500000,5971900000,0,0,4002300000,1243300000,3426700000,302400000,302400000,0.69,0.69,0.325,275600000,-604000000,428000000,112000000,321700000,136800000,31.31,33.47,29.16,0.2146,0.0994,6.83,4.73,22.61,2.62,0.4242,0.2082,0.4537,0.0911,1.09,0.16,1.184
1998-09-30,438098038,876196076,2,12659800000,5001300000,6856500000,4021700000,5803300000,0,0,3702700000,1056600000,3428100000,313900000,313900000,0.72,0.71,0.29,636200000,-514600000,-328700000,-204000000,209700000,194500000,29.56,31.88,27.25,0.2141,0.1003,6.62,4.51,21.82,2.45,0.4219,0.1821,0.4584,0.0914,1.1,0.5,1.2436
1998-06-30,440458350,880916700,2,12328700000,5177900000,6556700000,4211800000,5772000000,0,0,3356500000,610400000,3465200000,324800000,324800000,0.74,0.73,0.295,428700000,-212800000,-229800000,-12800000,413700000,142900000,31.5,33.72,29.28,0.2135,0.1008,6.55,4.87,23.77,2.31,0.4235,0.1058,0.4682,0.0914,1.1,0.32,1.2294
1998-03-31,442711369,885422738,2,12110600000,5095300000,6379700000,4074800000,5730900000,0,0,3317400000,601900000,3382400000,307600000,307600000,0.7,0.69,0.295,340700000,-265500000,-113200000,-37700000,426500000,152700000,30.44,33.13,27.75,0.2108,0.101,6.47,4.78,23.51,2.16,0.4249,0.105,0.4732,0.0911,1.11,0.21,1.2504
1997-12-31,443392829,886785658,2,11917500000,4957000000,6267900000,4002100000,5649600000,0,0,3283700000,574300000,3171500000,282300000,282300000,0.64,0.64,0.295,246000000,-106400000,116200000,243100000,464200000,112500000,27,29.13,24.88,0.2089,0.1013,6.37,4.38,21.43,2.01,0.426,0.1017,0.4741,0.0909,1.11,0.15,1.2386
1997-09-30,440017902,880035804,2,11463300000,4716800000,6042600000,3842400000,5420700000,0,0,3116000000,570700000,3156100000,290000000,290000000,0.65,None,0.27,620900000,-436300000,-279100000,-104300000,221100000,202300000,28.18,30.19,26.16,0.2054,0.1016,6.16,4.53,22.86,1.87,0.4274,0.1053,0.4729,0.0912,1.11,0.48,1.2276
1997-06-30,443455814,886911628,2,11096500000,4813200000,5576300000,3471900000,5520200000,0,0,2842900000,654700000,3208400000,296600000,296600000,0.67,None,0.27,464800000,-175400000,-250900000,41200000,325400000,146000000,25.63,28.75,22.5,0.2016,0.1017,6.22,4.22,21.45,1.73,0.4282,0.1186,0.4975,0.0914,1.11,0.36,1.3863
1997-03-31,445249761,890499522,2,10919500000,4698900000,5501900000,3304500000,5417600000,0,0,2830700000,783800000,3103500000,280400000,280400000,0.63,None,0.27,228800000,-54700000,-54000000,102300000,284200000,113400000,24.41,26.32,22.5,0.199,0.1005,6.08,3.97,20.95,1.6,0.4309,0.1447,0.4961,0.0913,1.1,0.13,1.422
1996-12-31,223512604,894050416,4,10696400000,4329400000,5201500000,3116500000,5494900000,0,0,2865400000,773200000,2830600000,254900000,254900000,1.14,None,0.54,184100000,-194200000,41200000,32900000,181900000,113700000,23.88,25.88,21.88,0.1972,0.0993,6.15,3.99,20.99,1.46,0.4314,0.1407,0.5137,0.0914,1.09,0.08,1.3892
1996-09-30,223663349,894653396,4,10481000000,4187200000,5127600000,3021100000,5353400000,0,0,2779200000,772600000,2867500000,266200000,266200000,1.19,None,0.49,635100000,-93000000,-615400000,-64100000,149000000,168700000,21.3,22.91,19.69,0.1973,0.0993,5.98,3.67,19.28,1.33,0.4311,0.1443,0.5108,0.0913,1.09,0.52,1.386
1996-06-30,224206838,896827352,4,10445600000,4250200000,5234800000,3160100000,5210800000,0,0,2678500000,786200000,2896800000,266900000,266900000,1.19,None,0.49,344000000,-137200000,-185600000,18500000,213100000,126000000,20.98,22.59,19.38,0.1964,0.0991,5.81,3.69,19.52,1.2,0.4436,0.1509,0.4989,0.0911,1.09,0.24,1.345
1996-03-31,224074496,896297984,4,10376800000,4248900000,5284100000,3254200000,5092700000,0,0,2648900000,816100000,2819800000,254900000,254900000,1.14,None,0.49,198000000,-142600000,-89800000,-33300000,194600000,112400000,20.57,21.69,19.44,0.1949,0.0983,5.68,3.69,19.68,1.08,0.4424,0.1602,0.4908,0.0908,1.08,0.1,1.3057
1995-12-31,224036674,896146696,4,9733200000,4022900000,4741100000,3231700000,4992100000,0,0,2426000000,455700000,2565800000,230500000,230500000,1.03,None,0.49,140200000,-168200000,140500000,110600000,227900000,106400000,18.8,20.44,17.16,0.1947,0.0978,5.57,3.46,18.52,0.96,0.4409,0.0913,0.5129,0.0908,1.08,0.04,1.2448
1995-09-30,224003608,896014432,4,9399000000,3784100000,4528200000,3280700000,4870800000,0,0,2384900000,208600000,2584500000,237700000,237700000,1.06,None,0.49,585900000,-129300000,-552900000,-95900000,117300000,122600000,18.14,18.84,17.44,0.1948,0.0976,5.44,3.4,18.46,0.83,0.4389,0.0428,0.5182,0.0907,1.08,0.52,1.1534
1995-06-30,224499707,897998828,4,9667200000,4080300000,4870500000,3488900000,4796700000,0,0,2415900000,275800000,2629700000,239500000,239500000,1.07,None,0.43,307100000,-154700000,-159700000,-2800000,213200000,115000000,17.02,18,16.03,0.194,0.0975,5.34,3.34,17.96,0.71,0.4279,0.0575,0.4962,0.0909,1.07,0.21,1.1695
1995-03-31,223405079,893620316,4,9423300000,3990300000,4878700000,3471300000,4544600000,0,0,2326500000,330400000,2514100000,227100000,227100000,1.02,None,0.43,78700000,-247700000,181600000,16000000,216000000,105400000,16.08,16.78,15.38,0.1935,None,5.09,3.25,17.67,0.6,0.433,0.0727,0.4823,0.0912,1.07,-0.03,1.1495
1994-12-31,223305562,893222248,4,8728300000,3559400000,4302900000,2983300000,4425400000,0,0,2061700000,278000000,2284600000,203400000,203400000,0.91,None,0.43,170700000,-95600000,15400000,86700000,200000000,77700000,15.18,16.06,14.31,0.1915,None,4.95,3.12,17.25,0.5,0.4399,0.0628,0.507,0.0916,1.07,0.1,1.1931
1994-09-30,223538697,894154788,4,8215000000,3338200000,3873200000,2617300000,4341800000,0,0,1862900000,279900000,2237500000,208200000,208200000,0.93,None,0.39,536300000,-233800000,-414400000,-106100000,113300000,115300000,15.13,16,14.25,None,None,4.86,3.24,None,0.39,0.4433,0.0645,0.5285,None,None,0.47,1.2754
1994-06-30,224002109,896008436,4,8187900000,3438400000,3999600000,2765200000,4188300000,0,0,1827500000,317800000,2243700000,208000000,208000000,0.93,None,0.39,310400000,-103000000,-185000000,28300000,219400000,84400000,14.65,15.28,14.03,None,None,4.67,3.25,None,0.29,None,0.0759,0.5115,None,None,0.25,1.2435
1994-03-31,224211792,896847168,4,7960900000,3272200000,3918800000,2708400000,4042100000,0,0,1812900000,321900000,2116500000,194300000,194300000,0.87,None,0.39,55500000,-85600000,25700000,-3600000,191100000,65400000,15.47,16.47,14.47,None,None,4.51,3.52,None,0.2,None,0.0796,0.5077,None,None,-0.01,1.2082
1993-12-31,224454350,897817400,4,7778200000,3112800000,3833100000,2624000000,3945100000,0,0,1811500000,330700000,2009500000,178000000,178000000,0.79,None,0.39,194600000,236700000,-336300000,92800000,194700000,67200000,14.55,15.25,13.85,None,None,4.39,None,None,0.0975,None,0.0838,0.5072,None,None,0.14,1.1863
