"Quarter end","Shares","Shares split adjusted","Split factor","Assets","Current Assets","Liabilities","Current Liabilities","Shareholders equity","Non-controlling interest","Preferred equity","Goodwill & intangibles","Long-term debt","Revenue","Earnings","Earnings available for common stockholders","EPS basic","EPS diluted","Dividend per share","Cash from operating activities","Cash from investing activities","Cash from financing activities","Cash change during period","Cash at end of period","Capital expenditures","Price","Price high","Price low","ROE","ROA","Book value of equity per share","P/B ratio","P/E ratio","Cumulative dividends per share","Dividend payout ratio","Long-term debt to equity ratio","Equity to assets ratio","Net margin","Asset turnover","Free cash flow per share","Current ratio"
2013-09-28,87510880,87510880,1,3428686000,1878709000,2462017000,932333000,966669000,0,26245000,79096000,960736000,1664859000,30885000,30379000,0.35,0.33,1.48,64492000,29521000,-135037000,-37790000,504201000,16888000,None,None,None,0.0437,0.0125,10.75,None,None,10.79,3.1065,1.0216,0.2743,0.0064,1.85,0.54,2.0151
2013-06-29,87140245,87140245,1,3550921000,1931128000,2620850000,1039559000,930071000,0,26976000,79004000,961065000,1533049000,-9532000,-10033000,-0.12,-0.12,0,-12128000,-15251000,-3635000,-37165000,541991000,19639000,None,None,None,0.4463,0.1218,10.36,None,None,9.31,0.0117,1.0642,0.2543,0.066,1.84,-0.36,1.8576
2013-03-30,87004694,87004694,1,3624411000,1996083000,2530963000,931176000,1093448000,0,27385000,80800000,961552000,1766729000,56842000,56335000,0.65,0.64,0.02,32860000,57385000,-5370000,84100000,579156000,24925000,12.07,14.92,9.23,0.5103,0.1238,12.25,1.04,2.56,9.31,0.0112,0.902,0.2941,0.0684,1.8,0.09,2.1436
2012-12-29,86884058,86884058,1,3784315000,1983884000,2749942000,1056641000,1034373000,0,27391000,80765000,960962000,1700494000,-33354000,-33869000,-0.39,-0.39,0.02,27371000,-38738000,870000,-10966000,495056000,38738000,8.83,10.62,7.04,0.5267,0.1072,11.59,0.75,1.72,9.29,0.0084,0.9543,0.2661,0.0599,1.78,-0.13,1.8775
2012-09-29,86744647,86744647,1,3732191000,1950808000,2687763000,1004084000,1044428000,0,28277000,81285000,961488000,1744579000,433508000,432986000,5,4.92,0.02,75692000,-15520000,-3450000,61518000,506022000,15520000,6.27,8.33,4.2,0.6732,0.1145,11.71,0.96,13.34,9.27,0.0038,0.9462,0.2723,0.064,1.78,0.69,1.9429
2012-06-30,86625236,86625236,1,3983393000,1900519000,3390184000,930753000,593209000,0,28332000,81026000,1697281000,1602399000,11248000,10719000,0.12,0.12,0,-4370000,-17045000,-31898000,-56825000,444504000,17045000,5.03,5.95,4.1,0.0697,0.0104,6.52,0.78,16.23,9.25,0,3.0047,0.1418,0.0056,1.76,-0.25,2.0419
2012-03-31,86574396,86574396,1,4055196000,1934863000,3465286000,980015000,589910000,0,28726000,81904000,1698631000,1872912000,5388000,4858000,0.06,0.06,0,86508000,-13941000,-358000,74218000,501329000,13941000,5.39,6.33,4.46,0.0447,0.007,6.48,0.86,14.18,9.25,0,3.0269,0.1384,0.0037,1.77,0.84,1.9743
2011-12-31,86166416,86166416,1,4069275000,1938974000,3500282000,1013301000,568993000,0,28726000,81520000,1699323000,1835783000,3416000,2908000,0.04,0.04,0,-25064000,-27993000,-6672000,-58315000,427111000,27993000,4.92,5.93,3.9,0.055,0.0087,6.27,0.67,10.47,9.25,0,3.1453,0.1328,0.0046,1.77,-0.62,1.9135
2011-09-24,86123472,86123472,1,4002981000,1950996000,3345345000,998377000,657636000,0,29264000,81700000,1700849000,1774767000,22033000,21518000,0.25,0.25,0,52092000,-13326000,-4140000,27134000,485426000,13326000,6.64,8.82,4.46,0.0688,0.0115,7.3,0.92,14.76,9.25,0,2.7068,0.157,0.006,1.76,0.45,1.9542
2011-06-25,86004319,86004319,1,4014320000,1960536000,3363205000,997312000,651115000,0,29352000,83429000,1702467000,1647616000,-2458000,-3021000,-0.04,-0.04,0,25780000,-11114000,-3409000,14201000,458292000,11114000,10.21,14.36,6.05,0.0678,0.0113,7.23,1.48,16.21,9.25,0,2.7381,0.1549,0.0057,1.76,0.17,1.9658
2011-03-26,85968573,85968573,1,3966553000,1904970000,3344255000,919264000,622298000,0,30619000,82649000,1739694000,1863001000,11903000,11366000,0.13,0.13,0,871000,-16940000,-3731000,-18235000,444091000,16940000,15.59,18.95,12.24,0.096,0.015,6.88,2.21,19.73,9.25,0,2.9403,0.1492,0.0078,1.76,-0.19,2.0723
2010-12-25,85058285,85058285,1,4078929000,2014286000,3478164000,1044474000,600765000,0,0,83231000,1740435000,1766214000,14551000,12122000,0.15,0.13,0,-67841000,-38792000,-20797000,-125610000,462326000,43358000,15.96,19.2,12.73,0.1229,0.0183,7.06,2.37,25.74,9.25,0,2.897,0.1473,0.0096,1.77,-1.31,1.9285
2010-09-25,85027278,85027278,1,4079308000,2054583000,3506856000,1056137000,572452000,0,0,82942000,1741337000,1813366000,21425000,19966000,0.23,0.23,0,87990000,-20570000,-3248000,66733000,587936000,21564000,12.74,15.81,9.67,0.0998,0.014,6.73,2.02,27.7,9.25,0,3.0419,0.1403,0.0074,1.78,0.78,1.9454
2010-06-26,85013849,85013849,1,3995727000,1965263000,3459844000,988012000,535883000,0,0,82252000,1742694000,1653173000,12440000,11761000,0.14,0.14,0,3960000,-19146000,-1413000,-18541000,521203000,19344000,17,19.79,14.21,0.0821,0.0102,6.3,2.75,188.89,9.25,0,3.252,0.1341,0.0054,1.78,-0.18,1.9891
2010-03-27,84819158,84819158,1,4031724000,1989580000,3507823000,1012384000,523901000,0,0,83293000,1743719000,1917254000,25448000,24779000,0.29,0.29,0,64028000,-8830000,-3011000,53174000,539744000,9245000,14.97,17.34,12.6,0.0227,0.003,6.18,2.52,None,9.25,0,3.3283,0.1299,0.0013,1.78,0.65,1.9652
2009-12-26,84638284,84638284,1,4069531000,2021336000,3566335000,1091692000,503196000,0,0,83806000,1744622000,1810501000,-2582000,-3240000,-0.04,-0.04,0,-10192000,-14048000,-37149000,-60376000,486570000,14331000,12.04,14.5,9.58,-0.006,0.0002,5.95,2.75,None,9.25,None,3.4671,0.1236,None,1.78,-0.29,1.8516
2009-09-26,76292875,76292875,1,4134070000,2002917000,3799532000,1097559000,334538000,0,0,84233000,1999059000,1831947000,6278000,5656000,0.07,0.07,0,254929000,-5300000,-2890000,251107000,546946000,5355000,9.37,13.92,4.81,None,-0.0961,4.38,2.32,None,9.25,None,5.9756,0.0809,None,1.79,3.27,1.8249
2009-06-27,76289641,76289641,1,4010511000,1856228000,3702430000,996231000,308081000,0,0,83105000,2002934000,1657878000,-16948000,-17714000,-0.23,-0.23,0,111119000,32693000,-6304000,146584000,295839000,7720000,6.19,9.49,2.88,None,-0.1968,4.04,1.62,None,9.25,None,6.5013,0.0768,None,1.79,1.36,1.8633
2009-03-28,76289517,76289517,1,3994820000,1712795000,3703288000,1011222000,291532000,0,0,81378000,1996295000,1911724000,13919000,13147000,0.17,0.17,0,3088000,-10523000,-14215000,-21524000,149255000,10871000,5.15,8.44,1.86,None,-0.3784,3.82,1.36,None,9.25,None,6.8476,0.073,None,1.75,-0.1,1.6938
2008-12-27,76287724,76287724,1,4173583000,1855016000,3861709000,1197471000,290003000,21871000,0,81793000,1982034000,1883109000,-395172000,-395996000,-5.24,-5.24,0.15,-23051000,-9499000,-25513000,-63732000,170779000,31903000,6.9,10.96,2.84,None,-0.3281,3.8,0.56,None,9.25,None,6.8345,0.0695,None,1.64,-0.72,1.5491
2008-09-27,75957787,75957787,1,4690276000,2064723000,3721922000,1318991000,932675000,35679000,0,458576000,2043019000,2096337000,-431883000,-432695000,-5.7,-5.7,0.15,112094000,-35947000,4083000,78589000,234511000,36103000,12.69,16.23,9.14,-0.6877,-0.2135,12.28,0.68,None,9.1,None,2.1905,0.1989,None,1.54,1,1.5654
2008-06-28,75934886,75934886,1,5191300000,2046203000,3738310000,1223925000,1417952000,35038000,0,485901000,2147749000,1984641000,-894220000,-895272000,-11.79,-11.79,0.15,-7792000,-33703000,-14374000,-55437000,155922000,42684000,17.81,22.22,13.41,-0.3491,-0.1195,18.67,0.58,6.57,8.95,None,1.5147,0.2731,None,1.48,-0.66,1.6718
2008-03-29,75916438,75916438,1,6156105000,2080664000,3800253000,1241603000,2322438000,33414000,0,1414790000,2187134000,2302921000,63343000,62368000,0.82,0.81,0.15,142426000,-32975000,-50330000,58722000,211359000,33278000,21.38,25.64,17.12,0.094,0.0345,30.59,0.71,8.04,8.8,0.218,0.9417,0.3773,0.0233,1.46,1.44,1.6758
2007-12-29,75904885,75904885,1,6283768000,2204701000,3973154000,1370709000,2278572000,32042000,0,1416524000,2222405000,2198073000,71469000,70455000,0.93,0.91,0.15,39151000,-36847000,2785000,5286000,152637000,39504000,27.63,34.89,20.38,0.0949,0.034,30.02,0.97,10.96,8.65,0.2227,0.9753,0.3626,0.0224,1.49,-0,1.6084
2007-09-29,75397045,75397045,1,6109024000,2032419000,3921208000,1384929000,2156819000,30997000,0,1442268000,2090383000,2315219000,49929000,48998000,0.65,0.64,0.15,-9090000,-40699000,-24800000,-74589000,147351000,41899000,35.56,40.16,30.96,0.0918,0.0319,28.61,1.28,15.53,8.5,0.2377,0.9692,0.3531,0.0208,1.5,-0.68,1.4675
2007-06-30,75392999,75392999,1,6025357000,1963294000,3894148000,1323033000,2099204000,32005000,0,1437995000,2120115000,2132417000,27436000,26428000,0.35,0.35,0.15,120936000,-33264000,-6702000,80970000,220615000,31316000,46.51,54.38,38.64,0.0858,0.0287,27.84,1.72,20.31,8.35,0.2628,1.01,0.3484,0.0189,1.49,1.19,1.4839
2007-03-31,75344977,75344977,1,6000581000,1882615000,3931981000,1335258000,2038291000,30309000,0,1419038000,2140495000,2436253000,58539000,57531000,0.77,0.76,0.15,-80393000,-28124000,-33908000,-142425000,139645000,28124000,51.63,55.4,47.87,0.0889,0.0286,27.05,1.95,44.51,8.2,0.2618,1.0501,0.3397,0.0191,1.47,-1.44,1.4099
2006-12-30,74979946,74979946,1,6216048000,2096844000,4200519000,1528903000,1985644000,29885000,0,1417336000,2204737000,2256805000,58038000,57028000,0.77,0.77,0.15,35932000,-71599000,3983000,-31684000,282070000,77994000,46.03,51.8,40.26,0.0477,0.015,26.48,1.84,None,8.05,0.5043,1.1103,0.3194,0.0098,1.46,-0.56,1.3715
2006-09-30,74475803,74475803,1,6183748000,1893409000,4290927000,1388455000,1865219000,27602000,0,1407126000,2193967000,2244414000,31375000,30366000,0.41,0.41,0.15,188785000,-45937000,-3050000,139798000,313754000,49779000,42.08,45.38,38.78,-0.0076,-0.0015,25.04,1.72,None,7.9,None,1.1763,0.3016,None,1.49,1.87,1.3637
2006-07-01,74195118,74195118,1,6099592000,1825030000,4254055000,1355148000,1820059000,25478000,0,1403540000,2182688000,2040951000,27395000,26386000,0.36,0.35,0.15,79035000,-23675000,41952000,97312000,173956000,23675000,37.58,44.73,30.42,-0.0278,-0.0073,24.53,1.59,None,7.75,None,1.1992,0.2984,None,1.5,0.75,1.3467
2006-04-01,71131185,71131185,1,6013183000,1711730000,4298642000,1378792000,1685566000,28975000,0,1411055000,2210278000,2423537000,-25087000,-26096000,-0.37,-0.37,0.15,71945000,-22725000,-44774000,4446000,76644000,23321000,28.23,31.73,24.72,-0.056,-0.0152,23.7,1.15,None,7.6,None,1.3113,0.2803,None,1.51,0.68,1.2415
2005-12-31,70842157,70842157,1,6272142000,1942049000,4509008000,1588326000,1735679000,27455000,0,1423432000,1877242000,2455361000,-43059000,-44083000,-0.62,-0.62,0.15,43331000,-49662000,89000,-6242000,72198000,43181000,28.59,32.99,24.2,-0.0395,-0.0116,24.5,1.13,None,7.45,None,1.0816,0.2767,None,1.43,0,1.2227
2005-09-24,70798868,70798868,1,6140929000,1916980000,4329214000,1463594000,1784663000,27052000,0,1424185000,1902685000,2287695000,-3873000,-4966000,-0.07,-0.07,0.15,118190000,-44357000,-52732000,21101000,78440000,50166000,30.36,33.6,27.11,-0.0162,-0.0045,25.21,1.2,101.2,7.3,None,1.0661,0.2906,None,1.4,0.96,1.3098
2005-06-25,70718846,70718846,1,6116716000,1937457000,4308007000,1436201000,1783082000,25627000,0,1389214000,1903551000,2091804000,-21538000,-22693000,-0.28,-0.28,0.15,111039000,42276000,-842754000,-689439000,57339000,33728000,31.81,34.12,29.5,0.0119,0.0051,25.21,1.15,28.66,7.15,1.8299,1.0676,0.2915,0.0026,1.51,1.09,1.349
2005-03-26,94147132,94147132,1,7000293000,2820635000,4368260000,1452512000,2607566000,24467000,0,1386659000,1924356000,2322800000,-5292000,-6398000,-0.07,-0.07,0.15,-330258000,-45594000,-119912000,-495764000,746778000,25375000,31.33,34.84,27.82,0.0389,0.0146,27.7,1.12,17.5,7,0.5511,0.738,0.3725,0.0082,1.62,-3.78,1.9419
2004-12-31,93430347,93430347,1,7542999000,3258762000,4909058000,1856970000,2610478000,23463000,0,1375274000,2055082000,2688423000,695000,-1446000,-0.01,0.01,0.15,-330777000,1677869000,-272856000,1074236000,1242542000,64045000,31.89,35.21,28.58,0.0648,0.0227,27.94,1.12,17.33,6.85,0.3325,0.7872,0.3461,0.0121,1.74,-4.23,1.7549
2004-09-30,88042269,88042269,1,7830291000,2902893000,5296823000,2777407000,2510945000,22523000,0,1359036000,1416673000,3650930000,62169000,58927000,0.68,0.64,0.15,-103538000,-68056000,159706000,-11888000,168306000,82856000,33.95,37.75,30.14,0.0688,0.0236,28.52,1.23,20.21,6.7,0.3169,0.5642,0.3207,0.0128,1.71,-2.12,1.0452
2004-06-30,88041342,88041342,1,7490381000,2727353000,5030162000,2526815000,2438545000,21674000,0,1345369000,1419457000,3401189000,51071000,47903000,0.55,0.53,0.15,86082000,14551000,-170118000,-69485000,180194000,81004000,35.15,38.01,32.29,0.064,0.0217,27.7,1.29,34.13,6.55,0.3535,0.5821,0.3256,0.012,1.65,0.06,1.0794
2004-03-31,87660674,87660674,1,7645170000,2787206000,5238310000,1962230000,2385243000,21617000,0,1357023000,2179202000,3529654000,59123000,55757000,0.65,0.61,0.15,-102916000,20744000,206972000,124800000,249679000,70337000,32.95,35.26,30.64,0.0436,0.0151,27.21,1.24,None,6.4,0.5374,0.9136,0.312,0.0082,1.58,-1.98,1.4204
2003-12-31,87222091,87222091,1,7376159000,2501292000,5032371000,1976911000,2323634000,20154000,0,1325488000,1999876000,2352318000,6868000,3551000,0.04,0.06,0.15,167927000,-521487000,383895000,30335000,124879000,72699000,29.93,32.89,26.96,-0.003,0.0015,26.64,1.27,None,6.25,None,0.8607,0.315,None,1.47,1.09,1.2653
2003-09-30,59689861,59689861,1,5066830000,1410768000,3655414000,1039690000,1411416000,0,0,420715000,1517049000,2110601000,32884000,29693000,0.51,0.48,0.15,18621000,-47171000,24854000,-3696000,94544000,42796000,25.34,29.2,21.48,-0.0039,0.0015,23.65,1.07,None,6.1,None,1.0748,0.2786,None,1.54,-0.41,1.3569
2003-06-30,58442728,58442728,1,4989865000,1354082000,3605679000,999698000,1384186000,0,0,421648000,1494410000,1928984000,-3934000,-7221000,-0.12,-0.12,0.15,99993000,-61697000,-25312000,12984000,98240000,66593000,23.89,26.3,21.48,-0.0209,-0.0034,23.68,1.01,None,5.95,None,1.0796,0.2774,None,1.51,0.57,1.3545
2003-03-31,58291711,58291711,1,4970929000,1343348000,3598799000,1008917000,1372130000,0,0,409500000,1472670000,1853243000,-27546000,-30812000,-0.53,-0.53,0.15,48847000,-53952000,25209000,20104000,85256000,45672000,24.43,28.15,20.72,-0.0153,-0.0019,23.54,1.02,None,5.8,None,1.0733,0.276,None,1.51,0.05,1.3315
2002-12-31,58291089,58291089,1,4947400000,1295749000,3547869000,1053604000,1399531000,0,0,400541000,1387398000,1800848000,6207000,2918000,0.05,0.05,0.15,85316000,-102573000,-7120000,-24377000,65152000,88644000,23.55,27.49,19.61,-0.0012,0.0023,24.01,0.87,None,5.65,None,0.9913,0.2829,None,1.49,-0.06,1.2298
2002-09-30,58282458,58282458,1,4981347000,1340713000,3408563000,1049331000,1572784000,0,0,396296000,1402873000,1935231000,8510000,5248000,0.09,0.09,0.15,76984000,-49513000,-16986000,10485000,89529000,53641000,28.41,34.74,22.08,-0.0316,-0.0073,26.99,1.05,None,5.5,None,0.892,0.3157,None,1.48,0.4,1.2777
2002-06-30,58279950,58279950,1,4959461000,1316971000,3378633000,960626000,1580828000,0,0,401718000,1413699000,1888027000,3243000,-45000,0,0,0.15,145664000,-63421000,-59489000,22754000,79044000,56213000,34.9,37.25,32.55,-0.0267,-0.006,27.12,1.3,None,5.35,None,0.8943,0.3187,None,1.47,1.53,1.371
2002-03-31,58203687,58203687,1,5007802000,1335235000,3439880000,1083918000,1567922000,0,0,388123000,1322347000,1788223000,-6620000,-9882000,-0.17,-0.17,0.15,515000,-63132000,62205000,-412000,56290000,45818000,35.16,38.81,31.52,-0.0162,-0.0027,26.94,1.29,None,5.2,None,0.8434,0.3131,None,1.46,-0.78,1.2319
2001-12-31,58089864,58089864,1,4933968000,1245027000,3355615000,1265951000,1578353000,0,0,408279000,1062866000,1756700000,-41660000,-45141000,-0.78,-0.78,0.15,134130000,-131426000,-15896000,-13192000,56702000,110339000,31.25,34.69,27.82,-0.0329,-0.0085,27.17,1.04,223.21,5.05,None,0.6734,0.3199,None,1.48,0.41,0.9835
2001-09-30,58031884,58031884,1,5028283000,1323402000,3280020000,1491516000,1738757000,9506000,0,411207000,1038369000,1874436000,14980000,11842000,0.21,0.2,0.15,46494000,-87139000,41612000,967000,69894000,88857000,32.42,37.85,26.99,0.0075,0.0044,29.96,1.09,25.53,4.9,2.6697,0.5972,0.3458,0.0017,1.5,-0.73,0.8873
2001-06-30,57822557,57822557,1,5044122000,1375719000,3306825000,1489635000,1727757000,9540000,0,403042000,1053978000,1889783000,19679000,16475000,0.29,0.28,0.15,178134000,-98952000,-77170000,2012000,68927000,77691000,33.8,38,29.6,0.0494,0.018,29.88,1.14,23.31,4.75,0.4024,0.61,0.3425,0.0111,1.51,1.74,0.9235
2001-03-31,57433386,57433386,1,5069388000,1413135000,3357587000,948159000,1703817000,7984000,0,395563000,1648680000,1901256000,-35500000,-38762000,-0.68,-0.68,0.15,48793000,83006000,-127704000,4095000,66915000,68526000,32.34,35.38,29.31,0.0565,0.0201,29.67,1.06,11.85,4.6,0.3546,0.9676,0.3361,0.0125,1.5,-0.34,1.4904
2000-12-31,57340465,57340465,1,5266923000,1577321000,3500482000,1014394000,1756972000,9469000,0,403331000,1714776000,2012822000,23403000,23403000,0.35,0.34,0.15,150988000,-239886000,1977000,-86921000,62820000,216355000,28.34,34.94,21.75,0.1011,0.0345,30.64,0.93,8.26,4.45,0.1999,0.976,0.3336,0.022,1.51,-1.14,1.5549
2000-09-30,57333633,57333633,1,5142550000,1642825000,3386700000,921614000,1746344000,9506000,0,406582000,1725788000,1921223000,84600000,84600000,1.42,1.33,0.15,98903000,97529000,-110691000,85741000,149741000,55943000,28.16,31.75,24.56,0.1345,0.0448,30.46,0.97,9.92,4.3,0.1534,0.9882,0.3396,0.0292,1.49,0.75,1.7826
2000-06-30,57330832,57330832,1,5160038000,1471225000,3483309000,1067419000,1667189000,9540000,0,566318000,1727584000,1926299000,31007000,27801000,0.49,0.46,0.15,182907000,-346573000,145733000,-17933000,64000000,96077000,31.28,37.56,25,0.1168,0.0379,29.08,1.09,9.48,4.15,0.1821,1.0362,0.3231,0.025,1.46,1.51,1.3783
2000-03-31,57220893,57220893,1,5159523000,1569641000,3387743000,1056212000,1637075000,134705000,0,476219000,1643943000,1946313000,39564000,36188000,0.63,0.6,0.15,115720000,-59904000,-40818000,14998000,81933000,66869000,35.13,43.94,26.31,0.1378,0.0438,28.61,1.25,12.03,4,0.1585,1.0042,0.3173,0.0297,1.43,0.85,1.4861
1999-12-31,57217861,57217861,1,5138414000,1531108000,3393302000,1124679000,1614113000,130999000,0,488339000,1584528000,1874264000,75500000,75500000,1.26,1.04,0.15,119757000,-48854000,-74085000,-3182000,66935000,63619000,35.69,41.13,30.25,0.1271,0.0396,28.21,1.32,23.33,3.85,0.1773,0.9817,0.3141,0.0277,1.38,0.98,1.3614
1999-09-30,57138591,57138591,1,5144494000,1541676000,3478546000,1204370000,1539134000,126814000,0,505088000,1571116000,1789237000,49048000,49048000,0.8,0.74,0.15,73982000,-153429000,76217000,-3230000,70117000,55108000,40.09,47.19,33,0.0687,0.0216,26.94,1.53,26.55,3.7,0.3367,1.0208,0.2992,0.0153,1.32,0.33,1.2801
1999-06-30,57066845,57066845,1,4925023000,1341566000,3308776000,1140124000,1492445000,123802000,0,491797000,1488844000,1678008000,59052000,55687000,0.98,0.92,0.15,164832000,-57498000,-90862000,16472000,73347000,60007000,38.78,45.5,32.06,0.0685,0.0214,26.15,1.54,None,3.55,0.3423,0.9976,0.303,0.0154,1.3,1.84,1.1767
1999-03-31,56525108,56525108,1,4949684000,1370448000,3404144000,1150088000,1425448000,120092000,0,493114000,1548027000,1611153000,16153000,12663000,0.23,0.22,0.15,96028000,-67610000,-45911000,-17493000,56875000,48772000,32.13,35.5,28.75,-0.0168,-0.0034,25.22,1.27,None,3.4,None,1.086,0.288,None,1.27,0.84,1.1916
1998-12-31,56371927,56371927,1,4971099000,1368406000,3423247000,1130100000,1431099000,116753000,0,501691000,1578136000,1536503000,-16222000,-16222000,-0.35,-0.35,0.15,137063000,-91864000,-43494000,1705000,74368000,49905000,27.5,32.75,22.25,-0.0324,-0.0069,25.39,1.07,None,3.25,None,1.1027,0.2879,None,1.24,1.55,1.2109
1998-09-30,56333979,56333979,1,4986125000,1429336000,3425490000,1123290000,1445700000,114935000,0,449385000,1667855000,1597990000,47050000,47050000,0.77,0.72,0.15,166194000,-67518000,-113038000,-14362000,72663000,52894000,28.38,33.63,23.13,-0.0199,-0.0022,25.66,1.13,None,3.1,None,1.1537,0.2899,None,1.22,2.01,1.2725
1998-06-30,56329859,56329859,1,4944744000,1385922000,3420937000,1062605000,1411026000,112781000,0,444525000,1752170000,1538450000,-63950000,-67468000,-1.2,-1.2,0.15,83628000,-58501000,-32944000,-7817000,87025000,64585000,35.63,40.38,30.88,-0.0583,-0.0129,25.05,1.35,None,2.95,None,1.2418,0.2854,None,1.19,0.34,1.3043
1998-03-31,56323967,56323967,1,5049813000,1426744000,3454935000,1077092000,1485416000,109462000,0,446646000,1742492000,1489180000,-1160000,-10179000,-0.18,-0.18,0.15,81856000,-80225000,29625000,31256000,94842000,69341000,32.47,37.13,27.81,-0.03,-0.0033,26.37,1.13,None,2.8,None,1.1731,0.2942,None,1.15,0.22,1.3246
1997-12-31,56234230,56234230,1,4969924000,1353673000,3251939000,893748000,1612540000,105445000,0,445722000,1725865000,1444980000,7230000,1001000,0.07,0.12,0.4,13096000,-96965000,80405000,-3464000,63586000,-164772000,36.66,45.56,27.75,-0.0384,-0.0063,28.68,1.28,None,2.65,None,1.0703,0.3245,None,1.13,3.16,1.5146
1997-09-30,56224392,56224392,1,4930482000,1323767000,3221808000,930222000,1606515000,102159000,0,440444000,1639718000,1441970000,-6200000,-12449000,-0.23,-0.23,0.15,14099000,-203028000,7157000,-181772000,67050000,202534000,39.06,43.25,34.88,-0.0433,-0.0074,28.57,1.34,None,2.25,None,1.0207,0.3258,None,1.11,-3.35,1.4231
1997-06-30,55606454,55606454,1,4861697000,1361288000,3149723000,968826000,1620520000,91454000,0,0,1513061000,1332810000,-16230000,-25814000,-0.53,-0.53,0.15,72590000,-163599000,169806000,78797000,248822000,158188000,33.56,38.75,28.38,-0.0423,-0.0064,29.14,0.99,None,2.1,None,0.9337,0.3333,None,1.08,-1.54,1.4051
1997-03-31,48534360,48534360,1,4676198000,1272472000,2949411000,911276000,1640925000,85862000,0,0,1359753000,1273350000,-15210000,-24923000,-0.51,-0.51,0.15,29251000,-117021000,-3056000,-90826000,170025000,89839000,34.26,38.13,30.38,-0.0424,-0.0065,33.81,0.99,None,1.95,None,0.8287,0.3509,None,1.05,-1.25,1.3964
1996-12-31,48521410,48521410,1,4710709000,1355404000,2948684000,932558000,1680491000,81534000,0,0,1330011000,1270090000,2140000,-7620000,-0.16,-0.16,0.15,58778000,583027000,-439132000,202673000,260851000,149617000,30.69,34,27.38,-0.0179,0.0018,34.63,0.89,52.91,1.8,None,0.7914,0.3567,None,1.03,-1.87,1.4534
1996-09-30,48472210,48472210,1,5143987000,1352251000,3398603000,944139000,1668903000,76481000,0,0,1734923000,1357900000,-1650000,-11489000,-0.24,-0.24,0.15,41895000,-157626000,112653000,-3078000,58178000,150304000,34.13,38.13,30.13,0.0246,0.0156,34.43,0.98,12.88,1.65,0.6975,1.0396,0.3244,0.0081,1.03,-2.24,1.4323
1996-06-30,48469673,48469673,1,5054020000,1342678000,3286518000,857046000,1693695000,73807000,0,0,1679880000,1260890000,-16950000,-26750000,-0.55,-0.55,0.15,59333000,-181298000,134556000,12591000,61256000,187635000,41.94,47.25,36.63,0.0981,0.041,34.94,1.19,8.67,1.5,0.1751,0.9918,0.3351,0.0325,1.05,-2.65,1.5666
1996-03-31,48275260,48275260,1,4933883000,1359684000,3161682000,841005000,1701815000,70386000,0,0,1552726000,1233860000,25510000,15661000,0.32,0.3,0.15,33497000,-287935000,251634000,-2804000,48665000,301670000,38.81,44.88,32.75,0.1779,0.0687,35.25,1.1,7.2,1.35,0.0988,0.9124,0.3449,0.0575,1.09,-5.56,1.6167
1995-12-31,47812211,47812211,1,4656186000,1313168000,2893965000,769907000,1694438000,67783000,0,0,1364835000,1242710000,70420000,64088000,1.17,1.07,0.15,116904000,24515000,-164337000,-22918000,51469000,176131000,35.51,40.63,30.38,0.2087,0.0779,35.44,1.04,8.22,1.2,0.0877,0.8055,0.3639,0.0645,1.12,-1.24,1.7056
1995-09-30,48134408,48134408,1,4623988000,1162879000,2919064000,859238000,1639956000,64968000,0,0,1268423000,1343050000,118480000,112080000,2.03,1.83,0.15,130764000,-105432000,-28096000,-2764000,74387000,107998000,43,47.5,38.5,0.1852,0.0695,34.07,1.36,33.08,1.05,0.1039,0.7734,0.3547,0.0575,1.08,0.47,1.3534
1995-06-30,47760731,47760731,1,4435215000,1036123000,2869329000,830332000,1514945000,50941000,0,0,1264780000,1247080000,105920000,99520000,1.82,1.64,0.15,199549000,-70934000,-87037000,41578000,77151000,65260000,35.81,41.13,30.5,0.0829,0.0358,31.72,1.2,None,0.9,0.231,0.8349,0.3416,0.0259,1.03,2.81,1.2478
1995-03-31,47109687,47109687,1,4343100000,958031000,2938217000,659621000,1404883000,0,0,0,1578914000,1224830000,57040000,50622000,0.93,0.85,0.15,145105000,-66061000,-72925000,6119000,35573000,59423000,30.82,35.38,26.25,-0.0111,None,29.82,1.06,None,0.75,None,1.1239,0.3235,None,0.98,1.82,1.4524
1994-12-31,47003394,47003394,1,4294077000,918264000,2929219000,657843000,1364858000,0,0,0,1625148000,952310000,25860000,12122000,0.28,0,0.15,72798000,120379000,-200459000,-7282000,29454000,55122000,26.56,30.5,22.63,-0.0839,None,29.04,0.75,None,0.6,None,1.1907,0.3178,None,0.92,0.38,1.3959
1994-09-30,38274250,38274250,1,4458374000,1071133000,3098878000,692448000,1359496000,0,0,0,1768527000,1092330000,-31710000,-45310000,-1.19,-1.19,0.15,64789000,-60599000,-493000,3697000,35616000,16077000,26.25,30.5,22,None,None,35.52,0.71,None,0.45,None,1.3009,0.3049,None,None,1.27,1.5469
1994-06-30,38054135,38054135,1,4692953000,927540000,3276589000,811996000,1416364000,0,0,0,1768147000,1076130000,-19160000,-32760000,-0.86,-0.86,0.15,74072000,-170420000,99389000,3041000,33039000,150999000,21.63,24.25,19,None,None,37.22,0.57,None,0.3,None,1.2484,0.3018,None,None,-2.02,1.1423
1994-03-31,38036681,38036681,1,4521263000,897443000,3073764000,755169000,1447499000,0,0,0,1614810000,1020980000,-37600000,-51248000,-1.35,-1.35,0.15,4094000,-64420000,67895000,7569000,29998000,48470000,25.06,27.75,22.38,None,None,38.06,0.63,None,0.15,None,1.1156,0.3202,None,None,-1.17,1.1884
1993-12-31,38030681,38030681,1,4512973000,887453000,3008449000,688435000,1504524000,0,0,0,1593348000,None,None,None,None,None,0,None,None,None,None,22429000,0,22.63,24.88,20.38,None,None,39.56,None,None,0,None,1.059,0.3334,None,None,None,1.2891
