"Quarter end","Shares","Shares split adjusted","Split factor","Assets","Current Assets","Liabilities","Current Liabilities","Shareholders equity","Non-controlling interest","Preferred equity","Goodwill & intangibles","Long-term debt","Revenue","Earnings","Earnings available for common stockholders","EPS basic","EPS diluted","Dividend per share","Cash from operating activities","Cash from investing activities","Cash from financing activities","Cash change during period","Cash at end of period","Capital expenditures","Price","Price high","Price low","ROE","ROA","Book value of equity per share","P/B ratio","P/E ratio","Cumulative dividends per share","Dividend payout ratio","Long-term debt to equity ratio","Equity to assets ratio","Net margin","Asset turnover","Free cash flow per share","Current ratio"
2019-03-31,4135706646,4135706646,1,283947000000,33397000000,226487000000,38607000000,55856000000,1604000000,0,128480000000,105045000000,32128000000,5032000000,5032000000,1.22,1.22,0.6025,7081000000,-4803000000,-2657000000,-379000000,3537000000,4372000000,56.73,61.19,52.28,0.2972,0.0594,13.51,4.41,15.09,46.47,0.6181,1.8806,0.1967,0.122,0.49,0.66,0.8651
2018-12-31,4132045883,4132045883,1,264829000000,34636000000,210119000000,37930000000,53145000000,1565000000,0,128519000000,105873000000,34281000000,1939000000,1939000000,0.46,0.46,0.6,8095000000,-4798000000,-2956000000,341000000,3916000000,4754000000,56.99,61.58,52.4,0.2951,0.0587,12.86,4.32,7.25,45.86,0.634,1.9922,0.2007,0.1187,0.49,0.81,0.9132
2018-09-30,4132015101,4132015101,1,265562000000,33154000000,209475000000,34167000000,54495000000,1592000000,0,132937000000,106440000000,32607000000,4924000000,4924000000,1.19,1.19,0.6025,9811000000,-4408000000,-4556000000,847000000,3575000000,4340000000,52.56,55.42,49.7,0.6439,0.1228,13.19,4.17,6.95,45.26,0.3029,1.9532,0.2052,0.2471,0.5,1.32,0.9704
2018-06-30,4131935606,4131935606,1,263303000000,30876000000,209728000000,32329000000,52024000000,1551000000,0,132916000000,109174000000,32203000000,4120000000,4120000000,1,1,0.59,9785000000,-3443000000,-6549000000,-207000000,2728000000,3471000000,48.89,51.69,46.09,0.7167,0.1191,12.59,3.98,6.41,44.66,0.313,2.0985,0.1976,0.2388,0.5,1.53,0.9551
2018-03-31,4131896508,4131896508,1,264516000000,31025000000,212171000000,31615000000,50781000000,1564000000,0,132812000000,112734000000,31772000000,4545000000,4545000000,1.11,1.11,0.59,6648000000,-5285000000,-1316000000,47000000,2935000000,5522000000,50.48,54.77,46.2,0.8552,0.1212,12.29,4.78,6.86,44.07,0.308,2.22,0.192,0.2437,0.5,0.27,0.9813
2017-12-31,4079486153,4079486153,1,257143000000,29913000000,212456000000,33037000000,43096000000,1591000000,0,127836000000,113642000000,33955000000,18669000000,18669000000,4.56,4.56,0.59,8084000000,-5671000000,-4821000000,-2408000000,2079000000,6079000000,48.83,53.69,43.97,None,0.119,10.56,7.42,12.55,43.48,0.3165,2.637,0.1676,0.2388,0.5,0.49,0.9054
2017-09-30,4079440836,4079440836,1,254682000000,30867000000,226231000000,28930000000,26848000000,1603000000,0,127601000000,115317000000,31717000000,3620000000,3620000000,0.89,0.89,0.59,7303000000,-3818000000,-3581000000,-96000000,4487000000,4425000000,46.56,50.32,42.8,0.6497,0.0638,6.58,7.55,11.97,42.89,0.5955,4.2952,0.1054,0.128,0.5,0.71,1.067
2017-06-30,4079407956,4079407956,1,252978000000,28823000000,226217000000,27758000000,25189000000,1572000000,0,127674000000,116390000000,30548000000,4362000000,4362000000,1.07,1.07,0.578,8237000000,-5050000000,-2911000000,276000000,4583000000,4063000000,46.95,49.55,44.36,0.695,0.0648,6.17,8.15,15.7,42.3,0.5922,4.6207,0.0996,0.1288,0.5,1.02,1.0384
2017-03-31,4079369367,4079369367,1,246731000000,27158000000,221694000000,26664000000,23493000000,1544000000,0,124296000000,112839000000,29814000000,3450000000,3450000000,0.85,0.84,0.5775,1681000000,-4833000000,4579000000,1427000000,4307000000,3263000000,51.31,54.83,47.8,0.5724,0.051,5.76,9.28,15.98,41.72,0.7645,4.8031,0.0952,0.0992,0.51,-0.39,1.0185
2016-12-31,4076731752,4076731752,1,244180000000,26395000000,220148000000,30340000000,22524000000,1508000000,0,122775000000,105433000000,32340000000,4495000000,4495000000,1.1,1.09,0.58,5086000000,-8444000000,-203000000,-3561000000,2880000000,5785000000,49.95,53.9,46.01,0.6493,0.0547,5.53,9.95,14.52,41.15,0.7104,4.6809,0.0922,0.1042,0.52,-0.17,0.87
2016-09-30,4076633952,4076633952,1,239498000000,25621000000,217515000000,30298000000,20460000000,1523000000,0,121069000000,102739000000,30937000000,3620000000,3620000000,0.89,0.89,0.5775,4799000000,-5192000000,3977000000,3584000000,6441000000,4253000000,53.98,56.95,51.02,0.7502,0.0584,5.02,11.44,15.25,40.57,0.659,5.0215,0.0854,0.1096,0.53,0.13,0.8456
2016-06-30,4076301833,4076301833,1,231870000000,20844000000,211126000000,34408000000,19244000000,1500000000,0,119797000000,92922000000,30532000000,702000000,702000000,0.17,0.17,0.565,5411000000,6089000000,-14489000000,-2989000000,2857000000,4037000000,52.48,55.92,49.05,0.8564,0.06,4.72,11.48,11.9,39.99,0.6361,4.8286,0.083,0.111,0.54,0.34,0.6058
2016-03-31,4076288055,4076288055,1,244587000000,23615000000,224484000000,33312000000,18641000000,1462000000,0,120410000000,103615000000,32171000000,4310000000,4310000000,1.06,1.06,0.565,7419000000,-3436000000,-2607000000,1376000000,5846000000,3518000000,49.08,54.37,43.79,None,0.0739,4.57,12.18,11.23,39.42,0.5075,5.5584,0.0762,0.1363,0.54,0.96,0.7089
2015-12-31,4073840949,4073840949,1,244640000000,22280000000,226798000000,35052000000,16428000000,1414000000,0,120244000000,103705000000,34254000000,5391000000,5391000000,1.32,1.32,0.56,10504000000,-5447000000,-4462000000,595000000,4470000000,2161000000,44.72,47.23,42.2,None,0.0742,4.03,13.85,17.82,38.86,0.5067,6.3127,0.0672,0.1358,0.55,2.05,0.6356
2015-09-30,4068873137,4068873137,1,242073000000,21768000000,227531000000,34492000000,13138000000,1404000000,0,119777000000,105060000000,33158000000,4038000000,4038000000,0.99,0.99,0.565,9520000000,-4425000000,-4228000000,867000000,3875000000,4501000000,43.16,48.26,38.06,0.8882,0.0431,3.23,15.36,17.91,38.3,0.8837,7.9967,0.0543,0.0786,0.55,1.23,0.6311
2015-06-30,4065691468,4065691468,1,240753000000,21502000000,227879000000,30645000000,11415000000,1459000000,0,119733000000,109465000000,32224000000,4231000000,4231000000,1.04,1.04,0.55,8737000000,-6995000000,-3120000000,-1378000000,3008000000,7833000000,48.73,50.86,46.6,0.799,0.0424,2.81,21.28,20.47,37.73,0.9126,9.5896,0.0474,0.0769,0.55,0.22,0.7016
2015-03-31,4078487075,4078487075,1,235790000000,22836000000,225031000000,28713000000,9339000000,1420000000,0,104775000000,108949000000,31984000000,4219000000,4219000000,1.03,1.02,0.55,10169000000,-13176000000,-3205000000,-6212000000,4386000000,13222000000,47.68,49.99,45.37,0.7453,0.0431,2.29,16.11,19,37.18,0.9102,11.666,0.0396,0.0772,0.56,-0.75,0.7953
2014-12-31,4155408208,4155408208,1,232708000000,29623000000,219032000000,28064000000,12298000000,1378000000,0,105708000000,110536000000,33192000000,-2231000000,-2231000000,-0.54,-0.54,0.55,7474000000,-5426000000,1332000000,3380000000,10598000000,4580000000,48.41,51.73,45.09,0.6816,0.0425,2.96,12.13,10.06,36.63,0.9309,8.9881,0.0528,0.0757,0.56,0.7,1.0556
2014-09-30,4149723706,4149723706,1,226293000000,24773000000,208325000000,26889000000,16577000000,1391000000,0,105658000000,107627000000,31586000000,3695000000,3695000000,0.89,0.89,0.55,8353000000,-4084000000,-2827000000,1442000000,7218000000,4203000000,50.93,53.66,48.2,0.8153,0.0715,3.99,14.19,10.84,36.08,0.5241,6.4925,0.0733,0.1354,0.53,1,0.9213
2014-06-30,4145232133,4145232133,1,224427000000,22887000000,208415000000,26493000000,14901000000,1111000000,0,105714000000,107696000000,31483000000,4214000000,4214000000,1.02,1.01,0.53,7665000000,-1815000000,-2981000000,2869000000,5776000000,2057000000,48.09,50.33,45.85,0.6097,0.062,3.59,15.66,10.76,35.53,0.5241,7.2274,0.0664,0.125,0.5,1.35,0.8639
2014-03-31,4141148976,4141148976,1,221562000000,23272000000,207711000000,25353000000,12711000000,1140000000,0,103199000000,107617000000,30818000000,3947000000,3947000000,1.15,1.15,0.53,7139000000,-4531000000,-53229000000,-50621000000,2907000000,4520000000,47.42,49.4,45.45,0.4475,0.0542,3.07,5.06,11.86,35,0.547,8.4664,0.0574,0.1106,0.49,0.63,0.9179
2013-12-31,4141140749,4141140749,1,274098000000,70994000000,178682000000,27050000000,38836000000,56580000000,0,106181000000,89658000000,31065000000,5067000000,5067000000,1.77,1.76,0.53,10431000000,-4810000000,-8803000000,-3182000000,53528000000,5360000000,48.76,51.49,46.03,0.3257,0.046,9.38,3.99,63.32,34.47,0.5792,2.3086,0.1417,0.0954,0.48,1.22,2.6245
2013-09-30,2861750762,2861750762,1,276675000000,73705000000,186410000000,30291000000,34985000000,55280000000,0,106574000000,90938000000,30279000000,2232000000,2232000000,0.78,0.78,0.53,11239000000,-2188000000,45871000000,54922000000,56710000000,2251000000,48.51,51.94,45.08,0.065,0.0093,12.23,4.08,88.2,33.94,2.6904,2.5993,0.1264,0.0184,0.5,3.14,2.4332
2013-06-30,2861646254,2861646254,1,223346000000,21957000000,136190000000,29191000000,34061000000,53095000000,0,105937000000,41791000000,29786000000,2246000000,2246000000,0.78,0.78,0.515,9617000000,-4236000000,-9068000000,-3687000000,1788000000,4216000000,51.04,54.31,47.77,0.0452,0.0069,11.9,4.38,124.49,33.41,3.761,1.2269,0.1525,0.0132,0.52,1.89,0.7522
2013-03-31,2861117414,2861117414,1,226186000000,25258000000,138598000000,31489000000,33310000000,54278000000,0,105604000000,41993000000,29420000000,1952000000,1952000000,0.68,0.68,0.515,7531000000,-3599000000,-1550000000,2382000000,5475000000,3740000000,45.55,49.59,41.5,0.0323,0.005,11.64,3.93,142.34,32.9,5.1055,1.2607,0.1473,0.0098,0.52,1.33,0.8021
2012-12-31,2858275417,2858275417,1,225222000000,21235000000,139689000000,26956000000,33157000000,52376000000,0,107816000000,47618000000,30045000000,-4229000000,-4229000000,-1.47,-1.47,0.51,6728000000,-5077000000,-8272000000,-6621000000,3093000000,5054000000,43.91,47.32,40.51,0.0242,0.0039,11.6,3.33,41.04,32.38,6.5971,1.4361,0.1472,0.0076,0.51,0.59,0.7878
2012-09-30,2853919743,2853919743,1,231082000000,27663000000,138454000000,28770000000,37645000000,54983000000,0,107469000000,46467000000,29007000000,1593000000,1593000000,0.56,0.56,0.515,9487000000,-7841000000,-1933000000,-287000000,9714000000,8097000000,44.3,46.41,42.18,0.0836,0.0135,13.19,3.4,44.3,31.87,1.8606,1.2343,0.1629,0.027,0.5,0.49,0.9615
2012-06-30,2848876875,2848876875,1,226072000000,27130000000,135644000000,26353000000,37150000000,53278000000,0,102507000000,46479000000,28552000000,1825000000,1825000000,0.64,0.64,0.5,9314000000,-3911000000,-1311000000,4092000000,10001000000,3942000000,40.78,44.77,36.8,0.077,0.0126,13.04,3.16,43.85,31.36,1.9806,1.2511,0.1643,0.0253,0.5,1.89,1.0295
2012-03-31,2841032606,2841032606,1,222921000000,23512000000,134500000000,22913000000,36671000000,51750000000,0,102503000000,48476000000,28242000000,1686000000,1686000000,0.59,0.59,0.5,5957000000,-3673000000,-9737000000,-7453000000,5909000000,3730000000,38.77,40.48,37.07,0.0702,0.0117,12.91,3.06,45.61,30.86,2.1251,1.3219,0.1645,0.0236,0.5,0.78,1.0261
2011-12-31,2835524157,2835524157,1,230461000000,30939000000,144553000000,30761000000,35970000000,49938000000,0,102485000000,50303000000,28436000000,-2023000000,-2023000000,-0.72,-0.72,0.5,8268000000,-3838000000,-1392000000,3038000000,13362000000,3862000000,37.71,40.25,35.17,0.0627,0.0106,12.69,2.73,18.04,30.36,2.3263,1.3985,0.1561,0.0217,0.49,1.55,1.0058
2011-09-30,2831090656,2831090656,1,228032000000,27770000000,140517000000,34636000000,39051000000,48464000000,0,102659000000,46285000000,27913000000,1379000000,1379000000,0.49,0.49,0.5,8720000000,-3540000000,-1096000000,4084000000,10324000000,3814000000,35.08,37.87,32.28,0.1509,0.0262,13.79,2.52,18.37,29.86,0.945,1.1852,0.1713,0.0541,0.48,1.73,0.8018
2011-06-30,2830580870,2830580870,1,223756000000,22472000000,133044000000,27374000000,39348000000,51364000000,0,102576000000,47927000000,27536000000,1609000000,1609000000,0.57,0.57,0.4875,7757000000,-5497000000,-10027000000,-7767000000,6240000000,6119000000,36.84,38.74,34.94,0.1392,0.0241,13.9,2.67,29.01,29.36,1.0254,1.218,0.1759,0.0501,0.48,0.58,0.8209
2011-03-31,2829078226,2829078226,1,228108000000,29923000000,139244000000,32747000000,38988000000,49876000000,0,100697000000,49374000000,26990000000,1439000000,1439000000,0.51,0.51,0.4875,5035000000,-4375000000,6679000000,7339000000,14007000000,4467000000,36.16,38.95,33.36,0.0925,0.016,13.78,2.65,40.18,28.87,1.5327,1.2664,0.1709,0.0336,0.48,0.2,0.9138
2010-12-31,2828072313,2828072313,1,220005000000,22348000000,133093000000,30597000000,38569000000,48343000000,0,100814000000,45252000000,26395000000,1457000000,1457000000,0.52,0.52,0.49,8150000000,-4895000000,-1981000000,1274000000,6668000000,4615000000,33.8,36,31.6,0.0653,0.0114,13.64,2.52,211.25,28.38,2.1378,1.1733,0.1753,0.0239,0.48,1.25,0.7304
2010-09-30,2826782631,2826782631,1,220852000000,21341000000,136228000000,28767000000,37917000000,46707000000,0,100567000000,47360000000,26484000000,881000000,881000000,0.31,0.31,0.4875,8340000000,-4550000000,-3157000000,633000000,5394000000,4158000000,29.44,33.09,25.79,0.011,0.0019,13.41,2.12,113.23,27.89,12.3567,1.249,0.1717,0.0036,0.55,1.48,0.7419
2010-06-30,2826741689,2826741689,1,226251000000,21061000000,141778000000,31834000000,39254000000,45219000000,0,101226000000,49594000000,26773000000,-198000000,-198000000,-0.07,-0.07,0.475,9756000000,-1953000000,-6079000000,1724000000,4761000000,4229000000,27.19,29.63,24.75,0.0178,0.0032,13.89,1.9,31.99,27.41,7.3513,1.2634,0.1735,0.0059,0.55,1.96,0.6616
2010-03-31,2826732438,2826732438,1,227347000000,22405000000,142695000000,28063000000,40462000000,44190000000,0,101238000000,54424000000,26913000000,409000000,409000000,0.14,0.14,0.475,7117000000,-3656000000,-2433000000,1028000000,3037000000,3456000000,28.86,31.26,26.45,0.0575,0.0107,14.31,1.97,22.37,26.93,2.2194,1.3451,0.178,0.0194,0.55,1.3,0.7984
2009-12-31,2835726911,2835726911,1,227251000000,22608000000,142884000000,29136000000,41606000000,42761000000,0,101303000000,55051000000,43374000000,-653000000,-653000000,-0.22,-0.22,0.48,8447000000,-5383000000,-2271000000,793000000,2009000000,4597000000,31.35,34.13,28.57,0.0863,0.0161,14.67,2.06,16.08,26.46,1.4582,1.3232,0.1831,0.0339,0.48,1.36,0.7759
2009-09-30,2840648086,2840648086,1,226404000000,22023000000,141822000000,27305000000,43186000000,41396000000,0,101037000000,57374000000,27265000000,1176000000,1176000000,0.41,0.41,0.475,8981000000,-4670000000,-3915000000,396000000,1216000000,4356000000,30.5,32.69,28.31,0.1308,0.0252,15.2,2.03,14.32,25.98,0.9513,1.3285,0.1907,0.0744,0.34,1.63,0.8066
2009-06-30,2840613457,2840613457,1,224999000000,21464000000,142178000000,26368000000,42672000000,40149000000,0,101129000000,59469000000,26861000000,1483000000,1483000000,0.52,0.52,0.46,7717000000,-4519000000,-6357000000,-3159000000,820000000,4387000000,30.86,33.07,28.64,0.1362,0.0281,15.02,2.1,13.59,25.5,0.8665,1.3936,0.1897,0.1055,0.27,1.17,0.814
2009-03-31,2840573919,2840573919,1,226851000000,21878000000,146297000000,35069000000,41851000000,38703000000,0,100703000000,55674000000,10308000000,1645000000,1645000000,0.58,0.58,0.46,6420000000,-8759000000,-3464000000,-5803000000,3979000000,3707000000,30.43,34.76,26.1,0.1388,0.0308,14.73,2.07,13.46,25.04,0.7999,1.3303,0.1845,0.1616,0.19,0.96,0.6239
2008-12-31,2840569560,2840569560,1,202352000000,26075000000,123447000000,25906000000,41706000000,37199000000,0,73208000000,46959000000,9976000000,1235000000,1235000000,0.44,0.44,0.46,7542000000,-3697000000,5241000000,9086000000,9782000000,4663000000,28.98,34.9,23.07,0.1327,0.0322,14.68,1.62,13.23,24.58,0.7877,1.126,0.2061,0.1648,0.2,1.01,1.0065
2008-09-30,2840484291,2840484291,1,204861000000,19131000000,118015000000,28275000000,50954000000,35892000000,0,72812000000,37478000000,10048000000,1669000000,1669000000,0.59,0.59,0.46,7026000000,-5614000000,-1298000000,114000000,696000000,4178000000,33.3,36.34,30.25,0.1236,0.032,17.94,1.86,16.32,24.12,0.7967,0.7355,0.2487,0.1614,0.2,1,0.6766
2008-06-30,2847731698,2847731698,1,200646000000,17996000000,115126000000,29900000000,50887000000,34633000000,0,70615000000,33778000000,9466000000,1882000000,1882000000,0.66,0.66,0.43,6662000000,-17450000000,5885000000,-4903000000,582000000,4177000000,36.89,39.94,33.84,0.1165,0.0307,17.87,2.09,18.82,23.66,0.8399,0.6638,0.2536,0.1528,0.2,0.87,0.6019
2008-03-31,2850628308,2850628308,1,191293000000,22448000000,107614000000,24744000000,50280000000,33399000000,0,60933000000,32134000000,9517000000,1642000000,1642000000,0.57,0.57,0.43,5390000000,-4818000000,3760000000,4332000000,5485000000,4220000000,38.56,44.12,33,0.1131,0.0303,17.64,2.19,20.29,23.23,0.8607,0.6391,0.2628,0.1486,0.2,0.41,0.9072
2007-12-31,2870955142,2870955142,1,186959000000,18698000000,104090000000,24741000000,50581000000,32288000000,0,61029000000,28203000000,9796000000,1072000000,1072000000,0.38,0.37,0.43,8290000000,-5624000000,-2228000000,438000000,1153000000,4746000000,43.31,46.03,40.59,0.111,0.0298,17.62,2.52,23.04,22.8,0.8746,0.5576,0.2705,0.147,0.2,1.23,0.7557
2007-09-30,2890327267,2890327267,1,185619000000,17037000000,104696000000,24158000000,49689000000,31234000000,0,61275000000,29383000000,9608000000,1271000000,1271000000,0.44,0.44,0.43,6457000000,-3607000000,-2791000000,59000000,715000000,4277000000,41.82,44.55,39.09,0.1114,0.0295,17.19,2.44,19.91,22.37,1.5848,0.5913,0.2677,0.1513,0.19,0.75,0.7052
2007-06-30,2902540397,2902540397,1,184760000000,17028000000,104728000000,24452000000,49831000000,30201000000,0,60910000000,29374000000,9231000000,1683000000,1683000000,0.58,0.58,0.405,6475000000,-3690000000,-3430000000,-645000000,656000000,4352000000,40.19,43.79,36.59,0.1268,0.033,17.17,2.39,19.42,21.94,1.4067,0.5895,0.2697,0.1722,0.19,0.73,0.6964
2007-03-31,2903363700,2903363700,1,184284000000,17894000000,106265000000,27906000000,48782000000,29237000000,0,61008000000,28073000000,8912000000,1495000000,1495000000,0.51,0.51,0.405,4517000000,-3187000000,-3248000000,-1918000000,1301000000,4163000000,37.02,38.6,35.44,0.1287,0.0326,16.8,2.22,17.46,21.54,1.4232,0.5755,0.2647,0.1724,0.19,0.12,0.6412
2006-12-31,2909893627,2909893627,1,188804000000,22538000000,111932000000,32280000000,48535000000,28337000000,0,61754000000,28646000000,8485000000,1032000000,1032000000,0.36,0.35,1.75,5855000000,-6294000000,1828000000,1389000000,3219000000,4783000000,35.81,37.64,33.99,0.1345,0.0334,16.68,2.26,15.11,21.13,1.3926,0.5902,0.2571,0.1771,0.19,0.37,0.6982
2006-09-30,2919515293,2919515293,1,185679000000,21615000000,111877000000,35313000000,46279000000,27523000000,0,59247000000,30154000000,8982000000,1922000000,1922000000,0.66,0.66,0.405,6714000000,-3836000000,-2218000000,660000000,1846000000,4007000000,33.42,36.62,30.22,0.1555,0.0379,15.85,2.16,14.04,19.38,0.6901,0.6516,0.2492,0.2064,0.18,0.93,0.6121
2006-06-30,2898723444,2898723444,1,183843000000,21276000000,111319000000,34339000000,44779000000,27745000000,0,58927000000,32030000000,8778000000,1611000000,1611000000,0.55,0.55,0.405,5486000000,-3738000000,-1811000000,-63000000,1186000000,4245000000,31.23,33.46,29,0.1608,0.0385,15.45,2.03,12.1,18.98,0.6863,0.7153,0.2436,0.2211,0.17,0.43,0.6196
2006-03-31,2917221993,2917221993,1,182814000000,18629000000,110665000000,30912000000,44771000000,27378000000,0,59458000000,34614000000,8749000000,1632000000,1632000000,0.56,0.56,0.405,6051000000,-1748000000,-3830000000,473000000,1249000000,4066000000,31.42,33.89,28.95,0.1793,0.0422,15.35,2.32,11.86,18.57,0.6315,0.7731,0.2449,0.2588,0.16,0.68,0.6026
2005-12-31,2926823217,2926823217,1,168130000000,16448000000,101696000000,25063000000,39680000000,26754000000,0,52933000000,31869000000,6552000000,1658000000,1658000000,0.6,0.6,0.4,6737000000,-4867000000,-1710000000,160000000,776000000,3772000000,29.83,31.59,28.07,0.1904,0.0441,13.56,2.1,9.56,18.17,0.6126,0.8032,0.236,0.2904,0.15,1.01,0.6563
2005-09-30,2764976477,2764976477,1,168301000000,15272000000,103105000000,23639000000,39223000000,25973000000,0,52924000000,34391000000,6536000000,1869000000,1869000000,0.68,0.67,0.405,5363000000,-2703000000,-3449000000,-789000000,616000000,3897000000,32.1,33.7,30.5,0.229,0.0525,14.19,2.3,10.39,17.77,0.5059,0.8768,0.2331,0.352,0.15,0.53,0.6461
2005-06-30,2765199423,2765199423,1,169377000000,16669000000,105470000000,27442000000,38554000000,25353000000,0,52838000000,33070000000,6258000000,2113000000,2113000000,0.76,0.75,0.405,5976000000,-6610000000,1347000000,713000000,1405000000,4061000000,33.7,34.93,32.48,0.2333,0.0525,13.94,2.45,11.31,17.36,0.504,0.8578,0.2276,0.3568,0.15,0.69,0.6074
2005-03-31,2767166159,2767166159,1,164882000000,17011000000,102148000000,23159000000,37980000000,24754000000,0,47986000000,35471000000,6123000000,1757000000,1757000000,0.63,0.63,0.405,3936000000,-4312000000,-1222000000,-1598000000,692000000,3594000000,36.34,39.56,33.13,0.2317,0.0511,13.73,2.68,13.07,16.96,0.5165,0.9339,0.2303,0.3528,0.14,0.12,0.7345
2004-12-31,2769964950,2769964950,1,165958000000,19479000000,103345000000,23129000000,37560000000,25053000000,0,47448000000,35674000000,6023000000,3039000000,3039000000,1.1,1.07,0.39,6326000000,-2518000000,-2134000000,1674000000,2290000000,4182000000,40.27,42.27,38.26,0.2232,0.0478,13.56,3.17,61.95,16.55,0.5464,0.9498,0.2263,0.338,0.14,0.77,0.8422
2004-09-30,2768958346,2768958346,1,162897000000,17741000000,103135000000,23124000000,35174000000,24588000000,0,46357000000,37252000000,5994000000,1796000000,1796000000,0.65,0.64,0.385,5603000000,-3066000000,-2499000000,38000000,616000000,3250000000,37.57,41.01,34.13,0.0538,0.0112,12.7,3.05,57.8,16.16,2.3355,1.0591,0.2159,0.0796,0.14,0.85,0.7672
2004-06-30,2768468033,2768468033,1,162438000000,17395000000,103518000000,23373000000,34099000000,24821000000,0,46917000000,37449000000,5641000000,1797000000,1797000000,0.65,0.64,0.385,5853000000,-2670000000,-3175000000,8000000,608000000,3184000000,36.23,38.2,34.25,0.0537,0.0111,12.32,3,278.69,15.77,2.3403,1.0982,0.2099,0.0803,0.14,0.96,0.7442
2004-03-31,2770311607,2770311607,1,163421000000,17194000000,105742000000,24956000000,33495000000,24184000000,0,46855000000,38132000000,5510000000,1199000000,1199000000,0.43,0.43,0.385,4038000000,-2089000000,-2048000000,-99000000,600000000,2643000000,37.31,39.54,35.08,0.0108,0.0022,12.09,3.09,33.61,15.39,11.606,1.1384,0.205,0.0166,0.13,0.5,0.689
2003-12-31,2769412414,2769412414,1,165968000000,18293000000,108154000000,26570000000,33466000000,24348000000,0,47029000000,39413000000,5860000000,-2960000000,-2960000000,-1.06,-1.06,0.39,6201000000,-5328000000,-920000000,-47000000,699000000,3742000000,33.17,35.25,31.1,0.0888,0.0184,12.08,2.61,11.06,15,1.3855,1.1777,0.2016,0.1413,0.13,0.89,0.6885
2003-09-30,2761550374,2761550374,1,165006000000,16565000000,105902000000,25868000000,35136000000,23968000000,0,46942000000,37961000000,5740000000,1791000000,1791000000,0.65,0.64,0.385,5312000000,-1834000000,-3552000000,-74000000,746000000,2848000000,36.15,40.25,32.05,0.2418,0.0496,12.72,2.91,9.13,14.61,0.5109,1.0804,0.2129,0.2513,0.2,0.89,0.6404
2003-06-30,2756284865,2756284865,1,167626000000,18531000000,109346000000,29332000000,34225000000,24055000000,0,47026000000,38846000000,5042000000,338000000,338000000,0.12,0.12,0.385,5157000000,-2990000000,-5466000000,-3299000000,820000000,2827000000,37.08,41.35,32.8,0.3255,0.0647,12.42,2.85,12.12,14.23,0.3879,1.135,0.2042,0.2453,0.26,0.85,0.6318
2003-03-31,2750250114,2750250114,1,172053000000,22291000000,112477000000,28432000000,35773000000,23803000000,0,46661000000,43462000000,5141000000,3908000000,3908000000,1.42,1.41,0.385,5812000000,-2094000000,-1021000000,2697000000,4135000000,2467000000,38.19,44.31,32.06,0.2634,0.0502,13.01,3.21,25.98,13.84,0.4988,1.2149,0.2079,0.1505,0.33,1.22,0.784
2002-12-31,2745782839,2745782839,1,167468000000,20921000000,110711000000,27047000000,32616000000,24141000000,0,46739000000,44791000000,17214000000,2290000000,2290000000,0.83,0.83,0.39,6022000000,-5851000000,-4384000000,-4213000000,1438000000,3876000000,35.35,43.2,27.5,0.1315,0.0241,11.88,3.04,None,13.46,1.0353,1.3733,0.1948,0.0603,0.4,0.78,0.7735
2002-09-30,2735762590,2735762590,1,169099000000,23466000000,113414000000,30984000000,31845000000,23840000000,0,46761000000,46029000000,17201000000,4405000000,4405000000,1.61,1.6,0.385,6036000000,2536000000,-5883000000,2689000000,5651000000,2598000000,33.11,40.2,26.01,-0.008,-0.0015,11.64,3.15,None,13.07,None,1.4454,0.1883,None,0.4,1.26,0.7574
2002-06-30,2728421871,2728421871,1,168293000000,23141000000,116827000000,35680000000,28642000000,22824000000,0,45231000000,44639000000,16835000000,-2115000000,-2115000000,-0.78,-0.78,0.385,5564000000,-1493000000,-2124000000,1947000000,2962000000,3136000000,41.25,46.01,36.5,-0.0875,-0.0163,10.5,3.62,None,12.68,None,1.5585,0.1702,None,0.4,0.89,0.6486
2002-03-31,2723017584,2723017584,1,171325000000,24172000000,117792000000,35110000000,31007000000,22526000000,0,45127000000,46580000000,16375000000,-501000000,-501000000,-0.18,-0.18,0.385,4478000000,-2020000000,-2422000000,36000000,1015000000,2374000000,47.06,51.09,43.02,-0.0505,-0.0099,11.39,3.93,336.14,12.3,None,1.5022,0.181,None,0.39,0.77,0.6885
2001-12-31,2717198915,2717198915,1,170795000000,23187000000,116107000000,38020000000,32539000000,22149000000,0,44262000000,45657000000,17011000000,-2037000000,-2037000000,-0.75,-0.75,0.39,6677000000,-6469000000,-594000000,-386000000,979000000,4894000000,51.45,55.99,46.9,0.0114,0.0023,11.98,4.01,32.56,11.91,10.7691,1.4031,0.1905,0.0058,0.4,0.66,0.6099
2001-09-30,2714453805,2714453805,1,169503000000,21832000000,112768000000,36242000000,34836000000,21899000000,0,44080000000,45043000000,17004000000,1875000000,1875000000,0.69,0.69,0.385,5438000000,-4282000000,-2407000000,-1251000000,1365000000,3314000000,52.86,57.4,48.32,0.1472,0.0304,12.83,4.1,24.47,11.52,0.818,1.293,0.2055,0.0701,0.43,0.78,0.6024
2001-06-30,2709370282,2709370282,1,170173000000,23260000000,113525000000,37764000000,34909000000,21739000000,0,43627000000,44280000000,16909000000,-1021000000,-1021000000,-0.38,-0.38,0.385,4556000000,-4421000000,1792000000,1927000000,2616000000,4685000000,52,56.99,47,0.1936,0.0407,12.88,4.05,12.01,11.14,0.6226,1.2684,0.2051,0.0925,0.44,-0.05,0.6159
2001-03-31,2704675542,2704675542,1,167798000000,21977000000,111399000000,35415000000,34698000000,21701000000,0,44083000000,44394000000,16266000000,1572000000,1572000000,0.58,0.58,0.385,3102000000,-6454000000,3284000000,-68000000,689000000,4478000000,50.47,57.13,43.8,0.3665,0.0781,12.83,3.95,11.99,10.75,0.3308,1.2794,0.2068,0.1745,0.45,-0.51,0.6206
2000-12-31,2703559950,2703559950,1,164735000000,22121000000,108327000000,34236000000,34578000000,21830000000,0,41990000000,42491000000,22829000000,2689000000,2689000000,0.69,0.69,0.39,3782000000,-7926000000,4073000000,-71000000,757000000,5753000000,52.28,59.38,45.19,0.3937,0.0865,12.79,4.09,13.17,10.37,0.3166,1.2288,0.2099,0.1823,0.47,-0.73,0.6461
2000-09-30,2699096564,2699096564,1,157528000000,20094000000,101076000000,39008000000,34482000000,21970000000,0,41586000000,32825000000,16557000000,3470000000,3470000000,1.28,1.27,0.385,3716000000,-534000000,-3700000000,-518000000,828000000,4248000000,47.97,56.88,39.06,0.3885,0.0887,12.78,3.82,13.94,9.98,0.3343,0.9519,0.2189,0.1946,0.46,-0.2,0.5151
2000-06-30,2717995916,2717995916,1,157013000000,20136000000,100798000000,38117000000,34176000000,22039000000,0,40954000000,33286000000,16787000000,4907000000,4907000000,1.81,1.79,0.385,5213000000,-3697000000,-1466000000,50000000,1346000000,5477000000,57.75,66,49.5,0.3665,0.0874,12.57,5.37,24.16,9.59,0.3787,0.974,0.2177,0.1783,0.49,-0.1,0.5283
2000-03-31,1545656398,1545656398,1,66052000000,9860000000,48995000000,14301000000,16632000000,425000000,0,0,20149000000,8534000000,731000000,731000000,0.47,0.46,0.385,3116000000,-3898000000,45000000,-737000000,360000000,2155000000,55.28,63.19,47.38,0.2409,0.0618,10.76,5.4,20.86,9.21,0.6339,1.2115,0.2518,0.1124,0.55,0.62,0.6895
1999-12-31,1550659354,1550659354,1,62614000000,10596000000,46276000000,13467000000,15880000000,458000000,0,0,18463000000,8608000000,719000000,719000000,0.47,0.45,0.39,3251000000,-4167000000,1749000000,833000000,1097000000,2648000000,64.34,69.5,59.19,0.281,0.0717,10.24,6.44,22.58,8.82,0.5725,1.1627,0.2536,0.1267,0.57,0.39,0.7868
1999-09-30,1552785938,1552785938,1,59022000000,8897000000,43063000000,11369000000,15509000000,450000000,0,0,17463000000,8304000000,1174000000,1174000000,0.75,0.74,0.39,2709000000,-1955000000,-722000000,32000000,264000000,2176000000,64.22,68.19,60.25,0.3189,0.08,9.99,6.68,30.58,8.43,0.6598,1.126,0.2628,0.1391,0.58,0.34,0.7826
1999-06-30,1552728813,1552728813,1,57873000000,8738000000,42603000000,10992000000,14932000000,338000000,0,0,17381000000,8295000000,1167000000,1167000000,0.75,0.74,0.385,2210000000,-2509000000,163000000,-136000000,232000000,1929000000,58.16,65.38,50.94,0.2486,0.0603,9.62,6.69,28.94,8.04,0.8896,1.164,0.258,0.1042,0.58,0.18,0.7949
1999-03-31,1552284960,1552284960,1,54975000000,8901000000,41156000000,9889000000,13499000000,320000000,0,0,17707000000,7967000000,1142000000,1142000000,0.74,0.72,0.385,2486000000,-998000000,-1357000000,131000000,368000000,1711000000,55.53,60.44,50.63,0.2458,0.0585,8.7,6.62,30.02,7.66,0.9301,1.3117,0.2455,0.1008,0.58,0.5,0.9001
1998-12-31,1553258804,1553258804,1,55143900000,9082300000,41788800000,10531200000,13025400000,329700000,0,0,17646400000,8077100000,1059100000,1059100000,0.67,0.65,0.77,2720500000,-2276600000,-827600000,-383700000,237100000,2016100000,54.47,61.19,47.75,0.2295,0.0541,8.39,6.71,24.99,7.27,0.8073,1.3548,0.2362,0.0939,0.58,0.45,0.8624
1998-09-30,1552276989,1552276989,1,54998300000,8907100000,41464000000,9577700000,12604100000,930200000,0,0,18200900000,7909900000,-8100000,-8100000,-0.01,-0.01,0.385,2477700000,-1842700000,-317300000,317700000,620800000,1936800000,45.44,50.44,40.44,0.2665,0.0629,8.12,5.36,21.23,6.5,0.5261,1.444,0.2292,0.0868,0.72,0.35,0.93
1998-06-30,1553473710,1553473710,1,54715700000,9002800000,40631800000,11819100000,13170200000,913700000,0,0,15503200000,7927800000,1020900000,1020900000,0.66,0.65,0.385,2669900000,-1850400000,-920300000,-100800000,303100000,1822600000,48.16,51.63,44.69,0.2611,0.0622,8.48,5.82,23.38,6.12,0.5375,1.1771,0.2407,0.0861,0.72,0.55,0.7617
1998-03-31,1552381264,1552381264,1,54314300000,9246000000,40558000000,11480100000,12837700000,918600000,0,0,15678900000,7651100000,893400000,890900000,0.57,0.56,0,2202800000,-1715200000,-406500000,81100000,403900000,1659100000,47.69,53,42.38,0.2465,0.0609,8.27,5.79,22.87,5.73,0.5397,1.2213,0.2364,0.0822,0.74,0.35,0.8054
1997-12-31,1553014028,1553014028,1,53964100000,9000800000,40263800000,13664200000,12789100000,911200000,0,0,13265200000,15965400000,1520500000,1520500000,0.98,None,0.39,2858200000,-2644800000,-206400000,7000000,322800000,1750700000,41.63,45.88,37.38,0.2412,0.0625,8.24,5.15,26.02,5.73,0.7542,1.0372,0.237,0.0813,0.77,0.71,0.6587
1997-09-30,776639234,1553278468,2,52890900000,8455300000,39393000000,13113000000,12549400000,948500000,0,0,13071400000,7373900000,-80100000,-80100000,-0.1,None,0.77,4057800000,-3641700000,-301100000,115000000,315800000,3557400000,37.44,40.88,34,0.1548,0.0428,8.08,4.22,17.02,5.34,1.1412,1.0416,0.2373,0.078,0.55,0.32,0.6448
1997-06-30,437476506,874953012,2,24978400000,3950400000,17219600000,5526400000,7758800000,0,0,0,5816400000,3440700000,498900000,498900000,1.14,None,0.74,759900000,-299600000,-501200000,-40900000,103900000,707000000,33.76,39.13,28.38,0.2568,0.0781,8.87,3.88,15.42,4.96,0.6618,0.7497,0.3106,0.1434,0.54,0.06,0.7148
1997-03-31,437766677,875533354,2,25216200000,4055100000,17608000000,5802600000,7608200000,0,0,0,5943000000,3413900000,515600000,515600000,1.17,None,0.74,1182800000,-752500000,-438000000,-7700000,144800000,617100000,32.66,35.69,29.63,0.262,0.0788,8.69,3.85,15.26,4.59,0.6589,0.7811,0.3017,0.145,0.54,0.65,0.6988
1996-12-31,437768397,875536794,2,24856200000,3948000000,17433400000,5702800000,7422800000,0,0,0,5960200000,3316500000,433400000,433400000,0.99,None,0.72,1228000000,-1459900000,285600000,53700000,152500000,902800000,31.63,34,29.25,0.2625,0.0781,8.48,3.8,15.13,4.22,0.6701,0.803,0.2986,0.1438,0.54,0.37,0.6923
1996-09-30,437768645,875537290,2,23908900000,3617600000,16619000000,4634100000,7289900000,0,0,0,6268800000,3297800000,483300000,483300000,1.1,None,0.72,1303300000,-568300000,-699900000,35100000,98800000,669200000,29.79,32,27.57,0.2635,0.0769,8.33,3.68,13.36,3.86,0.6804,0.8599,0.3049,0.1424,0.54,0.72,0.7806
1996-06-30,437771463,875542926,2,23795700000,3635000000,16707000000,4906400000,7088700000,0,0,0,6130600000,3259500000,494300000,494300000,1.12,None,0.72,714200000,-512100000,-195200000,6900000,63700000,509000000,31.69,33.88,29.5,0.2877,0.0815,8.1,4.04,14.54,3.5,0.6336,0.8648,0.2979,0.1523,0.54,0.23,0.7409
1996-03-31,437676716,875353432,2,23808600000,3630300000,16942800000,5089100000,6865800000,0,0,0,6164500000,3207600000,470500000,470500000,1.07,None,0.72,1170000000,-603700000,-866300000,-300000000,56800000,459200000,34,37.44,30.57,0.289,0.0787,7.84,4.45,16.04,3.14,0.6442,0.8979,0.2884,0.1452,0.54,0.81,0.7133
1995-12-31,437646355,875292710,2,24156800000,3872700000,17473200000,5373000000,6683600000,0,0,0,6407200000,3154200000,391900000,391900000,0.89,None,0.7,1064800000,-138300000,-667400000,259100000,356800000,496700000,31.97,34.44,29.5,0.2891,0.076,7.64,4.22,15.71,2.78,0.6584,0.9586,0.2767,0.1384,0.55,0.65,0.7208
1995-09-30,437304830,874609660,2,24546000000,3883700000,17917300000,5283100000,6628700000,0,0,0,6647500000,3261100000,604800000,604800000,1.38,None,0.7,1078500000,-88800000,-953500000,36200000,97700000,606500000,29.19,30.94,27.44,0.2838,0.0727,7.58,4.04,None,2.43,0.6839,1.0028,0.2701,0.1283,0.57,0.54,0.7351
1995-06-30,436599374,873198748,2,24819900000,3891300000,18506600000,5807100000,6313300000,0,0,0,6743200000,3564500000,447100000,447100000,1.02,None,0.7,800600000,-911600000,113900000,2900000,61500000,711800000,27.72,29.44,26,-0.1124,-0.0285,7.23,3.98,None,2.08,None,1.0681,0.2544,None,0.57,0.1,0.6701
1995-03-31,436394735,872789470,2,24312200000,3799800000,18228900000,5649300000,6083300000,0,0,0,6700000000,3449700000,414500000,414500000,0.95,None,0.7,1037100000,-952100000,-169300000,-84300000,58600000,808700000,26.04,27.88,24.19,-0.108,None,6.97,3.74,None,1.73,None,1.1014,0.2502,None,0.54,0.26,0.6726
1994-12-31,436369634,872739268,2,24271800000,3783300000,18190500000,5576700000,6081300000,0,0,0,6805700000,3608800000,314900000,314900000,0.72,None,0.69,1207800000,-713200000,-577800000,-83200000,142900000,877700000,25.41,26.63,24.19,-0.1032,None,6.97,3.5,None,1.38,None,1.1191,0.2506,None,0.52,0.38,0.6784
1994-09-30,436210747,872421494,2,24517900000,3918000000,18171300000,5476700000,6346600000,0,0,0,6924800000,3415300000,-1874300000,-1874300000,-4.29,None,0.69,1012200000,-835100000,-203900000,-26800000,226100000,637800000,27.66,29.19,26.13,None,None,7.27,2.84,None,1.03,None,1.0911,0.2589,None,None,0.43,0.7154
1994-06-30,436137984,872275968,2,28685600000,4119200000,20189700000,5170300000,8495900000,0,0,0,6993200000,3394100000,415400000,415400000,0.95,None,0.69,862300000,234200000,-1099000000,-2500000,252900000,606400000,26.44,28.38,24.5,None,None,9.74,2.77,None,0.69,None,0.8231,0.2962,None,None,0.29,0.7967
1994-03-31,436103073,872206146,2,29452600000,4116600000,21116700000,6073100000,8335900000,0,0,0,7104900000,3373200000,389200000,389200000,0.89,None,0.69,670300000,-355700000,-205300000,109300000,255400000,424300000,27.66,29.82,25.5,None,None,9.56,2.93,None,0.34,None,0.8523,0.283,None,None,0.28,0.6778
1993-12-31,436185312,872370624,2,29544200000,3870800000,21319800000,6123900000,8224400000,0,0,0,7206200000,None,None,None,None,None,0,None,None,None,None,146100000,0,31.53,34.56,28.5,None,None,9.43,None,None,0,None,0.8762,0.2784,None,None,None,0.6321
