"Quarter end","Shares","Shares split adjusted","Split factor","Assets","Current Assets","Liabilities","Current Liabilities","Shareholders equity","Non-controlling interest","Preferred equity","Goodwill & intangibles","Long-term debt","Revenue","Earnings","Earnings available for common stockholders","EPS basic","EPS diluted","Dividend per share","Cash from operating activities","Cash from investing activities","Cash from financing activities","Cash change during period","Cash at end of period","Capital expenditures","Price","Price high","Price low","ROE","ROA","Book value of equity per share","P/B ratio","P/E ratio","Cumulative dividends per share","Dividend payout ratio","Long-term debt to equity ratio","Equity to assets ratio","Net margin","Asset turnover","Free cash flow per share","Current ratio"
2016-03-31,284701320,284701320,1,49751000000,2619000000,40390000000,3853000000,9357000000,4000000,0,3553000000,22487000000,6191000000,494000000,494000000,1.73,1.72,0.75,1608000000,-1325000000,-156000000,127000000,1297000000,1329000000,None,None,None,0.2112,0.0382,32.87,None,None,46.67,0.4525,2.4032,0.1881,0.078,0.49,0.98,0.6797
2015-12-31,283270372,283270372,1,49277000000,2459000000,40278000000,3949000000,8995000000,4000000,0,3576000000,22497000000,6072000000,486000000,486000000,1.71,1.7,0.75,1833000000,-939000000,-209000000,685000000,1170000000,956000000,184.91,192.85,176.98,0.2145,0.0378,31.75,5.99,27.64,45.92,0.5753,2.5011,0.1825,0.0778,0.49,3.1,0.6227
2015-09-30,283197551,283197551,1,48721000000,1889000000,39972000000,3763000000,8745000000,4000000,0,3601000000,22689000000,5922000000,437000000,437000000,1.53,1.53,0.75,1500000000,-985000000,-510000000,5000000,485000000,1113000000,183.82,194.22,173.42,0.2289,0.0393,30.88,6.11,26.56,45.17,0.5539,2.5945,0.1795,0.0817,0.48,1.37,0.502
2015-06-30,282974273,282974273,1,48886000000,2074000000,40374000000,4155000000,8508000000,4000000,0,3624000000,22732000000,5926000000,463000000,463000000,1.62,1.62,0.75,1698000000,-1267000000,-498000000,-67000000,480000000,1271000000,165.16,184.89,145.44,0.2425,0.0406,30.07,5.73,23.39,44.42,0.5355,2.6718,0.174,0.0851,0.48,1.51,0.4992
2015-03-31,282518129,282518129,1,48330000000,2006000000,40186000000,4159000000,8140000000,4000000,0,3648000000,22639000000,5777000000,458000000,458000000,1.6,1.59,1.5,1508000000,-1154000000,-514000000,-160000000,547000000,1157000000,147.07,159.94,134.21,0.2555,0.0415,28.81,5.15,20.51,43.67,0.5246,2.7812,0.1684,0.0874,0.47,1.24,0.4823
2014-12-31,280900337,280900337,1,48501000000,2316000000,40484000000,4497000000,8013000000,4000000,0,3660000000,22701000000,5790000000,554000000,554000000,1.96,1.95,0.75,1810000000,-920000000,-709000000,181000000,707000000,926000000,142.37,155.95,128.78,0.267,0.0417,28.53,5.05,20,42.17,0.4134,2.833,0.1652,0.089,0.47,3.15,0.515
2014-09-30,280494496,280494496,1,48636000000,2074000000,40727000000,5019000000,7905000000,4000000,0,3687000000,22762000000,5714000000,499000000,499000000,1.77,1.76,0.75,1448000000,-1105000000,-220000000,123000000,526000000,1112000000,149.11,155.32,142.9,0.2749,0.0415,28.18,5.62,20.71,41.42,0.4012,2.8794,0.1625,0.0893,0.46,1.2,0.4132
2014-06-30,279488788,279488788,1,48456000000,1988000000,41042000000,5274000000,7410000000,4000000,0,3713000000,22917000000,5726000000,499000000,499000000,1.77,1.76,0.75,1695000000,-1248000000,-1601000000,-1154000000,403000000,1252000000,140.39,148.2,132.58,0.2917,0.0424,26.51,5.51,19.83,40.67,0.3815,3.0927,0.1529,0.0915,0.46,1.59,0.3769
2014-03-31,278611548,278611548,1,49153000000,3114000000,42055000000,6399000000,7094000000,4000000,0,3738000000,22792000000,5582000000,479000000,479000000,1.71,1.7,0.75,1397000000,-819000000,454000000,1032000000,1557000000,846000000,138.91,147.28,130.53,0.2966,0.0419,25.46,5.55,20.67,39.92,0.3732,3.2129,0.1443,0.0914,0.46,1.98,0.4866
2013-12-31,277451193,277451193,1,48273000000,2144000000,41326000000,5226000000,6943000000,4000000,0,3748000000,23285000000,5577000000,540000000,540000000,1.92,1.9,0.65,1599000000,-991000000,-959000000,-351000000,525000000,837000000,124.36,139.85,108.88,0.2868,0.0402,25.02,5.26,19.1,39.17,0.3779,3.3537,0.1438,0.0883,0.46,2.75,0.4103
2013-09-30,281889889,281889889,1,47431000000,2656000000,40765000000,4964000000,6662000000,4000000,0,3459000000,23261000000,5518000000,532000000,532000000,1.86,1.84,0.65,1209000000,-458000000,-2498000000,-1747000000,876000000,784000000,113.47,120.93,106.01,0.2794,0.0394,23.63,4.83,15.61,38.52,0.3755,3.4916,0.1405,0.0875,0.45,1.51,0.5351
2013-06-30,285782369,285782369,1,49228000000,4610000000,42516000000,7006000000,6708000000,4000000,0,3482000000,23111000000,5550000000,481000000,481000000,1.65,1.64,0.65,1551000000,-934000000,-787000000,-170000000,2623000000,835000000,101.44,113.06,89.81,0.3088,0.0444,23.47,4.26,14.37,37.87,0.322,3.4453,0.1363,0.1007,0.44,2.51,0.658
2013-03-31,290963329,290963329,1,49299000000,4604000000,42357000000,5874000000,6938000000,4000000,0,3505000000,24248000000,5475000000,401000000,401000000,1.35,1.34,0.65,1394000000,-1093000000,-812000000,-511000000,2793000000,782000000,93.28,102,84.57,0.298,0.0437,23.84,3.79,13.48,37.22,0.3198,3.495,0.1407,0.1001,0.44,2.1,0.7838
2012-12-31,295513813,295513813,1,49809000000,4877000000,42526000000,5325000000,7279000000,4000000,0,3530000000,25171000000,5485000000,513000000,513000000,1.7,1.69,0.56,1410000000,-863000000,-1096000000,-549000000,3304000000,904000000,94.8,100.31,89.29,0.2896,0.0433,24.63,3.76,13.58,36.57,0.316,3.458,0.1461,0.1008,0.43,1.71,0.9159
2012-09-30,301773738,301773738,1,50085000000,5362000000,42468000000,5534000000,7609000000,8000000,0,3559000000,25187000000,5363000000,808000000,808000000,2.64,2.6,0.56,1195000000,333000000,-901000000,627000000,3853000000,-339000000,88.62,95.79,81.45,0.294,0.0447,25.21,3.69,16.23,36.01,0.302,3.3102,0.1519,0.1056,0.42,5.08,0.9689
2012-06-30,306365442,306365442,1,49937000000,4586000000,42572000000,5153000000,7357000000,8000000,0,3559000000,25381000000,5404000000,452000000,452000000,1.44,1.43,0.56,1537000000,-722000000,-218000000,597000000,3226000000,712000000,78.07,82.15,73.99,0.2335,0.0359,24.01,3.24,14.81,35.45,0.3709,3.4499,0.1473,0.0858,0.42,2.69,0.89
2012-03-31,312494366,312494366,1,49296000000,3888000000,41770000000,5584000000,7518000000,8000000,0,3452000000,24344000000,5134000000,382000000,382000000,1.21,1.2,0.56,1383000000,-2093000000,-1838000000,-2548000000,2629000000,706000000,72.77,81.5,64.03,0.2241,0.036,24.06,3.04,14.55,34.89,0.3688,3.2381,0.1525,0.0862,0.42,2.17,0.6963
2011-12-31,314086417,314086417,1,48276000000,6398000000,40739000000,5370000000,7530000000,7000000,0,2475000000,24320000000,4993000000,564000000,564000000,1.77,1.75,0.48,1344000000,-1223000000,-517000000,-396000000,5177000000,942000000,64.63,71.84,57.41,0.2091,0.0355,23.97,2.7,14.89,34.33,0.3733,3.2297,0.156,0.0846,0.42,1.28,1.1914
2011-09-30,319111613,319111613,1,48113000000,6687000000,40459000000,4645000000,7647000000,7000000,0,2434000000,24699000000,4911000000,356000000,356000000,1.09,1.08,0.48,1264000000,-659000000,1458000000,2063000000,5573000000,632000000,70.42,79.99,60.85,0.1781,0.0323,23.96,2.85,16.53,33.85,0.4073,3.2299,0.1589,0.0766,0.42,1.98,1.4396
2011-06-30,325183164,325183164,1,45904000000,4531000000,37855000000,3141000000,8041000000,8000000,0,2421000000,23922000000,4944000000,420000000,420000000,1.25,1.24,0.48,1510000000,-993000000,-40000000,477000000,3510000000,700000000,75.1,78.46,71.75,0.1696,0.0332,24.73,2.93,18.92,33.37,0.3989,2.975,0.1752,0.0775,0.43,2.49,1.4425
2011-03-31,336401682,336401682,1,45139000000,4042000000,36500000000,2765000000,8632000000,7000000,0,2224000000,23077000000,4827000000,325000000,325000000,0.94,0.93,0.48,1570000000,-655000000,-929000000,-14000000,3033000000,663000000,68.69,72.48,64.91,0.1558,0.0319,25.66,2.56,18.87,32.89,0.4111,2.6734,0.1912,0.0743,0.43,2.7,1.4618
2010-12-31,343385153,343385153,1,45822000000,4340000000,36605000000,3086000000,9210000000,7000000,0,2223000000,23121000000,4801000000,392000000,392000000,1.11,1.09,0.4,1444000000,-786000000,1261000000,1919000000,3047000000,782000000,60.38,66.11,54.66,0.1426,0.0299,26.82,2.28,17.45,32.41,0.4309,2.5104,0.201,0.0693,0.43,1.93,1.4064
2010-09-30,355733102,355733102,1,43686000000,2343000000,34253000000,2796000000,9425000000,8000000,0,2229000000,21314000000,4734000000,360000000,360000000,1,1,0.4,1082000000,-629000000,-139000000,314000000,1128000000,676000000,55.02,59.07,50.96,0.1393,0.0291,26.49,2.13,17.09,32.01,0.3383,2.2614,0.2157,0.0677,0.43,1.14,0.838
2010-06-30,355416054,355416054,1,43098000000,1756000000,33922000000,2865000000,9172000000,4000000,0,2246000000,21247000000,4734000000,342000000,342000000,0.96,0.95,0.4,1306000000,-740000000,-113000000,453000000,814000000,736000000,53.15,57.37,48.93,0.1336,0.0271,25.81,2.12,16.82,31.61,0.2431,2.3165,0.2128,0.0636,0.43,1.6,0.6129
2010-03-31,354487752,354487752,1,42626000000,1287000000,33728000000,2831000000,8893000000,5000000,0,2324000000,21138000000,4599000000,214000000,214000000,0.6,0.6,0.4,1386000000,-717000000,-1356000000,-687000000,361000000,736000000,47.39,53.45,41.33,0.1355,0.0266,25.09,1.92,15.59,31.21,0.1242,2.3769,0.2086,0.0631,0.42,1.83,0.4546
2009-12-31,352558973,352558973,1,43694000000,2102000000,35005000000,2958000000,8685000000,4000000,0,2111000000,22331000000,4532000000,344000000,344000000,0.92,0.91,0,1374000000,-1035000000,203000000,542000000,1048000000,944000000,41.17,44.09,38.24,0.1348,0.0254,24.63,1.77,None,30.81,9.9409,2.5712,0.1988,0.0611,0.42,1.22,0.7106
2009-09-30,352433901,352433901,1,42686000000,1561000000,34467000000,2776000000,8215000000,4000000,0,2105000000,22168000000,4498000000,268000000,268000000,0.76,0.76,0,1234000000,-767000000,-489000000,-22000000,506000000,758000000,36.34,44.01,28.66,-0.7257,-0.1687,23.31,1.62,None,30.81,None,2.6985,0.1925,None,0.4,1.35,0.5623
2009-06-30,352361613,352361613,1,42772000000,1593000000,34851000000,2828000000,7917000000,4000000,0,2103000000,22626000000,4474000000,316000000,316000000,0.9,0.89,0,1430000000,-746000000,-552000000,132000000,528000000,760000000,30.13,36.25,24,-0.507,-0.1525,22.47,1.4,None,30.81,None,2.8579,0.1851,None,0.36,1.9,0.5633
2009-03-31,352334469,352334469,1,42524000000,1342000000,34939000000,2575000000,7581000000,4000000,0,2103000000,23158000000,4364000000,164000000,164000000,0.48,0.48,30.81,1141000000,-759000000,-5435000000,-5053000000,396000000,769000000,44.2,68.22,20.19,-0.3927,-0.1405,21.52,0.84,None,30.81,None,3.0547,0.1783,None,0.33,1.06,0.5212
2008-12-31,977014340,325671446,0.333333,47889000000,6659000000,29615000000,2873000000,17164000000,1110000000,0,2101000000,17727000000,4402000000,-8164000000,-8164000000,-8.36,-8.36,0,1436000000,-1045000000,1968000000,2359000000,5449000000,943000000,63.84,78.78,48.9,-0.3158,-0.1304,52.7,0.81,18.03,0,None,1.0328,0.3584,None,0.31,1.51,2.3178
2008-09-30,976978835,325659611,0.333333,60414000000,4611000000,33014000000,2603000000,25589000000,1811000000,0,2101000000,15748000000,4340000000,301000000,301000000,0.31,0.31,0,1329000000,-1372000000,-716000000,-759000000,3090000000,873000000,80.04,89.88,70.2,0.0456,0.0196,78.58,1.03,23.82,0,0,0.6154,0.4236,0.0679,0.29,1.4,1.7714
2008-06-30,976963163,325654387,0.333333,60453000000,4772000000,33407000000,2552000000,25270000000,1776000000,0,2106000000,16463000000,4298000000,277000000,277000000,0.28,0.28,0,1349000000,-882000000,3156000000,3623000000,3849000000,861000000,85.31,94.68,75.93,0.044,0.019,77.6,1.11,25.39,0,0,0.6515,0.418,0.0661,0.29,1.5,1.8699
2008-03-31,976941580,325647193,0.333333,56523000000,1064000000,29775000000,2390000000,24997000000,1751000000,0,2106000000,13226000000,4160000000,242000000,242000000,0.25,0.25,0,1186000000,-841000000,-351000000,-6000000,226000000,845000000,75.1,84.36,65.85,0.0444,None,76.76,0.99,21.77,0,0,0.5291,0.4422,0.067,0.29,1.05,0.4452
2007-12-31,976937844,325645947,0.333333,56600000000,1163000000,30170000000,2536000000,24706000000,1724000000,0,2117000000,13577000000,4089000000,327000000,327000000,0.34,0.34,0,1310000000,-984000000,-605000000,-279000000,232000000,964000000,86.01,101.22,70.8,0.0463,None,75.87,1.15,None,0,0,0.5495,0.4365,0.0704,0.28,1.06,0.4586
2007-09-30,976916314,325638771,0.333333,56593000000,1390000000,30496000000,2405000000,24400000000,1697000000,0,2126000000,14178000000,4001000000,248000000,248000000,0.25,0.25,0,1049000000,-924000000,316000000,441000000,511000000,861000000,109.32,126.33,92.31,None,None,74.93,1.48,None,0,None,0.5811,0.4311,None,None,0.58,0.578
2007-06-30,976914443,325638147,0.333333,55873000000,847000000,30141000000,2365000000,24058000000,1674000000,0,2109000000,13869000000,4014000000,272000000,272000000,0.28,0.28,0,1198000000,-864000000,-311000000,23000000,70000000,830000000,114.19,120.09,108.3,None,None,73.88,1.56,None,0,None,0.5765,0.4306,None,None,1.13,0.3581
2007-03-31,976913430,325637809,0.333333,55630000000,771000000,30175000000,2238000000,23811000000,1644000000,0,2064000000,14142000000,3851000000,276000000,276000000,0.28,0.28,0,1006000000,-660000000,-350000000,-4000000,47000000,717000000,112.41,117.03,107.79,None,None,73.12,1.55,None,0,None,0.5939,0.428,None,None,0.89,0.3445
2006-12-31,976913430,325637809,0.333333,55743000000,910000000,30555000000,2490000000,23564000000,1624000000,0,2059000000,14428000000,None,None,None,None,None,0,None,None,None,None,51000000,0,None,None,None,None,None,72.36,None,None,0,None,0.6123,0.4227,None,None,None,0.3655
