"Quarter end","Shares","Shares split adjusted","Split factor","Assets","Current Assets","Liabilities","Current Liabilities","Shareholders equity","Non-controlling interest","Preferred equity","Goodwill & intangibles","Long-term debt","Revenue","Earnings","Earnings available for common stockholders","EPS basic","EPS diluted","Dividend per share","Cash from operating activities","Cash from investing activities","Cash from financing activities","Cash change during period","Cash at end of period","Capital expenditures","Price","Price high","Price low","ROE","ROA","Book value of equity per share","P/B ratio","P/E ratio","Cumulative dividends per share","Dividend payout ratio","Long-term debt to equity ratio","Equity to assets ratio","Net margin","Asset turnover","Free cash flow per share","Current ratio"
2018-06-30,258794274,258794274,1,63585889000,None,52328883000,None,9660011000,1596995000,0,2201085000,3217123000,3022620000,318996000,318996000,1.23,1.21,0.22,-373493000,-42684000,-175421000,-609219000,3030567000,0,54.64,56.49,52.78,-0.0556,-0.0085,37.33,1.47,None,27.01,None,0.333,0.1519,None,0.18,-1.44,None
2018-03-31,258287127,258287127,1,65337963000,None,54102741000,None,9628529000,1606693000,0,2230506000,3240461000,2814942000,152648000,152648000,0.59,0.58,0.22,-238124000,340442000,-63486000,46335000,3639786000,0,45.08,56.39,33.77,-0.0554,-0.0088,37.28,1.18,None,26.79,None,0.3365,0.1474,None,0.18,-0.92,None
2017-12-31,256915044,256915044,1,63436236000,None,51974916000,None,9848317000,1613003000,0,2225751000,3220769000,2901052000,28828000,28828000,0.1,0.18,0.22,-150495000,615521000,-60535000,405866000,3435954000,0,38.95,42.99,34.92,-0.0536,-0.0089,38.33,1,None,26.57,None,0.327,0.1552,None,0.18,-0.59,None
2017-09-30,256014972,256014972,1,63790208000,None,52261698000,None,9939847000,1588663000,0,2227014000,3210063000,2883984000,-1043689000,-1043689000,-4.06,-4.06,0.22,313060000,180481000,-609176000,-103734000,3030088000,0,41.65,47.27,36.02,-0.0269,-0.0046,38.83,0.97,13.48,26.35,None,0.3229,0.1558,None,0.18,1.22,None
2017-06-30,257944055,257944055,1,62382250000,None,49279843000,None,11080552000,2021855000,0,2219390000,3207339000,2787760000,301620000,301620000,1.16,1.14,0.22,-81749000,-367763000,217533000,-218829000,3133822000,0,41.85,44.58,39.12,0.0754,0.0137,42.96,1,19.93,26.13,0.2664,0.2895,0.1776,0.0753,0.18,-0.32,None
2017-03-31,261441684,261441684,1,61024619000,None,48023993000,None,10974884000,2025742000,0,2208612000,2648353000,2755361000,152843000,152843000,0.58,0.57,0.22,-47497000,234487000,-291600000,-74337000,3352651000,0,38.95,41.39,36.5,0.0512,0.0095,41.98,0.99,24.34,25.91,0.3835,0.2413,0.1798,0.0525,0.18,-0.18,None
2016-12-31,264971941,264971941,1,58434102000,None,45473423000,None,10938512000,2022167000,562300000,2203653000,2647677000,2893317000,304700000,304700000,1.13,1.13,0.2,265726000,10148000,-196050000,33711000,3426988000,0,35.73,38.64,32.81,0.0389,0.0073,39.16,0.83,29.05,25.69,0.496,0.2552,0.1776,0.0418,0.18,1,None
2016-09-30,269059862,269059862,1,60772050000,None,47179170000,None,11612166000,1980714000,0,2234071000,2647000000,2588120000,70601000,70601000,0.26,0.25,0.2,482357000,-70587000,-344563000,76528000,3393277000,0,33.73,35.5,31.97,0.0317,0.006,43.16,0.79,31.52,25.49,0.6143,0.228,0.1911,0.0355,0.17,1.79,None
2016-06-30,274972458,274972458,1,61198240000,None,47534308000,None,11685188000,1978744000,0,2217973000,2646324000,2647422000,43782000,43782000,0.16,0.15,0.2,338367000,594245000,-435206000,495852000,3316749000,0,33.77,37.22,30.33,0.028,0.0053,42.5,0.82,8.38,25.29,0.7149,0.2265,0.1909,0.0313,0.17,1.23,None
2016-03-31,284669984,284669984,1,60645692000,None,46977974000,None,11688744000,1978974000,0,2233597000,2653895000,2417227000,21885000,21885000,0.07,0.07,0.2,-171113000,203961000,-448791000,-435339000,2820897000,0,35.88,38.7,33.06,0.104,0.0198,41.06,0.94,8.75,25.09,0.1871,0.227,0.1927,0.1158,0.17,-0.6,None
2015-12-31,291794761,291794761,1,58682938000,None,45028475000,None,11677079000,1977384000,562300000,2210266000,0,2631313000,228550000,228550000,0.77,0.76,0.2,106056000,169828000,-350101000,-83834000,3256236000,0,37.46,40.48,34.44,0.1087,0.0213,38.09,0.98,9.7,24.89,0.1784,0,0.1894,0.1297,0.16,0.36,None
2015-09-30,297759367,297759367,1,60416523000,None,46516015000,None,11938229000,1962279000,562300000,2213688000,0,2569702000,27282000,27282000,0.09,0.09,0.2,488996000,315979000,-288891000,499229000,3340070000,0,32.98,40.41,25.56,0.1032,0.021,38.21,0.85,8.16,24.69,0.1769,0,0.1883,0.1376,0.15,1.64,None
2015-06-30,302314373,302314373,1,61750706000,None,47545601000,None,12247298000,1957807000,562300000,2205911000,0,2685296000,915039000,915039000,3.16,3.11,0.16,-14474000,-153821000,-210290000,-369093000,2840841000,0,37.55,38.78,36.33,0.1113,0.0234,38.65,1.12,None,24.49,0.1544,0,0.1892,0.1639,0.14,-0.05,None
2015-03-31,306635642,306635642,1,46080556000,None,34434133000,None,10244057000,1402366000,0,442431000,0,1422615000,36281000,36281000,0.14,0.14,0.16,34978000,-195554000,896093000,688120000,3209934000,0,35.72,37.45,33.98,-0.0031,-0.0007,33.41,0.91,53.31,24.33,None,0,0.2223,None,0.13,0.11,None
2014-12-31,255239522,255239522,1,45046819000,None,33611052000,None,10033752000,1402015000,0,447952000,0,1447605000,139500000,139500000,0.55,0.52,0.16,235159000,205831000,-229689000,168080000,2521814000,0,33.59,36.35,30.83,0.0188,0.0041,39.31,0.88,27.99,24.17,0.8923,0,0.2227,0.0285,0.14,0.92,None
2014-09-30,258053681,258053681,1,45909756000,None,34688982000,None,9841054000,1379720000,0,450411000,0,1543332000,72384000,72384000,0.27,0.27,0.16,374396000,-63619000,-967489000,-717405000,2353734000,0,33.67,35.52,31.83,0.0349,0.0075,38.14,0.89,24.05,24.01,0.4744,0,0.2144,0.0495,0.15,1.45,None
2014-06-30,265499119,265499119,1,47848915000,None,36440338000,None,10034289000,1374288000,0,455057000,0,1823506000,-279261000,-279261000,-1.03,-1.03,0.16,153561000,869129000,-434220000,595092000,3071139000,0,31.97,33.41,30.54,0.0411,0.0089,37.79,0.85,9.51,23.85,0.3976,0,0.2097,0.0558,0.16,0.58,None
2014-03-31,271499156,271499156,1,46758887000,None,35154913000,None,10244962000,1359012000,0,455700000,0,1787824000,255717000,255717000,0.93,0.91,0.16,200068000,700280000,-232310000,675215000,2476047000,0,29.82,31.85,27.79,0.0964,0.0211,37.73,0.82,8.24,23.69,0.1676,0,0.2191,0.1292,0.16,0.74,None
2013-12-31,276056910,276056910,1,45652887000,None,34303589000,None,9997633000,1351665000,0,411611000,0,1912501000,300780000,300780000,1.06,1.05,0.14,-72912000,-627994000,371404000,-330061000,1800832000,0,30.95,32.29,29.62,0.1052,0.0233,36.22,0.88,10.94,23.53,0.1499,0,0.219,0.1405,0.17,-0.26,None
2013-09-30,282810509,282810509,1,45626383000,None,34373869000,None,9907896000,1344618000,0,410933000,0,1878109000,135648000,135648000,0.48,0.47,0.14,493237000,-527431000,-274097000,-289189000,2130893000,0,31.3,33.12,29.48,0.0824,0.0185,35.03,0.91,10.72,23.39,0.1816,0,0.2172,0.1114,0.17,1.74,None
2013-06-30,286189417,286189417,1,45105137000,None,33868067000,None,9892570000,1344500000,0,407379000,0,1888216000,272698000,272698000,0.94,0.93,0.14,214008000,-39944000,-228212000,-53205000,2420082000,0,30.92,32.96,28.88,0.0849,0.0193,34.57,0.85,11.45,23.25,0.1667,0,0.2193,0.1172,0.16,0.75,None
2013-03-31,289702885,289702885,1,45522263000,None,33690417000,None,10487346000,1344500000,0,406748000,0,1862408000,350790000,350790000,1.19,1.17,0.14,145644000,-2493000,-263938000,-145091000,2473287000,0,27.91,30.61,25.2,0.08,0.0182,36.2,0.78,13.35,23.11,0.1693,0,0.2304,0.1124,0.16,0.5,None
2012-12-31,294958080,294958080,1,45387779000,None,33531382000,None,10510072000,1346325000,0,408527000,0,1913825000,81448000,81448000,0.27,0.26,0.11,148638000,-592442000,-140334000,-578927000,2618378000,0,24.46,25.78,23.15,0.0643,0.0144,35.63,0.71,116.48,22.97,0.2049,0,0.2316,0.0901,0.16,0.5,None
2012-09-30,300605273,300605273,1,45980328000,None,34222909000,None,10411037000,1346382000,0,407221000,0,1817484000,171902000,171902000,0.57,0.56,0.11,423872000,-344628000,-216000000,-113841000,3197305000,0,22.39,24.89,19.9,0.0055,0.0012,34.63,0.69,None,22.86,2.5061,0,0.2264,0.0077,0.16,1.41,None
2012-06-30,305705727,305705727,1,44940156000,None,33726354000,None,9867809000,1345993000,0,405516000,0,1746739000,221156000,221156000,0.71,0.71,0.11,330226000,756587000,-253231000,804828000,3311146000,0,21.08,22.64,19.52,-0.0077,-0.0017,32.28,0.68,None,22.75,None,0,0.2196,None,0.15,1.08,None
2012-03-31,311707372,311707372,1,45099010000,None,34044521000,None,9710022000,1344467000,0,408878000,0,1752432000,176628000,176628000,0.56,0.56,0.11,153370000,-762110000,-735188000,-1318807000,2506318000,0,20.45,22.03,18.86,-0.0073,-0.0015,31.15,0.68,None,22.64,None,0,0.2153,None,0.15,0.49,None
2011-12-31,315666944,315666944,1,44626077000,None,33856667000,None,9424938000,1344472000,0,407321000,0,1728744000,-515537000,-515537000,-1.62,-1.62,0.11,-38315000,563401000,141277000,648842000,3825125000,0,20.34,23,17.69,-0.0496,-0.0103,29.86,0.66,29.91,22.53,None,0,0.2112,None,0.15,-0.12,None
2011-09-30,320517493,320517493,1,46625186000,None,35683200000,None,9940202000,1001784000,0,826400000,0,1658019000,42398000,42398000,0.14,0.14,0.11,258190000,184338000,-85942000,316941000,3176283000,0,20.3,22.65,17.94,0.0232,0.0051,31.01,0.63,26.36,22.42,0.5817,0,0.2132,0.0349,0.14,0.81,None
2011-06-30,297857722,297857722,1,46621512000,None,35993781000,None,9625950000,1001781000,0,843174000,0,1695182000,225663000,225663000,0.73,0.69,0.11,43992000,-415729000,-184593000,-526463000,2859342000,0,22.98,25.43,20.53,0.0262,0.0066,32.32,0.77,35.91,22.31,0.4932,0,0.2065,0.0405,0.14,0.15,None
2011-03-31,309415211,309415211,1,45882141000,None,35613145000,None,9267198000,1001798000,0,842054000,0,1614858000,-227284000,-227284000,-0.73,-0.73,0.11,63335000,500093000,-229458000,362937000,3385805000,0,23,24.82,21.17,0.0223,0.006,29.95,0.67,13.22,22.2,0.572,0,0.202,0.0361,0.14,0.2,None
2010-12-31,311008238,311008238,1,45023351000,None,34410302000,None,10610753000,2296000,10000,822200000,0,1588999000,195453000,188122000,0.59,0.58,0.1,-234520000,-362176000,-343616000,-934761000,3022868000,0,20.94,22.52,19.36,0.0557,0.0141,34.12,0.62,19.94,22.09,0.2252,0,0.2357,0.0915,0.14,-0.75,None
2010-09-30,323225555,323225555,1,46296041000,None,35426431000,None,10867387000,2223000,10000,840972000,0,1620142000,110043000,77543000,0.23,0.23,0.1,458249000,487124000,-863139000,156435000,3957629000,0,18.87,22.14,15.59,0.035,0.009,33.62,0.61,23.89,21.99,0.378,0,0.2347,0.057,0.14,1.42,None
2010-06-30,342010919,342010919,1,45322419000,None,34815187000,None,10505004000,2228000,10000,835865000,0,1552692000,194005000,191811000,0.56,0.56,0.1,164206000,390305000,-82825000,425675000,3801194000,0,18.01,20.39,15.63,0.0274,0.0071,30.72,0.61,39.15,21.89,0.5104,0,0.2318,0.0438,0.13,0.48,None
2010-03-31,342083631,342083631,1,45776670000,None,35663207000,None,10041563000,71900000,0,841244000,0,1636749000,143880000,127996000,0.37,0.37,0.1,206821000,-253772000,-183763000,-268178000,3375519000,0,17.73,19.54,15.91,0.0173,0.0047,29.35,0.64,28.6,21.79,0.876,0,0.2194,0.0248,0.14,0.6,None
2009-12-31,342142419,342142419,1,45579675000,None,35964585000,None,9432417000,182673000,0,845129000,0,1450940000,-34698000,-40319000,-0.11,-0.11,0.1,-67843000,71117000,-257964000,-262580000,3643697000,0,17.41,19.03,15.78,0.0256,0.0016,27.57,0.65,None,21.69,0.6624,0,0.2069,0.0334,0.14,-0.2,None
2009-09-30,342128869,342128869,1,47221241000,None,37865051000,None,9173517000,182673000,0,850110000,0,1485830000,21091000,-11402000,-0.03,-0.03,0.1,546051000,-557376000,-99178000,-83095000,3906277000,0,14.51,18.19,10.83,-0.1642,-0.0287,26.81,0.66,None,21.59,None,0,0.1943,None,0.13,1.6,None
2009-06-30,342173340,342173340,1,45412217000,None,37756325000,None,7473219000,182673000,0,848268000,0,1725469000,85501000,79949000,0.23,0.23,0.1,-402780000,-532889000,-242005000,-1076815000,3989372000,0,8.82,12.45,5.2,-0.3979,-0.0634,21.84,0.49,None,21.49,None,0,0.1646,None,0.13,-1.18,None
2009-03-31,342098011,342098011,1,43971837000,None,37647886000,None,6141278000,182673000,0,845913000,0,1531408000,3097000,178379000,0.53,0.53,0.1,-118188000,1233791000,-363442000,712361000,5066187000,0,4.5,6.44,2.56,-0.3592,-0.0581,17.95,0.25,None,21.39,None,0,0.1397,None,0.14,-0.35,None
2008-12-31,342210169,342210169,1,45682005000,None,39065174000,None,6115233000,501598000,0,853550000,0,1105607000,-1419513000,-1433158000,-4.32,-4.32,0.19,236671000,-923691000,-509210000,-1256177000,4353826000,0,10.29,17.94,2.65,-0.321,-0.0502,17.87,0.39,None,21.29,None,0,0.1339,None,0.14,0.69,None
2008-09-30,330787685,330787685,1,50780674000,None,42118534000,None,8660543000,1597000,0,1816885000,0,1743801000,-1616524000,-1649024000,-6.09,-6.09,0.19,-1311232000,599186000,2721923000,1905754000,5610003000,0,18.55,23.6,13.5,-0.2637,-0.0436,26.18,0.38,None,21.1,None,0,0.1705,None,0.15,-3.96,None
2008-06-30,179064757,179064757,1,52079962000,None,43309182000,None,8769193000,1587000,0,1841548000,0,2124599000,237851000,237851000,1.35,1.34,0.38,174288000,665017000,-1030360000,-200717000,3704249000,0,29.31,38.3,20.33,-0.0445,-0.0064,48.97,0.57,None,20.91,None,0,0.1684,None,0.15,0.97,None
2008-03-31,179038908,179038908,1,54801075000,None,45544140000,None,9255351000,1584000,0,1842158000,0,2174112000,244373000,211873000,1.2,1.2,0.38,473013000,3468721000,-4011650000,24936000,3904966000,0,39.99,52.26,27.73,-0.0125,-0.0007,51.69,0.72,37.37,20.53,None,0,0.1689,None,0.15,2.64,None
2007-12-31,177906200,177906200,1,57762264000,None,47811703000,None,9948142000,2419000,0,1841591000,0,1902297000,-1212869000,-1215853000,-6.81,-6.81,0.38,241628000,2033778000,-1589404000,694791000,3880030000,0,65.13,82.1,48.16,0.0187,0.0046,55.92,1.02,6.2,20.15,1.3131,0,0.1722,0.0226,0.15,1.36,None
2007-09-30,178353270,178353270,1,60888314000,None,49454038000,None,11431791000,2485000,0,1806636000,0,2153287000,371636000,327975000,1.83,1.82,0.38,755475000,-106471000,-241937000,440887000,3185239000,0,78.07,85.67,70.47,0.1706,0.0325,64.1,1.23,7.1,19.77,0.1438,0,0.1878,0.1946,0.16,4.24,None
2007-06-30,181744418,181744418,1,60196683000,None,48672146000,None,11522046000,2491000,0,1806450000,0,2596696000,554615000,544535000,3.05,3,0.38,696367000,-1571205000,241567000,-626447000,2744352000,0,77.17,84.91,69.44,0.1865,0.0335,63.4,1.19,7.64,19.39,0.1378,0,0.1914,0.1993,0.16,3.83,None
2007-03-31,175145915,175145915,1,62065100000,None,50189471000,None,11312547000,563082000,0,1817838000,0,2483442000,562507000,549718000,3.07,3.06,0.38,547396000,-237744000,834911000,1147051000,3370799000,0,70.67,74.4,66.93,0.1839,0.031,64.59,1.26,7.36,19.01,0.1503,0,0.1823,0.1843,0.16,3.13,None
2006-12-31,181050543,181050543,1,59308870000,None,48615583000,None,10131166000,562121000,0,1818096000,0,2496444000,481145000,471064000,2.62,2.62,0.38,926520000,-535560000,-305876000,95527000,2223748000,0,70.58,72.9,68.25,0.1884,0.0298,55.96,1.34,48.01,18.63,0.1594,0,0.1708,0.1752,0.17,5.12,None
2006-09-30,180573133,180573133,1,59779999000,None,49706697000,None,9523975000,549327000,0,1817229000,0,2364164000,425870000,415789000,2.33,2.32,0.38,749996000,-1589037000,402544000,-438547000,2128221000,0,64.58,69.33,59.82,0.0493,0.008,52.74,1.37,None,18.25,0.688,0,0.1593,0.0437,0.17,4.15,None
2006-06-30,180409046,180409046,1,58527353000,None,49980069000,None,8490437000,56847000,0,1817503000,0,2499325000,387169000,377089000,2.11,2.1,0.38,271936000,661647000,-648500000,303944000,2566768000,0,63.98,67.3,60.67,-0.1283,-0.0173,47.06,1.37,None,17.87,None,0,0.1451,None,0.17,1.51,None
2006-03-31,180293805,180293805,1,58755819000,None,50265239000,None,8433896000,56684000,0,1806425000,0,2473262000,468583000,458503000,2.57,2.56,0.38,490203000,-1509375000,-416356000,-1430651000,2262824000,0,67.88,71.97,63.8,-0.1591,-0.0219,46.78,1.45,None,17.49,None,0,0.1435,None,0.2,2.72,None
2005-12-31,179559424,179559424,1,58454901000,None,49983090000,None,8397555000,74256000,0,1814544000,0,2479486000,-811855000,-821937000,-5.51,-5.51,0.5,1854588000,-4062445000,3890410000,1643443000,3693475000,0,67.23,74.44,60.03,-0.1646,-0.023,46.77,1.36,None,17.11,None,0,0.1437,None,0.21,10.33,None
2005-09-30,140546544,140546544,1,54860110000,None,47820810000,None,6965005000,74295000,0,1817210000,0,2296307000,-1039121000,-1049201000,-7.53,-7.53,0.5,551712000,-1075911000,207429000,-317166000,2150609000,0,69.97,74.99,64.95,-0.0238,-0.0027,49.56,1.18,10.92,16.61,None,0,0.127,None,0.21,3.93,None
2005-06-30,140399600,140399600,1,53324898000,None,44953222000,None,8300276000,71400000,0,1820148000,0,4108461000,145975000,135895000,0.98,0.97,0.5,2360481000,-3002740000,822624000,180213000,2467775000,0,71.72,76.05,67.4,0.1147,0.0186,59.12,1.3,8.9,16.11,0.3107,0,0.1557,0.0794,0.22,16.81,None
2005-03-31,140116081,140116081,1,50867003000,None,43051934000,None,7742600000,72469000,0,1824148000,0,2401161000,453025000,442945000,3.21,3.18,0.5,270569000,-528920000,243092000,-16741000,2287562000,0,75.34,79.8,70.89,0.1502,0.0241,55.26,1.37,9.27,15.61,0.2452,0,0.1522,0.1087,0.21,1.93,None
2004-12-31,139031341,139031341,1,49014632000,None,41275937000,None,7665255000,73440000,0,1827782000,0,2322459000,298128000,288048000,2.09,2.1,0.49,1295704000,-1840126000,155981000,-389401000,2304303000,0,73.59,79.56,67.62,0.1538,0.0252,55.13,1.39,19.62,15.11,0.2411,0,0.1564,0.1123,0.22,9.32,None
2004-09-30,138655676,138655676,1,46822950000,None,39451231000,None,7315060000,56659000,0,1832643000,0,2369731000,32552000,22471000,0.16,0.16,0.49,1116363000,-1789628000,196439000,-477680000,2267198000,0,72.43,75.99,68.87,0.0734,0.0127,52.76,1.43,16.84,14.62,0.5152,0,0.1562,0.052,0.23,8.05,None
2004-06-30,138381763,138381763,1,45460035000,None,38383463000,None,7020525000,56047000,0,1841997000,0,3179262000,373684000,363604000,2.64,2.62,0.49,1433810000,-1723345000,388778000,98021000,2744878000,0,76.73,79.55,73.92,0.0841,0.0151,50.73,1.45,18.31,14.13,0.4461,0,0.1544,0.062,0.23,10.36,None
2004-03-31,138124185,138124185,1,44170320000,None,36807593000,None,7298461000,64266000,0,1844911000,0,2157008000,462249000,452169000,3.29,3.25,0.49,526633000,-1238097000,952392000,243736000,2646857000,0,76.99,81.54,72.44,0.0805,0.0153,52.84,1.55,28.73,13.64,0.4549,0,0.1652,0.0697,0.2,3.81,None
2003-12-31,138027557,138027557,1,40764215000,None,33827300000,None,6876761000,60154000,0,1845507000,0,2363348000,-304749000,-314829000,-2.28,-2.28,0.48,1198396000,-1216586000,359639000,343512000,2403121000,0,73.97,79.83,68.11,0.0522,0.0105,49.82,1.38,11.38,13.15,0.7091,0,0.1687,0.0464,0.2,8.68,None
2003-09-30,137269539,137269539,1,39586850000,None,32185640000,None,7344052000,57158000,0,1677726000,0,1969332000,109051000,98971000,0.72,0.71,0.48,706034000,-1977966000,323275000,-947518000,2059609000,0,78.38,83.92,72.83,0.1291,0.0247,53.5,1.43,10.99,12.67,0.2878,0,0.1855,0.1201,0.2,5.14,None
2003-06-30,137153902,137153902,1,39167529000,None,31602209000,None,7508424000,56896000,0,1655352000,0,1891888000,357672000,347659000,2.54,2.51,0.48,946664000,-1655077000,562829000,-145201000,3007127000,0,80.29,88,72.58,0.1489,0.0278,54.74,1.62,20.38,12.19,0.2611,0,0.1917,0.1252,0.22,6.9,None
2003-03-31,136595532,136595532,1,37461625000,None,30649380000,None,6753416000,58829000,0,1652998000,0,1792440000,250005000,239857000,1.76,1.74,0.48,579239000,-971371000,-12416000,-405487000,3152328000,0,74.06,83.55,64.57,0.0904,0.0164,49.44,1.55,25.99,11.71,0.4646,0,0.1803,0.0768,0.21,4.24,None
2002-12-31,136109303,136109303,1,35647369000,None,29077780000,None,6512666000,56923000,0,1653700000,0,1905098000,221390000,221390000,1.58,1.54,0.47,907500000,-824543000,737098000,820370000,3557815000,0,77.06,83.23,70.88,0.0697,0.0123,47.85,1.78,115.01,11.23,0.6332,0,0.1827,0.0613,0.2,6.67,None
2002-09-30,135841086,135841086,1,34090827000,None,28142151000,None,5892959000,55717000,0,1646333000,0,2339777000,186436000,184067000,1.36,1.34,0.47,1564309000,-1599946000,494799000,458691000,2737445000,0,72.02,83.03,61,0.0178,0.0032,43.38,1.84,None,10.76,2.5838,0,0.1729,0.0155,0.2,11.52,None
2002-06-30,135780655,135780655,1,31189265000,None,25813734000,None,5322309000,53222000,0,1648475000,0,1168068000,-91748000,-91748000,-0.68,-0.68,0.47,607956000,-671996000,275909000,212341000,2278754000,0,90.04,97.38,82.7,-0.1776,-0.0321,39.2,2.26,None,10.29,None,0,0.1706,None,0.17,4.48,None
2002-03-31,135465673,135465673,1,30717785000,None,25267721000,None,5401969000,48095000,0,1677597000,0,1165106000,89493000,89493000,0.66,0.65,0.47,-43320000,36839000,209061000,202552000,2066413000,0,91.58,97.11,86.05,-0.1333,-0.0274,39.88,2.3,None,9.82,None,0,0.1759,None,0.17,-0.32,None
2001-12-31,135496713,135496713,1,27963075000,None,22525891000,None,5388654000,48530000,0,1616943000,0,1652943000,-83638000,-83638000,-0.64,-0.64,0.46,758821000,-2115473000,1090959000,-265651000,1863861000,0,87.81,96.12,79.5,-0.1077,-0.0256,39.77,2.31,None,9.35,None,0,0.1927,None,0.18,5.6,None
2001-09-30,124666116,124666116,1,25665428000,None,20878628000,None,4745000000,41800000,0,1629615000,0,844964000,-840032000,-840032000,-6.7,-6.7,0.46,244219000,85815000,122532000,452531000,2129512000,0,72.5,83,62,-0.0914,-0.0249,38.06,1.62,18.83,8.89,None,0,0.1849,None,0.15,1.96,None
2001-06-30,125692218,125692218,1,18715683000,None,13036369000,None,5637736000,41578000,0,1575275000,0,791719000,128606000,128606000,1.03,1.01,0.46,234003000,-235935000,740948000,739695000,1676981000,0,75.39,83.6,67.18,0.0873,0.028,44.85,1.68,18.99,8.43,0.4671,0,0.3012,0.1688,0.17,1.86,None
2001-03-31,125172744,125172744,1,17630454000,None,11968648000,None,5619576000,42230000,0,1587467000,0,767133000,218929000,218929000,1.76,1.73,0.46,200559000,-205492000,12884000,6817000,937286000,0,77.55,87.5,67.6,0.0905,0.0299,44.89,1.76,19.34,7.97,0.45,0,0.3187,0.181,0.17,1.6,None
2000-12-31,125337654,125337654,1,16941952000,None,11368284000,None,5532606000,41062000,0,1591108000,0,634724000,648000,648000,0,0.01,0.45,217790000,-195670000,-21247000,-1033000,930469000,0,78.97,88.56,69.38,0.0917,0.0308,44.14,1.77,21,7.51,0.4427,0,0.3266,0.1863,0.17,1.74,None
2000-09-30,124364866,124364866,1,16368953000,None,10802386000,None,5549071000,17496000,0,1595132000,0,694581000,139461000,139461000,1.13,1.1,0.45,176159000,-65522000,-53184000,57355000,931502000,0,66.56,78.19,54.94,0.0847,0.0293,44.62,1.51,17.84,7.06,0.4756,0,0.339,0.1523,0.19,1.42,None
2000-06-30,123910368,123910368,1,16139372000,None,10666227000,None,5455449000,17696000,0,1609037000,0,673986000,142484000,142484000,1.15,1.13,0.45,-116347000,204081000,-57072000,29851000,874147000,0,53.38,61,45.75,0.085,0.0303,44.03,1.2,12.74,6.61,0.4781,0,0.338,0.1539,0.2,-0.94,None
2000-03-31,124489059,124489059,1,16208940000,None,10633314000,None,5558453000,17173000,0,1621513000,0,714168000,223759000,223759000,1.78,1.77,0.45,-15151000,517198000,-217766000,286547000,844296000,0,47.47,55.38,39.56,0.0942,0.0357,44.65,1.07,11.55,6.16,0.4438,0,0.3429,0.1801,0.2,-0.12,None
1999-12-31,124466504,124466504,1,15090912000,None,9513834000,None,5534555000,42523000,0,1626946000,0,988089000,-37882000,-37882000,-0.24,-0.24,0.44,-64090000,122198000,1352000,60173000,557749000,0,51.5,58.06,44.94,0.0914,0.0372,44.47,1.23,8.71,5.71,0.4588,0,0.3667,0.1874,0.2,-0.51,None
1999-09-30,127602601,127602601,1,14097842000,None,8691667000,None,5364254000,41921000,0,1630752000,0,650790000,137402000,137402000,1.08,1.07,0.44,236921000,76413000,-416163000,-102829000,497576000,0,49.94,57.69,42.19,0.138,0.0601,42.04,1.3,8.69,5.27,0.3072,0,0.3805,0.3549,0.17,1.86,None
1999-05-31,127465338,127465338,1,10848076000,None,5924318000,None,4881894000,41864000,0,1496959000,0,437785000,179256000,179256000,1.62,1.59,0.44,149657000,-102332000,-8141000,39184000,563737000,0,61.63,66.5,56.75,0.1334,0.0611,38.3,1.42,10.04,4.83,0.313,0,0.45,0.4169,0.15,1.17,None
1999-02-28,111055419,111055419,1,10519145000,None,5666271000,None,4811389000,41485000,0,1486794000,0,434323000,191733000,191733000,1.71,1.69,0.44,173147000,392000,-92640000,80899000,524553000,0,65.97,75.19,56.75,0.1478,0.067,43.32,1.54,10.54,4.39,0.2815,0,0.4574,0.4533,0.15,1.56,None
1998-11-30,111539400,111539400,1,10108650000,None,5290770000,None,4771100000,46780000,0,1500404000,0,405031000,175861000,175861000,1.57,1.56,0.44,157605000,-157004000,-107031000,-106430000,443654000,0,70.81,77.69,63.94,0.1598,0.071,42.78,1.73,10.96,3.95,0.2734,0,0.472,0.4826,0.15,1.41,None
1998-08-31,110015535,110015535,1,9945480000,None,5418016000,None,4500308000,27156000,0,1527873000,0,240396000,85830000,85830000,0.94,0.91,0.4,113670000,-95043000,-113853000,-95226000,550084000,0,72.69,83.25,62.13,0.1815,0.0773,40.91,2.18,9.13,3.51,0.2585,0,0.4525,0.5106,0.15,1.03,None
1998-05-31,84315873,84315873,1,6677561000,None,3843440000,None,2806829000,27292000,0,260843000,0,296653000,170562000,170562000,2.02,1.98,0.4,62325000,197961000,-22511000,237775000,645310000,0,76.53,80.81,72.25,0.2663,0.1099,33.29,2.46,9.07,3.11,0.188,0,0.4203,0.5751,0.19,0.74,None
1998-02-28,84660852,84660852,1,6389654000,None,3727598000,None,2635087000,26969000,0,265731000,0,275568000,155410000,155410000,1.84,1.81,0.4,98270000,-15328000,-70006000,12936000,407535000,0,68.56,77.5,59.63,0.3009,0.1231,31.13,2.36,8.72,2.71,0.168,0,0.4124,0.5949,0.21,1.16,None
1997-11-30,84546800,84546800,1,6088462000,None,3609332000,None,2453242000,25888000,0,267695000,0,289073000,150703000,150703000,1.76,None,0.4,79744000,-145757000,-38519000,-104532000,394599000,0,59.53,64,55.06,0.297,0.1222,29.02,2.12,7.81,2.31,0.1702,0,0.4029,0.5841,0.21,0.94,None
1997-08-31,84408677,84408677,1,5705690000,None,3336299000,None,2369391000,0,0,263071000,0,326762000,206560000,206560000,2.41,None,0.32,148299000,-304292000,74835000,-81158000,499131000,0,51,57.5,44.5,0.3006,0.1251,28.07,1.98,8.6,1.91,0.156,0,0.4153,0.5863,0.21,1.76,None
1997-05-31,84366824,84366824,1,5347355000,None,3176947000,None,2170408000,0,0,0,0,326029000,211580000,211580000,2.46,None,0.32,70911000,127961000,-55206000,143666000,580289000,0,41.75,44.5,39,0.252,None,25.73,1.68,9.45,1.59,0.1888,0,0.4059,0.5273,0.2,0.84,None
1997-02-28,85594021,85594021,1,5025329000,None,2900536000,None,2124793000,0,0,0,0,217162000,108118000,108118000,1.23,None,0.32,129288000,128900000,-74299000,183889000,436623000,0,40.75,45,36.5,0.1994,None,24.82,1.66,7.61,1.27,0.2359,0,0.4228,0.455,0.18,1.51,None
1996-11-30,86290820,86290820,1,5031538000,None,2915500000,None,2116038000,0,0,0,0,255738000,133693000,133693000,1.52,None,0.25,197749000,-201922000,-31583000,-35756000,252734000,0,36.01,40.13,31.88,None,None,24.52,1.74,None,0.95,0.1713,0,0.4206,None,None,2.29,None
1996-08-31,87215464,87215464,1,4549493000,None,2739787000,None,1809706000,0,0,0,0,183325000,64545000,64545000,0.72,None,0.25,137177000,69819000,-118630000,88366000,288490000,0,34.88,36.69,33.06,None,None,20.75,1.67,None,0.7,None,0,0.3978,None,None,1.57,None
1996-05-31,44965251,89930502,2,4528067000,None,2647900000,None,1880167000,0,0,0,0,212685000,88986000,88986000,1.9,None,0.5,-10571000,-223269000,-172363000,-406203000,200124000,0,35.26,36.38,34.13,None,None,20.91,1.63,None,0.45,None,0,0.4152,None,None,-0.12,None
1996-02-29,47023500,94047000,2,4853821000,None,2817936000,None,2035885000,0,0,0,0,330203000,207089000,207089000,4.33,None,0.4,109114000,-136960000,-39260000,-67106000,606327000,0,32.88,35.94,29.81,None,None,21.65,None,None,0.2,None,0,0.4194,None,None,1.16,None
