"Quarter end","Shares","Shares split adjusted","Split factor","Assets","Current Assets","Liabilities","Current Liabilities","Shareholders equity","Non-controlling interest","Preferred equity","Goodwill & intangibles","Long-term debt","Revenue","Earnings","Earnings available for common stockholders","EPS basic","EPS diluted","Dividend per share","Cash from operating activities","Cash from investing activities","Cash from financing activities","Cash change during period","Cash at end of period","Capital expenditures","Price","Price high","Price low","ROE","ROA","Book value of equity per share","P/B ratio","P/E ratio","Cumulative dividends per share","Dividend payout ratio","Long-term debt to equity ratio","Equity to assets ratio","Net margin","Asset turnover","Free cash flow per share","Current ratio"
2019-06-29,198077418,198077418,1,5524783000,2460578000,1373817000,1027701000,4150966000,0,0,653014000,0,954840000,223656000,223656000,1.18,1.17,2.28,110636000,-313778000,-95496000,-295845000,820254000,30617000,82.88,89.72,76.03,0.1781,0.1387,20.96,3.8,22.28,23.06,1.0492,0,0.7513,0.2132,0.65,0.4,2.3943
2019-03-30,198077418,198077418,1,5280145000,2512137000,964859000,622526000,4315286000,0,0,411162000,0,766050000,140173000,140173000,0.74,0.74,0.53,164582000,-32621000,-213381000,-85706000,1116099000,30460000,73.94,86.69,61.18,0.1742,0.1359,21.79,3.52,20.2,20.78,0.6014,0,0.8173,0.2072,0.66,0.68,4.0354
2018-12-29,198077418,198077418,1,5382858000,2665368000,1219884000,921313000,4162974000,0,0,417080000,0,932109000,190150000,190150000,1,1.01,0.59,217738000,-68688000,2373000,145263000,1201805000,34223000,65.38,70.77,59.98,0.1749,0.1366,21.02,3.28,19.34,20.25,0.605,0,0.7734,0.2073,0.66,0.93,2.893
2018-09-29,198077418,198077418,1,5095967000,2400619000,1143259000,854026000,3952708000,0,0,424776000,0,810011000,184214000,184214000,0.98,0.97,0.51,263719000,-52921000,-99690000,109675000,1056542000,30290000,65.42,70.75,60.09,0.1657,0.1289,19.96,3.45,20.51,19.66,0.6287,0,0.7757,0.1945,0.66,1.18,2.8109
2018-06-30,198077418,198077418,1,4988720000,2323582000,1229839000,929147000,3758881000,0,0,409459000,0,894452000,190342000,190342000,1.01,1,0.51,223873000,-73270000,-88062000,47607000,946867000,66405000,59.89,62.78,57.01,0.1595,0.1231,18.98,2.97,19.32,19.15,0.6669,0,0.7535,0.1872,0.66,0.79,2.5008
2018-03-31,198077418,198077418,1,4855222000,2191283000,858029000,557843000,3997193000,0,0,421006000,0,710872000,129374000,129374000,0.69,0.68,0.51,214190000,-112624000,-100782000,7501000,899260000,27837000,61.81,65.96,57.66,0.1572,0.1206,20.18,3.22,16.8,18.64,0.6889,0,0.8233,0.1856,0.65,0.94,3.9281
2017-12-30,198077418,198077418,1,5010260000,2363925000,1207794000,828656000,3802466000,0,0,409801000,0,888496000,138780000,138780000,0.74,0.73,0.51,198265000,-105450000,-93300000,209000,891488000,57551000,58.38,62.92,53.83,0.19,0.1448,19.2,3.18,15.86,18.13,0.5814,0,0.7589,0.2251,0.64,0.71,2.8527
2017-09-30,198077418,198077418,1,4835391000,2332474000,1195706000,846045000,3639685000,0,0,313269000,0,743077000,147413000,147413000,0.79,0.78,0.51,198750000,-70398000,-106198000,31719000,891279000,47989000,52.02,54.04,49.99,0.1945,0.1481,18.38,2.96,14.61,17.62,0.5833,0,0.7527,0.2265,0.65,0.76,2.7569
2017-07-01,198077418,198077418,1,4748772000,2304934000,1264325000,928509000,3484447000,0,0,309318000,0,816885000,170950000,170950000,0.91,0.91,0.51,143432000,-5408000,-121561000,25983000,859560000,19274000,51.13,53.58,48.69,0.192,0.1452,17.59,2.74,14.61,17.11,0.6027,0,0.7338,0.2206,0.66,0.63,2.4824
2017-04-01,198077418,198077418,1,4600681000,2156910000,898619000,571459000,3702062000,0,0,303414000,0,638546000,237812000,237812000,1.26,1.26,0.51,120395000,-13280000,-127353000,-13306000,833577000,26753000,50.75,54.15,47.35,0.1928,0.1448,18.69,2.94,18.8,16.6,0.6195,0,0.8047,0.2178,0.66,0.47,3.7744
2016-12-31,198077418,198077418,1,4525133000,2263016000,1107130000,782735000,3418003000,0,0,305002000,0,860766000,136604000,136604000,0.74,0.73,0.51,213316000,-45603000,-217515000,-65676000,846883000,49151000,49.94,52.87,47.01,0.1521,0.1132,17.26,2.94,18.77,16.09,0.811,0,0.7553,0.1692,0.67,0.83,2.8912
2016-09-24,198077418,198077418,1,4591906000,2247459000,1229677000,919995000,3362229000,0,0,301983000,0,722250000,125054000,125054000,0.66,0.66,0.51,212994000,8553000,-114752000,111095000,912559000,15403000,47.72,55.75,39.68,0.1516,0.1124,16.97,3.08,18.14,15.58,0.8278,0,0.7322,0.1724,0.65,1,2.4429
2016-06-25,208077418,208077418,1,4527583000,2212587000,1308748000,1010429000,3218835000,0,0,303348000,0,811609000,161064000,161064000,0.85,0.85,0.51,149985000,-93118000,-113136000,-56215000,801464000,15821000,41.49,43.88,39.1,0.1514,0.1124,15.47,2.51,16.6,15.07,0.8475,0,0.7109,0.1729,0.65,0.64,2.1898
2016-03-26,208077418,208077418,1,4410324000,2129133000,973077000,680720000,3437247000,0,0,306303000,0,624040000,88092000,88092000,0.46,0.46,0.51,129387000,8631000,-116273000,24609000,857679000,15624000,36.86,41.44,32.29,0.1444,0.1078,16.52,2.29,15.42,14.56,0.8889,0,0.7794,0.167,0.65,0.55,3.1278
2015-12-26,208077418,208077418,1,4499391000,2211087000,1154265000,865998000,3345126000,0,0,187791000,0,781356000,132382000,132382000,0.69,0.69,0.51,158336000,-114787000,-120358000,-81837000,833070000,21116000,35.33,38.27,32.38,0.1376,0.1022,16.08,2.27,12.66,14.05,0.9167,0,0.7435,0.1618,0.63,0.66,2.5532
2015-09-26,208077418,208077418,1,4388472000,2231953000,1153787000,894656000,3234685000,0,0,220848000,0,679690000,119299000,119299000,0.63,0.63,0.51,137835000,-4278000,-148073000,-23276000,914907000,14438000,40.92,46.4,35.45,0.1603,0.1184,15.55,2.65,29.23,13.54,0.7714,0,0.7371,0.1879,0.63,0.59,2.4948
2015-06-27,208077418,208077418,1,4423409000,2283296000,1214904000,961681000,3208505000,0,0,222968000,0,773830000,137753000,137753000,0.72,0.72,0.51,-97359000,-16091000,-123993000,-233205000,938183000,22810000,46.17,48.13,44.21,0.0804,0.0585,15.42,2.76,28.68,13.03,1.5142,0,0.7253,0.0934,0.63,-0.58,2.3743
2015-03-28,208077418,208077418,1,4543279000,2500307000,1065649000,824261000,3477630000,0,0,224381000,0,585394000,66793000,66793000,0.35,0.35,0.48,81655000,23177000,-107668000,-24880000,1171388000,18196000,52.14,56.81,47.47,0.0918,0.067,16.71,3.19,27.88,12.52,1.2797,0,0.7654,0.1087,0.62,0.3,3.0334
2014-12-27,208077418,208077418,1,4693303000,2510976000,1289936000,1033261000,3403367000,0,0,218083000,0,803306000,210244000,210244000,1.1,1.09,0.48,145017000,14898000,-96048000,41710000,1196268000,13808000,54.49,59.63,49.35,0.105,0.0773,16.36,3.5,33.84,12.04,1.0798,0,0.7252,0.1269,0.61,0.63,2.4301
2014-09-27,208077418,208077418,1,4669364000,2421485000,1432951000,1123483000,3236413000,0,0,221566000,0,706283000,-146834000,-146834000,-0.76,-0.76,0.48,142342000,-39231000,-169224000,-80328000,1154558000,25855000,56.22,61.69,50.75,0.0899,0.0667,15.55,3.36,16.88,11.56,1.2188,0,0.6931,0.1123,0.59,0.56,2.1553
2014-06-28,208077418,208077418,1,4741802000,2496569000,1261186000,969250000,3480616000,0,0,213242000,0,777848000,181983000,181983000,0.94,0.93,0.48,164179000,152103000,-216759000,98195000,1234886000,21609000,57.74,61.24,54.24,0.1805,0.136,16.73,3.2,17.6,11.08,0.584,0,0.734,0.2359,0.58,0.69,2.5758
2014-03-29,208077418,208077418,1,4738914000,2387495000,986544000,697108000,3752370000,0,0,216260000,0,583221000,118818000,118818000,0.61,0.61,0.45,71173000,3562000,-117591000,-42458000,1136691000,16039000,49.83,56.02,43.63,0.1793,0.135,18.03,2.83,15.97,10.6,0.5829,0,0.7918,0.2395,0.56,0.26,3.4249
2013-12-28,208077418,208077418,1,4879603000,2595636000,1219897000,905304000,3659706000,0,0,219494000,0,759694000,163586000,163586000,0.84,0.83,0.45,149813000,84964000,-122656000,110449000,1179149000,13486000,47.52,49.33,45.7,0.1725,0.1298,17.59,2.78,16.16,10.15,0.6116,0,0.75,0.2327,0.56,0.66,2.8671
2013-09-28,208077418,208077418,1,4823226000,2444638000,1265722000,974033000,3557504000,0,0,221979000,0,643637000,187669000,187669000,0.96,0.96,0.45,216610000,-229186000,-8090000,-14790000,1068700000,12501000,40.19,45.42,34.96,0.1643,0.1229,17.1,2.48,14.89,9.7,0.6479,0,0.7376,0.2189,0.56,0.98,2.5098
2013-06-29,208077418,208077418,1,4599181000,2346259000,1232824000,889735000,3366357000,0,0,220531000,0,696563000,172491000,172491000,0.88,0.88,0.45,204298000,-112265000,-101806000,-9950000,1083490000,18382000,34.74,36.88,32.6,0.1527,0.114,16.18,2,12.54,9.25,0.7056,0,0.7319,0.1988,0.57,0.89,2.637
2013-03-30,208077418,208077418,1,4570420000,2313955000,952095000,605101000,3618325000,0,0,223316000,0,531957000,88666000,88666000,0.45,0.45,0.45,59363000,-17955000,-174286000,-137740000,1093440000,11951000,37.61,42.25,32.97,0.1583,0.1178,17.39,2.22,13.63,8.8,0.6882,0,0.7917,0.2022,0.58,0.23,3.8241
2012-12-29,208077418,208077418,1,4819124000,2536120000,1287328000,909026000,3531796000,0,0,232597000,0,768548000,129294000,129294000,0.66,0.65,0.45,174711000,-191629000,-2702000,-15893000,1231180000,12441000,39.42,42.73,36.12,0.1606,0.119,16.97,2.42,13.32,8.35,0.6713,0,0.7329,0.1997,0.6,0.78,2.7899
2012-09-29,208077418,208077418,1,4630742000,2473048000,1242995000,883554000,3387747000,0,0,252895000,0,672376000,140347000,140347000,0.72,0.72,0.45,164901000,-104350000,-86486000,-20646000,1247073000,9936000,39.15,42.45,35.84,0.1749,0.1294,16.28,2.54,13.01,7.9,0.7551,0,0.7316,0.2026,0.64,0.74,2.799
2012-06-30,208077418,208077418,1,4462762000,2381214000,1252075000,901952000,3210687000,0,0,246335000,0,718154000,185904000,185904000,0.95,0.95,0.45,222905000,-145403000,-86178000,-18072000,1267719000,13409000,43.05,49.33,36.76,0.1823,0.1338,15.43,2.65,16.43,7.45,0.866,0,0.7194,0.2065,0.65,1.01,2.6401
2012-03-31,208077418,208077418,1,4324793000,2349266000,945388000,594542000,3379405000,0,0,254937000,0,556597000,86858000,86858000,0.45,0.44,0.4,122228000,-54846000,-74483000,-1369000,1285791000,8685000,44.11,48.86,39.36,0.1618,0.1182,16.24,2.82,16.52,7,0.8124,0,0.7814,0.1825,0.65,0.55,3.9514
2011-12-31,208077418,208077418,1,4471338000,2556284000,1214757000,858279000,3256581000,0,0,252163000,0,909644000,165556000,165556000,0.85,0.85,0.8,224858000,-164029000,-159364000,-102246000,1287160000,6038000,35.5,40.39,30.6,0.1669,0.123,15.65,2.41,14.2,6.6,0.6391,0,0.7283,0.1888,0.65,1.05,2.9784
2011-09-24,208077418,208077418,1,4334885000,2553914000,1266693000,914072000,3068192000,0,0,263221000,0,666992000,150381000,150381000,0.78,0.77,0.8,186523000,-49820000,-153247000,-29465000,1389406000,20819000,31.94,33.74,30.14,0.1591,0.1187,14.75,2.24,10.11,5.8,0.3409,0,0.7078,0.1817,0.65,0.8,2.794
2011-06-25,208077418,208077418,1,4198455000,2462527000,1235761000,916087000,2962694000,0,0,189309000,0,674099000,109477000,109477000,0.56,0.56,0,203354000,216000,1370000,208256000,1418871000,4511000,33.93,35.31,32.55,0.2049,0.1565,14.24,2.21,10.38,5,0,0,0.7057,0.2277,0.69,0.96,2.6881
2011-03-26,208077418,208077418,1,3937509000,2192837000,744280000,469913000,3193229000,0,0,189479000,0,507834000,95482000,95482000,0.49,0.49,0,207599000,-274565000,3828000,-50321000,1210615000,9804000,32.49,34.77,30.21,0.2189,0.1712,15.35,2.22,10.94,5,0.4541,0,0.811,0.2323,0.74,0.95,4.6665
2010-12-25,208077418,208077418,1,3988688000,2498755000,939126000,669037000,3049562000,0,0,185152000,0,837715000,132907000,132907000,0.7,0.68,0,184422000,-164274000,2914000,24971000,1260936000,5102000,31.26,34,28.52,0.2105,0.1598,14.66,2.12,8.54,5,0.4993,0,0.7646,0.2173,0.74,0.86,3.7349
2010-09-25,193429075,193429075,1,3658018000,2371398000,807769000,569527000,2850249000,0,0,198191000,0,692364000,279551000,279551000,1.43,1.43,0,204348000,-13545000,-137654000,62796000,1235965000,9425000,29.08,31.6,26.55,0.2681,0.2019,14.74,2.13,8.81,5,0.6056,0,0.7792,0.2508,0.81,1.01,4.1638
2010-06-26,194596361,194596361,1,3431359000,2159517000,779745000,436436000,2651614000,0,0,187419000,0,728765000,134816000,134816000,0.68,0.67,1.5,181736000,41038000,-333008000,-118174000,1173169000,12485000,35.18,39.14,31.22,0.2512,0.1859,13.63,2.74,10.23,5,0.6642,0,0.7728,0.2219,0.84,0.87,4.9481
2010-03-27,199171926,199171926,1,3551528000,2209359000,996593000,679556000,2554935000,0,0,207074000,0,431067000,37329000,37329000,0.19,0.19,0,200131000,63912000,-43073000,199762000,1291343000,8964000,35.32,39.94,30.7,0.2662,0.1974,12.83,2.49,10.12,3.5,0.2169,0,0.7194,0.2356,0.84,0.96,3.2512
2009-12-26,200344095,200344095,1,3825874000,2393871000,989427000,683668000,2836447000,0,0,221656000,0,1059383000,278408000,278408000,1.39,1.37,0.75,245901000,10547000,-165190000,79818000,1091581000,13858000,33.21,39.58,26.84,0.2784,0.212,14.16,2.61,11.57,3.5,0.2134,0,0.7414,0.2389,0.89,1.16,3.5015
2009-09-26,200669045,200669045,1,3516551000,2078936000,961153000,712045000,2555398000,0,0,220955000,0,781254000,215133000,215133000,1.07,1.07,0,292867000,-258195000,1709000,52854000,1011763000,19559000,29.95,37.23,22.67,0.2455,0.1885,12.73,2.44,11.43,2.75,0.2577,0,0.7267,0.1987,0.95,1.36,2.9197
2009-06-27,200512323,200512323,1,3144366000,1944804000,682210000,429538000,2462156000,0,0,229535000,0,669104000,161871000,161871000,0.81,0.81,0,256272000,-234232000,3942000,36580000,958909000,10214000,22.86,25.99,19.74,0.2374,0.1816,12.28,2.03,7.62,2.75,0.2786,0,0.783,0.1783,1.02,1.23,4.5277
2009-03-28,200291184,200291184,1,2794189000,1827832000,535716000,302162000,2258473000,0,0,220212000,0,436699000,48538000,48538000,0.24,0.24,0,299416000,-65989000,-1704000,225994000,922329000,13136000,19.32,23.48,15.17,0.2837,0.2136,11.28,1.74,5.63,2.75,0.2372,0,0.8083,0.1939,1.1,1.43,6.0492
2008-12-27,200392897,200392897,1,2924581000,1984425000,698727000,479176000,2225854000,0,0,230954000,0,1048246000,157733000,157733000,0.78,0.75,0.75,349461000,30809000,-193375000,174795000,696335000,9132000,24.78,34.34,15.22,0.3206,0.2412,11.11,2.34,6.15,2.75,0.2051,0,0.7611,0.2097,1.15,1.7,4.1413
2008-09-27,202540334,202540334,1,3015313000,2036578000,875473000,697042000,2139840000,0,0,214372000,0,870355000,171244000,171244000,0.83,0.82,0,232522000,-17558000,-305364000,-102942000,521540000,30563000,40.41,48.7,32.11,0.3808,0.2819,10.57,3.63,9.88,2,0,0,0.7097,0.2409,1.17,1,2.9217
2008-06-28,207269130,207269130,1,3132031000,2117571000,822378000,673468000,2309653000,0,0,214186000,0,911671000,256092000,256092000,1.2,1.19,0,87716000,146764000,-222419000,25667000,624482000,53227000,48.66,56.41,40.9,0.3971,0.2978,11.14,4.25,12.54,2,0.1798,0,0.7374,0.2569,1.16,0.17,3.1443
2008-03-29,215664004,215664004,1,3083398000,1931125000,615953000,466713000,2467445000,0,0,215770000,0,663805000,147779000,147779000,0.68,0.67,0,192465000,-216364000,-86893000,-108874000,598815000,26682000,75.05,97,53.1,0.3955,0.3011,11.44,6.93,19.49,2,0.1885,0,0.8002,0.2574,1.17,0.77,4.1377
2007-12-29,217034785,217034785,1,3291460000,2332775000,940846000,801883000,2350614000,0,0,196030000,248000,1217021000,307267000,307267000,1.42,1.35,0,126183000,-117858000,-4502000,3940000,707689000,27879000,103.06,123.8,82.32,0.4298,0.3289,10.83,11.26,31.14,2,0.1902,0.0001,0.7142,0.2688,1.22,0.45,2.9091
2007-09-29,216882131,216882131,1,2645500000,1857932000,660289000,567962000,1985211000,0,0,163675000,603000,728673000,193507000,193507000,0.89,0.88,0.75,133766000,48310000,-146261000,36078000,703749000,16873000,98.16,121.14,75.18,0.4065,0.3234,9.15,11.04,32.83,2,0.3719,0.0003,0.7504,0.2828,1.14,0.54,3.2712
2007-06-30,216640909,216640909,1,2444601000,1688309000,519632000,428152000,1924969000,0,0,145990000,248000,742466000,214377000,214377000,0.99,0.98,0,253469000,-75005000,9628000,188291000,667671000,99621000,63.86,75.03,52.69,0.4034,0.3224,8.89,8.15,24.85,1.25,0.1644,0.0001,0.7874,0.2917,1.11,0.71,3.9432
2007-03-31,216296829,216296829,1,2017168000,1270538000,321486000,243420000,1695682000,0,0,149396000,233000,492159000,139860000,139860000,0.65,0.64,0,168670000,-31142000,5018000,142059000,479380000,12399000,53.42,57.66,49.19,0.3859,0.3072,7.84,7.42,22.93,1.25,0.1909,0.0001,0.8406,0.2914,1.05,0.72,5.2195
2006-12-30,216226811,216226811,1,1897020000,1169084000,339121000,337682000,1557899000,0,0,67580000,248000,611224000,180343000,180343000,0.84,0.81,0.5,112730000,-27754000,-99694000,-14402000,337321000,47354000,50.71,56.89,44.53,0.378,0.3011,7.2,8.17,26.55,1.25,0.2103,0.0002,0.8212,0.2898,1.04,0.3,3.4621
2006-09-30,215834244,215834244,1,1799537000,1132345000,458165000,445165000,1341372000,0,0,31417000,0,407997000,122978000,122978000,0.57,0.56,0,116749000,-89164000,-49423000,-22221000,351723000,18864000,47.65,54.1,41.2,0.334,0.2675,6.21,8.09,26.18,0.75,0,0,0.7454,0.284,0.94,0.45,2.5437
2006-07-01,108459956,216919912,2,1661857000,1023863000,384990000,373640000,1276867000,0,0,33017000,0,432468000,123286000,123286000,1.14,1.12,0,76160000,-22295000,5425000,59321000,373944000,11744000,47.36,54.75,39.97,0.336,0.2761,5.89,8.12,29.6,0.75,0.1348,0,0.7683,0.3021,0.91,0.3,2.7402
2006-04-01,108389191,216778382,2,1471499000,844460000,206813000,197083000,1264686000,0,0,34432000,0,322311000,87516000,87516000,0.81,0.8,0,56216000,-87172000,11042000,-19729000,314623000,14868000,36.07,42.39,29.75,0.3082,0.2618,5.83,6.74,25.49,0.75,0.1536,0,0.8595,0.3035,0.86,0.19,4.2848
2005-12-31,108208680,216417360,2,1362235000,801167000,204971000,195485000,1157264000,0,0,35866000,0,319296000,87134000,87134000,0.81,0.78,0,71662000,-20223000,-48521000,3107000,334352000,6620000,31.26,35.2,27.32,0.2898,0.2465,5.35,6.32,25.31,0.75,0.1734,0,0.8495,0.3028,0.81,0.3,4.0984
2005-09-24,107937085,215874170,2,1304726000,757723000,236294000,222191000,1068432000,0,0,34919000,0,251329000,102490000,102490000,0.95,0.94,0.5,85936000,-40890000,-12913000,31012000,331245000,4731000,27.11,33.67,20.54,0.2667,0.2262,4.95,5.47,25.22,0.75,0.1986,0,0.8189,0.2923,0.77,0.38,3.4102
2005-06-25,107823130,215646260,2,1229223000,719310000,159391000,154290000,1069832000,0,0,36715000,0,264497000,74194000,74194000,0.68,0.68,0,46560000,15070000,-10607000,51040000,300233000,4002000,21.45,23.16,19.75,0.2448,0.2074,4.96,4.65,21.56,0.5,0.2288,0,0.8703,0.2711,0.77,0.2,4.6621
2005-03-26,108432680,216865360,2,1153231000,623565000,152884000,147550000,1000347000,0,0,47992000,0,192651000,47401000,47401000,0.44,0.43,0,42847000,-45138000,1104000,-716000,249193000,11777000,27.23,31,23.47,0.2403,0.2033,4.61,6.3,28.97,0.5,0.2475,0,0.8674,0.2741,0.74,0.14,4.2261
2004-12-25,108421710,216843420,2,1117391000,636971000,181534000,176267000,935857000,0,0,49485000,0,220949000,47601000,47601000,0.44,0.42,0,29536000,-31375000,-48952000,-47595000,249909000,20314000,25.27,30.87,19.66,0.2397,0.2035,4.32,6.38,25.79,0.5,0.2629,0,0.8375,0.2698,0.75,0.04,3.6137
2004-09-25,108143628,216287256,2,1058051000,621622000,202450000,195947000,855601000,0,0,48759000,0,193616000,67128000,67128000,0.62,0.62,0.5,79047000,-23958000,262000,54788000,297504000,16137000,18.21,20.66,15.76,0.2621,0.2249,3.96,4.67,21.94,0.5,0.2542,0,0.8087,0.2988,0.75,0.29,3.1724
2004-06-26,108120043,216240086,2,968966000,542697000,125101000,124486000,843865000,0,0,62177000,0,189655000,56315000,56315000,0.52,0.52,0,48078000,-83886000,-3136000,-39650000,242716000,23915000,18.2,22.23,14.18,0.2349,0.2038,3.9,4.95,23.18,0.25,0.2987,0,0.8709,0.2767,0.74,0.11,4.3595
2004-03-27,108206200,216412400,2,898900000,545413000,102291000,99324000,796609000,0,0,42118000,0,158329000,34656000,34656000,0.32,0.32,0,52275000,-45098000,680000,8037000,282366000,17754000,24.8,29.73,19.86,0.2343,0.2049,3.68,7.17,30.43,0.25,0.3145,0,0.8862,0.2828,0.72,0.16,5.4913
2003-12-27,108201576,216403152,2,856945000,539928000,107255000,104434000,749690000,0,0,42311000,0,170144000,54586000,54586000,0.5,0.5,0,49146000,31695000,-51578000,29656000,274329000,14885000,24.42,28,20.84,0.2569,0.2237,3.46,7.66,31.71,0.25,0.3025,0,0.8748,0.3118,0.72,0.16,5.17
2003-09-27,108065397,216130794,2,824987000,503541000,135599000,132836000,689388000,0,0,43296000,0,135562000,35308000,35308000,0.33,0.32,0.5,37567000,-60131000,96000,-21806000,244673000,9761000,20.71,23.3,18.13,0.2574,0.2234,3.19,6.41,26.22,0.25,0.3188,0,0.8356,0.3159,0.71,0.13,3.7907
2003-06-28,108037137,216074274,2,773602000,488976000,76601000,74662000,697001000,0,0,21696000,0,143495000,47246000,47246000,0.44,0.43,0,46103000,-12811000,-18982000,15331000,266479000,3462000,21.32,25.13,17.52,0.2755,0.2432,3.23,7.13,29.41,0,0,0,0.901,0.3393,0.72,0.2,6.5492
2003-03-29,107990527,215981054,2,738899000,465909000,93106000,70828000,645793000,0,0,24598000,20000000,123788000,41494000,41494000,0.38,0.38,0,42364000,-9185000,685000,34380000,251148000,4648000,16.24,18.45,14.04,0.2696,0.2367,2.99,5.82,24.61,0,0,0.031,0.874,0.3228,0.73,0.17,6.578
2002-12-28,107959367,215918734,2,698115000,465226000,95616000,73405000,602499000,0,0,24479000,20000000,133694000,45462000,45462000,0.41,0.41,0,45526000,-24337000,1639000,22324000,216768000,5489000,12.08,15.16,9,0.2628,0.2291,2.79,4.65,20.65,0,0,0.0332,0.863,0.307,0.75,0.19,6.3378
2002-09-28,107805027,215610054,2,628838000,379122000,67838000,48097000,561000000,0,0,25594000,18666000,107756000,38428000,38428000,0.36,0.36,0,51236000,4347000,431000,47869000,194444000,1469000,10,10.95,9.05,0.2477,0.2155,2.6,4.08,19.23,0,0,0.0333,0.8921,0.2954,0.73,0.23,7.8824
2002-06-29,107798768,215597536,2,596708000,416145000,68640000,48274000,528068000,0,0,28448000,18666000,122838000,32146000,32146000,0.3,0.3,0,30320000,-108108000,-9380000,-79304000,146575000,1805000,11.5,12.1,10.9,0.2351,0.2016,2.45,5.16,21.3,0,0,0.0353,0.885,0.2774,0.73,0.13,8.6205
2002-03-30,107792368,215584736,2,569479000,367065000,87824000,58183000,481655000,0,0,16388000,28011000,100856000,26761000,26761000,0.25,0.25,0,48326000,-12974000,-2851000,33037000,225879000,3643000,10.42,11.46,9.38,0.26,None,2.23,4.94,19.85,0,0,0.0582,0.8458,0.3028,0.72,0.21,6.3088
2001-12-29,107779568,215559136,2,532155000,352735000,78186000,49028000,453969000,0,0,16985000,28011000,93021000,28045000,28045000,0.26,0.26,0,34374000,-141375000,-11332000,-120427000,192842000,4060000,9.21,10.66,7.75,0.2671,None,2.11,4.49,None,0,0,0.0617,0.8531,0.3073,0.73,0.14,7.1946
2001-09-29,107646911,215293822,2,523299000,439465000,82022000,37241000,441277000,0,0,15044000,35544000,86930000,25001000,25001000,0.23,0.23,0,47562000,-10486000,-2539000,34492000,313269000,1981000,9.44,11.68,7.2,None,None,2.05,4.94,None,0,None,0.0805,0.8433,None,None,0.21,11.8006
2001-06-30,108242111,216484222,2,498504000,423349000,84505000,37842000,413999000,0,0,6614000,37867000,103634000,36603000,36603000,0.34,0.34,0,40708000,-3717000,-6133000,25759000,278777000,4133000,10.67,12.34,9,None,None,1.91,5.93,None,0,None,0.0915,0.8305,None,None,0.17,11.1873
2001-03-31,108242111,216484222,2,478885000,402846000,88907000,36287000,389978000,0,0,7956000,43983000,85534000,23799000,23799000,0.22,0.22,0,7347000,-2812000,-2484000,1287000,253019000,4709000,10.53,12.56,8.5,None,None,1.8,6.23,None,0,None,0.1128,0.8143,None,None,0.01,11.1017
2000-12-30,108242111,216484222,2,463347000,388021000,98108000,42041000,365239000,0,0,4774000,46359000,None,None,None,None,None,0,None,None,None,None,251731000,0,9.85,10.6,9.1,None,None,1.69,None,None,0,None,0.1269,0.7883,None,None,None,9.2296
