"Quarter end","Shares","Shares split adjusted","Split factor","Assets","Current Assets","Liabilities","Current Liabilities","Shareholders equity","Non-controlling interest","Preferred equity","Goodwill & intangibles","Long-term debt","Revenue","Earnings","Earnings available for common stockholders","EPS basic","EPS diluted","Dividend per share","Cash from operating activities","Cash from investing activities","Cash from financing activities","Cash change during period","Cash at end of period","Capital expenditures","Price","Price high","Price low","ROE","ROA","Book value of equity per share","P/B ratio","P/E ratio","Cumulative dividends per share","Dividend payout ratio","Long-term debt to equity ratio","Equity to assets ratio","Net margin","Asset turnover","Free cash flow per share","Current ratio"
2019-05-04,267043142,267043142,1,14550000000,8014000000,11196000000,7171000000,3354000000,0,0,933000000,1193000000,9142000000,265000000,265000000,0.99,0.98,0.5,2000000,-192000000,-226000000,-417000000,1767000000,193000000,66.99,75.91,58.07,0.4732,0.1117,12.56,5.43,12.76,12.67,0.3279,0.3557,0.2305,0.0354,3.15,-0.72,1.1176
2019-02-02,267804388,267804388,1,12901000000,8870000000,9595000000,7513000000,3306000000,0,0,933000000,1332000000,14801000000,735000000,735000000,2.72,2.68,0.45,1301000000,-66000000,-492000000,745000000,2184000000,200000000,60.66,73.59,47.72,0.4531,0.1127,12.34,5.42,15.96,12.17,0.3353,0.4029,0.2563,0.0341,3.3,4.11,1.1806
2018-11-03,269101569,269101569,1,15000000000,10901000000,11988000000,9933000000,3012000000,0,0,939000000,1280000000,9590000000,277000000,277000000,1.01,0.99,0.45,-1000000,-626000000,-2000000,-629000000,1439000000,244000000,75.22,84.37,66.08,0.3305,0.0839,11.19,6.48,20.95,11.72,0.4268,0.425,0.2008,0.0252,3.33,-0.91,1.0975
2018-08-04,274557555,274557555,1,11993000000,8771000000,8807000000,7229000000,3186000000,0,0,443000000,801000000,9379000000,244000000,244000000,0.88,0.86,0.45,904000000,127000000,-1008000000,19000000,2068000000,194000000,73.72,79.9,67.55,0.2937,0.0813,11.6,6.02,21.68,11.27,0.4216,0.2514,0.2657,0.0244,3.33,2.59,1.2133
2018-05-05,279391918,279391918,1,12082000000,8930000000,8662000000,7055000000,3420000000,0,0,425000000,792000000,9109000000,208000000,208000000,0.74,0.72,0.45,204000000,1073000000,-516000000,749000000,2049000000,181000000,71.63,78.22,65.05,0.2627,0.0765,12.24,5.6,21.84,10.82,0.4147,0.2316,0.2831,0.0239,3.2,0.08,1.2658
2018-02-03,282713593,282713593,1,13049000000,9829000000,9437000000,7817000000,3612000000,0,0,443000000,811000000,15363000000,364000000,364000000,1.25,1.23,0.34,938000000,14000000,-962000000,0,1300000000,199000000,65.75,78.59,52.92,0.2408,0.0738,12.78,4.63,16.65,10.37,0.4009,0.2245,0.2768,0.0237,3.11,2.61,1.2574
2017-10-28,292326497,292326497,1,14785000000,11405000000,10633000000,9152000000,4152000000,0,0,425000000,784000000,9320000000,239000000,239000000,0.8,0.78,0.34,511000000,-308000000,-461000000,-261000000,1300000000,193000000,57.47,63.32,51.61,0.2808,0.0903,14.2,3.96,15.2,10.03,0.3148,0.1888,0.2808,0.0309,2.93,1.09,1.2462
2017-07-29,299184572,299184572,1,13444000000,10078000000,9097000000,7105000000,4347000000,0,0,425000000,1310000000,8940000000,209000000,209000000,0.69,0.67,0.34,449000000,-285000000,-461000000,-273000000,1561000000,141000000,56.12,61.95,50.29,0.269,0.0875,14.53,3.8,15.09,9.69,0.3171,0.3014,0.3233,0.03,2.91,1.03,1.4184
2017-04-29,304962371,304962371,1,12955000000,9656000000,8456000000,6470000000,4499000000,0,0,425000000,1302000000,8528000000,188000000,188000000,0.61,0.6,0.34,243000000,-423000000,-413000000,-599000000,1834000000,153000000,47.17,52.67,41.67,0.2669,0.0869,14.75,3.1,12.35,9.35,0.3091,0.2894,0.3473,0.0301,2.89,0.3,1.4924
2017-01-28,309110840,309110840,1,13856000000,10516000000,9147000000,7122000000,4709000000,0,0,425000000,1321000000,13482000000,607000000,607000000,1.94,1.9,0.28,1150000000,-31000000,-217000000,899000000,2240000000,81000000,43.25,49.4,37.1,0.2773,0.09,15.23,3.18,13.03,9.01,0.4062,0.2805,0.3399,0.0312,2.89,3.46,1.4766
2016-10-29,313826197,313826197,1,14542000000,11021000000,10281000000,8166000000,4261000000,0,0,443000000,1324000000,8945000000,194000000,194000000,0.61,0.61,0.28,107000000,-361000000,-254000000,-520000000,1341000000,169000000,36.3,40.58,32.02,0.2531,0.0812,13.58,2.67,11.82,8.73,0.4424,0.3107,0.293,0.0278,2.92,-0.2,1.3496
2016-07-30,317274411,317274411,1,13254000000,9694000000,8935000000,6800000000,4319000000,0,0,443000000,1341000000,8533000000,198000000,198000000,0.62,0.61,0.28,805000000,-453000000,-321000000,16000000,1861000000,140000000,31.2,33.63,28.76,0.232,0.0752,13.61,2.28,10.68,8.45,0.4633,0.3105,0.3259,0.0262,2.87,2.1,1.4256
2016-04-30,322752742,322752742,1,12901000000,9282000000,8475000000,6334000000,4426000000,0,0,443000000,1334000000,8443000000,229000000,229000000,0.71,0.7,0.73,483000000,-42000000,-612000000,-131000000,1845000000,136000000,30.53,34.95,26.1,0.2206,0.0723,13.71,2.25,11.83,8.17,0.4695,0.3014,0.3431,0.0253,2.86,1.08,1.4654
2016-01-30,323347681,323347681,1,13519000000,9886000000,9141000000,6925000000,4378000000,0,0,425000000,1339000000,13623000000,479000000,479000000,1.41,1.4,0.23,859000000,199000000,-754000000,279000000,1976000000,156000000,30.91,36.51,25.31,0.1938,0.0641,13.54,2.28,11.71,7.44,0.5502,0.3058,0.3238,0.0227,2.82,2.17,1.4276
2015-10-31,342719728,342719728,1,15175000000,11735000000,10525000000,8395000000,4650000000,0,0,443000000,1256000000,8819000000,125000000,125000000,0.36,0.36,0.23,155000000,-140000000,-121000000,-103000000,1697000000,200000000,33.71,39.1,28.32,0.1959,0.0649,13.57,2.51,13.07,7.21,0.5187,0.2701,0.3064,0.0241,2.7,-0.13,1.3979
2015-08-01,344571727,344571727,1,13566000000,10245000000,8944000000,6838000000,4622000000,0,0,443000000,1227000000,8528000000,164000000,164000000,0.47,0.46,0.23,318000000,-264000000,-402000000,-373000000,1800000000,169000000,34.43,37.18,31.68,0.1929,0.063,13.41,2.49,13.56,6.98,0.5156,0.2655,0.3407,0.0233,2.71,0.43,1.4982
2015-05-02,352771360,352771360,1,13719000000,10396000000,8851000000,6721000000,4868000000,0,0,443000000,1224000000,8558000000,129000000,129000000,0.37,0.36,0.74,-10000000,-214000000,-238000000,-453000000,2173000000,124000000,38.06,42,34.13,0.1901,0.061,13.8,2.68,10.91,6.75,0.5039,0.2514,0.3548,0.0226,2.7,-0.38,1.5468
2015-01-31,352185626,352185626,1,15256000000,11729000000,10256000000,7777000000,4995000000,5000000,0,425000000,1580000000,13028000000,519000000,519000000,1.48,1.46,0.19,1161000000,-370000000,-48000000,697000000,2626000000,136000000,36.6,40.03,33.17,0.2664,0.0832,14.18,2.81,12.84,6.01,0.2046,0.3163,0.3274,0.0306,2.72,2.91,1.5082
2014-11-01,350759999,350759999,1,15762000000,12063000000,11189000000,8626000000,4569000000,4000000,0,524000000,1591000000,9380000000,107000000,107000000,0.3,0.3,0.19,287000000,-435000000,-61000000,-212000000,1929000000,167000000,32.16,35.53,28.8,0.2301,0.0694,13.03,2.48,11.87,5.82,0.2427,0.3482,0.2899,0.0242,2.87,0.34,1.3984
2014-08-02,349615898,349615898,1,14349000000,10611000000,9819000000,7251000000,4526000000,4000000,0,525000000,1592000000,8896000000,146000000,146000000,0.42,0.42,0.17,179000000,-545000000,-61000000,-428000000,2141000000,147000000,28.41,32.24,24.57,0.2288,0.0665,12.95,2.24,9.28,5.63,0.248,0.3517,0.3154,0.0229,2.91,0.09,1.4634
2014-05-03,348803518,348803518,1,13911000000,10118000000,9487000000,6880000000,4421000000,3000000,0,525000000,1604000000,9035000000,461000000,461000000,1.33,1.31,0.17,308000000,-362000000,-53000000,-109000000,2569000000,111000000,25.25,28.2,22.3,0.2727,0.0763,12.67,2.2,16.72,5.46,0.219,0.3628,0.3178,0.0255,2.99,0.56,1.4706
2014-02-01,347043619,347043619,1,14013000000,10485000000,10024000000,7436000000,3986000000,3000000,0,526000000,1612000000,14368000000,293000000,293000000,0.85,0.82,0.17,770000000,-202000000,-40000000,508000000,2678000000,125000000,33.41,44.66,22.15,0.1494,0.0375,11.49,3.09,None,5.29,0.4392,0.4044,0.2845,0.0125,2.99,1.86,1.41
2013-11-02,346007645,346007645,1,15068000000,11234000000,11324000000,8665000000,3742000000,2000000,0,631000000,1624000000,9362000000,54000000,54000000,0.16,0.16,0.17,305000000,-112000000,67000000,260000000,2170000000,121000000,37.01,43.85,30.16,-0.1087,-0.0243,10.81,3.51,None,5.12,None,0.434,0.2483,None,2.71,0.53,1.2965
2013-08-03,341510429,341510429,1,13284000000,9414000000,9679000000,7028000000,3602000000,3000000,0,631000000,1634000000,9300000000,266000000,266000000,0.78,0.77,0.17,24000000,-87000000,933000000,839000000,1910000000,127000000,28.16,31.33,24.98,-0.1302,-0.0275,10.55,3.28,None,4.95,None,0.4536,0.2712,None,2.69,-0.3,1.3395
2013-05-04,339846591,339846591,1,14331000000,10006000000,10783000000,8561000000,2916000000,632000000,0,633000000,1142000000,9380000000,-81000000,-81000000,-0.24,-0.24,0.17,-5000000,-116000000,-641000000,-755000000,1071000000,174000000,20.38,26.92,13.83,-0.2092,-0.0422,8.58,2.25,None,4.78,None,0.3916,0.2035,None,2.66,-0.53,1.1688
2013-02-02,338770740,338770740,1,16787000000,12047000000,13726000000,10810000000,3061000000,0,0,862000000,1153000000,12175000000,-601000000,-601000000,-1.79,-1.79,0.15,1575000000,-126000000,396000000,1517000000,1826000000,183000000,13.8,16.41,11.2,-0.1282,-0.0266,9.04,1.33,None,4.61,None,0.3767,0.1823,None,2.72,4.11,1.1144
2012-11-03,338087851,338087851,1,17556000000,11846000000,13428000000,11148000000,3507000000,621000000,0,1474000000,1158000000,10753000000,-10000000,-10000000,-0.03,-0.03,0.17,101000000,-217000000,-273000000,-371000000,309000000,206000000,13.8,16.41,11.2,-0.4261,-0.094,10.37,1.32,None,4.46,None,0.3302,0.1998,None,3.01,-0.31,1.0626
2012-08-04,336667475,336667475,1,15849000000,10184000000,11738000000,9448000000,3515000000,596000000,0,1472000000,1165000000,10547000000,12000000,12000000,0.04,0.04,0.16,-601000000,-101000000,-29000000,-706000000,680000000,175000000,18.11,21.6,14.62,-0.3302,-0.0778,10.44,1.68,None,4.29,None,0.3314,0.2218,None,2.86,-2.3,1.0779
2012-05-05,339903251,339903251,1,16011000000,10316000000,11704000000,9001000000,3672000000,635000000,0,1465000000,1678000000,11610000000,158000000,158000000,0.46,0.46,0.16,379000000,-94000000,-305000000,187000000,1386000000,141000000,20.27,23.57,16.97,-0.2517,-0.0657,10.8,1.85,None,4.13,None,0.457,0.2293,None,2.79,0.7,1.1461
2012-03-03,342198524,342198524,1,16005000000,10297000000,11639000000,8855000000,3745000000,621000000,0,1465000000,1685000000,16319000000,-1698000000,-1698000000,-4.91,-4.91,0.16,666000000,-126000000,-1751000000,-1193000000,1199000000,150000000,25.51,28.53,22.48,-0.2252,-0.0646,10.94,1.57,8.92,3.97,None,0.4499,0.234,None,2.66,1.51,1.1628
2011-11-26,350316613,350316613,1,22748000000,15909000000,16372000000,13566000000,5710000000,666000000,0,2549000000,1687000000,12099000000,154000000,154000000,0.43,0.42,0.16,1090000000,-102000000,-622000000,352000000,2392000000,205000000,25.07,28.36,21.79,0.1809,0.0573,16.3,1.49,8.41,3.81,0.2012,0.2954,0.251,0.0221,2.59,2.53,1.1727
2011-08-27,362295405,362295405,1,18829000000,11501000000,12019000000,9147000000,6087000000,723000000,0,2620000000,1696000000,11347000000,177000000,177000000,0.48,0.47,0.15,213000000,-310000000,-68000000,-168000000,2040000000,209000000,28.05,32.85,23.25,0.1889,0.0608,16.8,1.66,9.02,3.65,0.193,0.2786,0.3233,0.0234,2.6,0.01,1.2574
2011-05-28,373912817,373912817,1,18673000000,11293000000,11620000000,8736000000,6319000000,734000000,0,2488000000,1700000000,10940000000,136000000,136000000,0.35,0.35,0.15,1324000000,-186000000,-37000000,1105000000,2208000000,202000000,30.66,33.22,28.09,0.2018,0.066,16.9,1.81,9.83,3.5,0.1823,0.269,0.3384,0.0249,2.65,3,1.2927
2011-02-26,389520245,389520245,1,17849000000,10473000000,10557000000,8663000000,6602000000,690000000,0,2559000000,711000000,16256000000,651000000,651000000,1.65,1.62,0.15,645000000,-208000000,-264000000,178000000,1103000000,215000000,38.31,44.62,32,0.2044,0.0676,16.95,2.52,11.47,3.35,0.1814,0.1077,0.3699,0.0254,2.66,1.1,1.2089
2010-11-27,394196420,394196420,1,22352000000,14829000000,15687000000,13420000000,6001000000,664000000,0,2441000000,1101000000,11890000000,217000000,217000000,0.55,0.54,0.15,461000000,-201000000,-188000000,82000000,925000000,187000000,38.48,45.63,31.32,0.2275,0.074,15.22,2.54,11.56,3.2,0.1653,0.1835,0.2685,0.0278,2.66,0.7,1.105
2010-08-28,397841000,397841000,1,17362000000,9959000000,10740000000,8471000000,6015000000,607000000,0,2365000000,1088000000,11339000000,254000000,254000000,0.61,0.6,0.14,-85000000,94000000,-411000000,-396000000,843000000,181000000,36.77,42.65,30.9,0.2336,0.0757,15.12,2.41,11.86,3.05,0.1637,0.1809,0.3464,0.0279,2.71,-0.67,1.1757
2010-05-29,416930000,416930000,1,17956000000,10388000000,10949000000,8603000000,6368000000,639000000,0,2386000000,1093000000,10787000000,155000000,155000000,0.37,0.36,0.14,169000000,-254000000,-494000000,-587000000,1239000000,161000000,42.55,48.83,36.28,0.2243,0.0708,15.27,2.84,13.73,2.91,0.1776,0.1716,0.3546,0.0262,2.7,0.02,1.2075
2010-02-27,421899790,421899790,1,18302000000,10566000000,11338000000,8978000000,6320000000,644000000,0,2731000000,1104000000,16553000000,779000000,779000000,1.86,1.84,0.14,1527000000,-135000000,-140000000,1252000000,1826000000,146000000,40.28,45.55,35.01,0.2325,0.0724,14.98,3.04,15.43,2.77,0.1778,0.1747,0.3453,0.0265,2.73,3.27,1.1769
2009-11-28,418032000,418032000,1,21100000000,13267000000,14976000000,12678000000,5529000000,595000000,0,2421000000,1104000000,12024000000,227000000,227000000,0.54,0.53,0.14,441000000,-167000000,-426000000,-152000000,564000000,159000000,39.99,44.32,35.66,0.2113,0.063,13.23,3.14,18.1,2.63,0.2107,0.1997,0.262,0.0231,2.72,0.67,1.0465
2009-08-29,416539000,416539000,1,17191000000,9304000000,11292000000,8964000000,5306000000,593000000,0,2442000000,1111000000,11022000000,158000000,158000000,0.38,0.37,0.14,291000000,-67000000,-43000000,133000000,668000000,124000000,35.61,39.98,31.25,0.1865,0.0534,12.74,2.7,15.35,2.49,0.2495,0.2094,0.3086,0.0197,2.71,0.4,1.0379
2009-05-30,416359000,416359000,1,16214000000,8410000000,10202000000,8356000000,5501000000,511000000,0,2296000000,1121000000,10095000000,153000000,153000000,0.37,0.36,0.14,-53000000,-171000000,261000000,37000000,535000000,186000000,33.02,42.06,23.97,0.2009,0.0557,13.21,2.96,13.82,2.35,0.2334,0.2038,0.3393,0.0212,2.63,-0.57,1.0065
2009-02-28,416280233,416280233,1,15826000000,8192000000,10670000000,8435000000,4643000000,513000000,0,2203000000,1126000000,14724000000,570000000,570000000,1.37,1.35,0.14,1957000000,-604000000,-1404000000,-71000000,498000000,376000000,25.13,31.25,19.02,0.2158,0.0597,11.15,2.28,9.14,2.21,0.2226,0.2425,0.2934,0.0223,2.68,3.8,0.9712
2008-11-29,413429000,413429000,1,20647000000,12318000000,15413000000,13195000000,4560000000,674000000,0,2414000000,1125000000,11500000000,52000000,52000000,0.13,0.13,0.14,-130000000,-469000000,636000000,25000000,569000000,425000000,31.96,47.5,16.42,0.2539,0.0729,11.03,2.77,10.15,2.07,0.1868,0.2467,0.2209,0.0268,2.73,-1.34,0.9335
2008-08-30,412332000,412332000,1,17522000000,9328000000,12045000000,9980000000,4752000000,725000000,0,2536000000,1136000000,9801000000,202000000,202000000,0.49,0.48,0.13,111000000,-2289000000,1194000000,-931000000,544000000,282000000,42.06,48.03,36.1,0.3056,0.0913,11.52,3.74,13.06,1.93,0.1599,0.2391,0.2712,0.0319,2.86,-0.41,0.9347
2008-05-31,411930000,411930000,1,13231000000,7733000000,8557000000,7027000000,4634000000,40000000,0,1085000000,650000000,8990000000,179000000,179000000,0.44,0.43,0.13,-61000000,-211000000,311000000,37000000,1475000000,220000000,42.35,45.95,38.75,0.3432,0.1038,11.25,3.89,13.32,1.8,0.1459,0.1403,0.3502,0.0339,3.06,-0.68,1.1005
2008-03-01,411795260,411795260,1,12758000000,7342000000,8234000000,6769000000,4484000000,40000000,0,1088000000,627000000,13418000000,737000000,737000000,1.76,1.71,0.13,779000000,-439000000,-239000000,119000000,1438000000,213000000,47.91,53.9,41.92,0.3165,0.105,10.89,5.37,15.86,1.67,0.1402,0.1398,0.3515,0.0352,2.99,1.37,1.0847
2007-12-01,419484000,419484000,1,15474000000,10477000000,11689000000,10236000000,3746000000,39000000,0,1086000000,642000000,9928000000,228000000,228000000,0.55,0.53,0.13,1115000000,-240000000,-979000000,-71000000,1319000000,208000000,47.19,51.98,42.39,0.294,0.1053,8.93,5.83,16.85,1.54,0.1337,0.1714,0.2421,0.0363,2.9,2.16,1.0235
2007-09-01,417777000,417777000,1,12237000000,7448000000,8818000000,7467000000,3381000000,38000000,0,1053000000,600000000,8750000000,250000000,250000000,0.56,0.55,0.1,559000000,1223000000,-1760000000,24000000,1390000000,197000000,45.64,49.44,41.85,0.2538,0.0998,8.09,3.51,16.78,1.41,0.1367,0.1775,0.2763,0.0356,2.8,0.87,0.9975
2007-06-02,473898000,473898000,1,13142000000,8306000000,6939000000,5686000000,6170000000,33000000,0,1049000000,598000000,7927000000,192000000,192000000,0.4,0.39,0.1,-428000000,920000000,-400000000,161000000,1366000000,179000000,47.45,50.19,44.7,0.2281,0.098,13.02,3.67,16.95,1.31,0.1363,0.0969,0.4695,0.0362,2.71,-1.28,1.4608
2007-03-03,479304000,479304000,1,13570000000,9081000000,7334000000,6301000000,6201000000,35000000,0,919000000,590000000,12899000000,763000000,763000000,1.59,1.55,0.1,1505000000,-1246000000,-236000000,3000000,1205000000,213000000,50.88,56.69,45.08,0.2432,0.1047,12.94,4.38,20.03,1.21,0.1258,0.0951,0.457,0.0383,2.73,2.7,1.4412
2006-11-25,481927000,481927000,1,15386000000,10670000000,9750000000,9154000000,5602000000,34000000,0,1074000000,191000000,8473000000,150000000,150000000,0.31,0.31,0.1,288000000,-235000000,56000000,98000000,1202000000,221000000,51.51,58.49,44.53,0.2319,0.0988,11.62,4.55,20.52,1.11,0.1305,0.0341,0.3641,0.0373,2.65,0.14,1.1656
2006-08-26,480250000,480250000,1,12407000000,7887000000,6942000000,6366000000,5434000000,31000000,0,1093000000,184000000,7603000000,230000000,230000000,0.48,0.47,0.08,692000000,-163000000,-196000000,332000000,1104000000,145000000,49.51,55.51,43.51,0.2378,0.1022,11.31,4.43,20.54,1.01,0.1245,0.0339,0.438,0.0382,2.67,1.14,1.2389
2006-05-27,484014000,484014000,1,11269000000,6878000000,5860000000,5297000000,5409000000,0,0,1018000000,180000000,6959000000,234000000,234000000,0.48,0.47,0.08,-723000000,864000000,-137000000,24000000,772000000,154000000,55,59.5,50.49,0.2367,0.1033,11.18,5.08,24.12,0.93,0.1256,0.0333,0.48,0.038,2.72,-1.81,1.2985
2006-02-25,485671000,485671000,1,11864000000,7985000000,6607000000,6056000000,5257000000,0,0,557000000,178000000,10693000000,644000000,644000000,1.33,1.29,0.08,1284000000,-1074000000,-356000000,-131000000,681000000,151000000,49.38,56,42.75,0.2355,0.1007,10.82,4.98,23.86,0.85,0.1301,0.0339,0.4431,0.037,2.73,2.33,1.3185
2005-11-26,489926000,489926000,1,13242000000,9694000000,8386000000,7455000000,4856000000,0,0,592000000,554000000,7335000000,138000000,138000000,0.28,0.28,0.08,608000000,-342000000,-136000000,130000000,812000000,217000000,45.64,50.88,40.4,0.2302,0.0978,9.91,4.66,21.84,0.77,0.1362,0.1141,0.3667,0.0363,2.69,0.8,1.3003
2005-08-27,492444000,492444000,1,10259000000,6842000000,5436000000,4516000000,4823000000,0,0,529000000,540000000,6702000000,188000000,188000000,0.38,0.37,0.07,222000000,-150000000,105000000,194000000,798000000,175000000,44.69,53.17,36.2,0.2441,0.1025,9.79,4.92,22.05,0.69,0.1321,0.112,0.4701,0.0376,2.73,0.1,1.5151
2005-05-28,325144000,487716000,1.5,9899000000,6605000000,5468000000,4565000000,4431000000,0,0,507000000,530000000,6118000000,170000000,170000000,0.52,0.51,0.11,-419000000,812000000,-254000000,134000000,604000000,105000000,34.46,36.99,31.93,0.253,0.1028,9.09,3.81,18.01,0.62,0.135,0.1196,0.4476,0.037,2.78,-1.07,1.4469
2005-02-26,327786000,491679000,1.5,10294000000,6903000000,5845000000,4959000000,4449000000,0,0,513000000,528000000,9232000000,572000000,572000000,1.75,1.62,0.11,1037000000,-586000000,-49000000,390000000,470000000,150000000,37.19,40.48,33.91,0.254,0.1006,9.05,4.62,20.82,0.55,0.1393,0.1187,0.4322,0.0359,2.81,1.8,1.392
2004-11-27,328075000,492112500,1.5,11622000000,8332000000,7662000000,6892000000,3960000000,0,0,540000000,478000000,6646000000,148000000,148000000,0.45,0.45,0.11,714000000,-328000000,68000000,473000000,2435000000,150000000,36.02,41.47,30.57,0.2436,0.0941,8.05,4.87,20.78,0.47,0.1516,0.1207,0.3407,0.0331,2.85,1.15,1.2089
2004-08-28,324397000,486595500,1.5,8644000000,5596000000,5043000000,4308000000,3601000000,0,0,485000000,478000000,6080000000,150000000,150000000,0.46,0.46,0.1,480000000,-164000000,-428000000,-108000000,1962000000,117000000,32.84,36.42,29.25,0.2529,0.0952,7.4,4.59,19.24,0.4,0.2279,0.1327,0.4166,0.0328,2.9,0.75,1.299
2004-05-29,324845000,487267500,1.5,8550000000,5602000000,5066000000,4338000000,3484000000,0,0,467000000,477000000,5475000000,114000000,114000000,0.35,0.34,0.1,-390000000,-88000000,-50000000,-530000000,2070000000,85000000,33.8,37.5,30.1,0.2626,0.0964,7.15,4.82,23.69,0.33,0.1924,0.1369,0.4075,0.0333,2.9,-0.97,1.2914
2004-02-28,325337000,488005500,1.5,8652000000,5724000000,5230000000,4501000000,3422000000,0,0,514000000,482000000,8449000000,469000000,469000000,1.45,1.43,0.1,1027000000,-99000000,-154000000,773000000,2600000000,96000000,37.06,41.8,32.33,0.2324,0.0839,7.01,5.99,158.83,0.27,0.1843,0.1409,0.3955,0.0287,2.92,1.91,1.2717
2003-11-29,324671000,487006500,1.5,10083000000,7144000000,7066000000,5954000000,3017000000,0,0,527000000,836000000,6034000000,122000000,122000000,0.38,0.37,0.3,256000000,-158000000,-7000000,91000000,1827000000,157000000,36.12,41.43,30.81,0.0412,0.0145,6.19,5.98,225.75,0.2,0.8254,0.2771,0.2992,0.0054,2.69,0.2,1.1999
2003-08-30,323627000,485440500,1.5,7730000000,4886000000,4796000000,3675000000,2934000000,0,0,495000000,840000000,5396000000,139000000,139000000,0.43,0.42,0,387000000,-138000000,23000000,269000000,1734000000,137000000,30.23,34.72,25.73,0.0297,0.0103,6.04,5.29,4534.5,0,0,0.2863,0.3796,0.0038,2.73,0.51,1.3295
2003-05-31,322399000,483598500,1.5,7152000000,4366000000,4389000000,3276000000,2763000000,0,0,502000000,829000000,4668000000,-25000000,-25000000,-0.08,-0.08,0,-256000000,-148000000,5000000,-448000000,1466000000,155000000,21.44,25.85,17.03,0.0015,0.0005,5.71,3.79,103.74,0,0,0.3,0.3863,0.0002,2.75,-0.85,1.3327
2003-03-01,322243258,483364887,1.5,7663000000,4867000000,4933000000,3793000000,2730000000,0,0,462000000,828000000,5847000000,-118000000,-118000000,-0.36,-0.36,0,None,None,None,752000000,1914000000,76000000,17.52,20.3,14.73,0.0386,0.0129,5.65,3.42,15.02,0,0,0.3033,0.3563,0.0047,2.73,None,1.2832
2002-11-30,321725000,482587500,1.5,8861000000,6053000000,6391000000,5285000000,2470000000,0,0,407000000,822000000,5505000000,85000000,85000000,0.26,0.26,0,228000000,-191000000,0,37000000,1156000000,210000000,15.13,18.93,11.33,0.2258,0.0747,5.12,3.06,13.07,0,0,0.3328,0.2787,0.0257,2.91,0.04,1.1453
2002-08-31,321579000,482368500,1.5,6886000000,4217000000,4505000000,3398000000,2381000000,0,0,410000000,821000000,5008000000,62000000,62000000,0.19,0.19,0,107000000,-241000000,8000000,-126000000,1119000000,264000000,21.53,30.73,12.33,0.2313,0.0775,4.94,3.89,17.88,0,0,0.3448,0.3458,0.0263,2.94,-0.33,1.241
2002-06-01,321378000,482067000,1.5,7255000000,4384000000,4582000000,3449000000,2673000000,0,0,791000000,812000000,4586000000,70000000,70000000,0.22,0.22,0,-468000000,-176000000,34000000,-610000000,1245000000,175000000,32.79,35.83,29.75,0.2496,0.0846,5.54,6.26,27.95,0,0,0.3038,0.3684,0.0286,2.96,-1.33,1.2711
2002-03-02,320568397,480852595,1.5,7375000000,4611000000,4854000000,3730000000,2521000000,0,0,773000000,813000000,6980000000,350000000,350000000,1.1,1.08,0,800000000,-200000000,412000000,1012000000,1855000000,196000000,31.63,34.31,28.95,0.2642,0.0905,5.24,7.03,37.26,0,0,0.3225,0.3418,0.0291,3.11,1.26,1.2362
2001-12-01,211670000,476257500,2.25,7502000000,4904000000,5359000000,4705000000,2143000000,0,0,750000000,364000000,4756000000,80000000,80000000,0.38,0.37,0,396000000,-516000000,2000000,-118000000,843000000,174000000,24.89,32,17.79,0.2066,0.0723,4.5,5.79,30.94,0,0,0.1699,0.2857,0.0227,3.19,0.47,1.0423
2001-09-01,210860000,474435000,2.25,5521000000,3503000000,3482000000,2847000000,2039000000,0,0,376000000,362000000,4164000000,85000000,85000000,0.4,0.39,0,471000000,-138000000,162000000,495000000,961000000,142000000,27.35,31.07,23.63,0.2088,0.0776,4.3,6.7,34.57,0,0,0.1775,0.3693,0.0227,3.42,0.69,1.2304
2001-06-02,209988000,472473000,2.25,4809000000,2851000000,2882000000,2535000000,1927000000,0,0,381000000,177000000,3697000000,55000000,55000000,0.26,0.26,0,-89000000,-111000000,-81000000,-281000000,466000000,115000000,21.33,27.71,14.95,0.2183,0.0838,4.08,5.51,25.8,0,0,0.0919,0.4007,0.0236,3.55,-0.43,1.1247
2001-03-03,209381800,471109050,2.25,4839587000,2928663000,3017659000,2714698000,1821928000,0,0,385355000,181009000,5461583000,189670000,189670000,0.92,0.89,0,533595000,-513267000,-2245000,18083000,746879000,187195000,16,22.67,9.33,0.2448,0.0958,3.87,4.6,20.57,0,0,0.0994,0.3765,0.0258,3.71,0.74,1.0788
2000-11-25,207759000,467457750,2.25,4781964000,3652700000,3156061000,3015192000,1625903000,0,0,0,20948000,3732080000,57263000,57263000,0.28,0.27,0,84570000,-200286000,-509000,-116225000,728796000,204207000,23.26,32.95,13.56,0.2577,0.1008,3.48,6.94,28.29,0,0,0.0129,0.34,0.0261,3.86,-0.26,1.2114
2000-08-26,207595000,467088750,2.25,3644187000,2676345000,2080149000,1917403000,1564038000,0,0,0,21585000,3169171000,76748000,76748000,0.37,0.36,0,284416000,-200926000,-3856000,79634000,845021000,186899000,30.71,35.86,25.56,0.2966,0.1144,3.35,9.81,39.26,0,0,0.0138,0.4292,0.0289,3.97,0.21,1.3958
2000-05-27,206755000,465198750,2.25,3260850000,2454453000,1804047000,1650333000,1456803000,0,0,0,12839000,2963718000,72158000,72158000,0.35,0.34,0,-94377000,-115323000,224364000,14664000,765387000,79405000,30.25,39.5,21,0.3074,0.1177,3.13,12.82,41.5,0,0,0.0088,0.4468,0.0285,4.13,-0.37,1.4872
2000-02-26,206476410,464571922,2.25,2995342000,2238460000,1899357000,1785049000,1095985000,0,0,0,14860000,4314615000,163805000,163805000,0.81,0.78,0,588578000,-114228000,-238424000,235926000,750723000,105400000,24.23,29.78,18.67,0.3122,0.1181,2.36,9.62,41.3,0,0,0.0136,0.3659,0.0278,4.25,1.04,1.254
1999-11-27,204411000,459924750,2.25,3772053000,2072400000,2613664000,1411212000,1158389000,0,0,0,23679000,3107337000,78389000,78389000,0.38,0.37,0,224382000,-121477000,-61552000,41353000,514797000,110891000,26.38,32.36,20.39,0.2602,0.101,2.52,10.72,49.05,0,0,0.0204,0.3071,0.0245,4.12,0.25,1.4685
1999-08-28,205270000,461857500,2.25,2628183000,2064416000,1493676000,1398243000,1134507000,0,0,0,25690000,2686640000,58067000,58067000,0.28,0.27,0,125672000,-114221000,-48890000,-37439000,473444000,107796000,27.73,35.78,19.67,0.2519,0.1007,2.46,12,54.25,0,0,0.0226,0.4317,0.0237,4.24,0.04,1.4764
1999-05-29,203806000,458563500,2.25,2363261000,1886213000,1304801000,1209679000,1058460000,0,0,0,28402000,2385431000,46809000,46809000,0.23,0.22,0,-178404000,-50188000,-46302000,-274894000,510883000,36937000,21.75,25.5,18,0.2551,0.0993,2.31,9.67,48.45,0,0,0.0268,0.4479,0.0235,4.22,-0.47,1.5593
1999-02-27,204643509,460447895,2.25,2531623000,2071827000,1497678000,1409716000,1033945000,0,0,0,30509000,3445015000,102033000,102033000,0.51,0.46,0,471058000,-84168000,-10486000,376404000,785777000,70658000,16.1,21.78,10.42,0.2382,0.0904,2.25,7.93,37.44,0,0,0.0295,0.4084,0.0215,4.21,0.87,1.4697
1998-11-28,100882000,453969000,4.5,2857252000,2471653000,1935631000,1869349000,921621000,0,0,0,31830000,2493843000,54389000,54389000,0.54,0.52,0,172124000,-90914000,-163469000,-82259000,409373000,63916000,10.19,13.26,7.11,0.226,0.0785,2.03,5.34,26.97,0,0,0.0345,0.3226,0.0188,4.17,0.24,1.3222
1998-08-29,100770000,453465000,4.5,2208933000,1870840000,1343528000,1281569000,865405000,0,0,0,35295000,2182124000,44135000,44135000,0.44,0.42,0,117299000,-41119000,18154000,94334000,491632000,19040000,9.39,12.18,6.61,0.222,0.0697,1.91,5.22,31.18,0,0,0.0408,0.3918,0.0165,4.21,0.22,1.4598
1998-05-30,100310000,451395000,4.5,1967295000,1629709000,1156572000,922467000,810723000,0,0,0,207247000,1943664000,15725000,15725000,0.16,0.16,0,-98050000,-33366000,8587000,-122829000,397298000,12084000,7.5,8.44,6.56,0.197,0.0548,1.8,6.05,28.97,0,0,0.2556,0.4121,0.013,4.22,-0.24,1.7667
1998-02-28,50088010,450792090,9,2056346000,1710277000,1498600000,1033676000,557746000,0,0,0,210397000,2852096000,64026000,64026000,1.67,None,0,400883000,6050000,-8866000,398067000,520127000,24108000,5.02,6.8,3.24,0.1968,0.0473,1.24,4.18,53.15,0,0,0.3772,0.2712,0.0113,4.19,0.84,1.6546
1997-11-29,43906017,395154153,9,2389739000,2048144000,1914915000,1450851000,474824000,0,0,0,211624000,2106361000,26418000,26418000,0.57,None,0,46967000,-9309000,-16951000,20707000,122060000,20019000,2.62,3.36,1.88,0.0866,0.0203,1.2,2.32,786,0,0,0.4457,0.1987,0.005,4.1,0.07,1.4117
1997-08-30,43813165,394318485,9,1820368000,1481117000,1373527000,900044000,446841000,0,0,0,217820000,1793204000,6648000,6648000,0.15,None,0,35523000,-9260000,-19819000,6444000,101353000,21153000,1.6,1.95,1.25,0.0036,0.0008,1.13,1.43,None,0,0,0.4875,0.2455,0.0002,3.95,0.04,1.6456
1997-05-31,43805784,394252056,9,1720681000,1382025000,1280592000,809948000,440089000,0,0,0,212609000,1606551000,-2639000,-2639000,-0.06,None,0,59015000,-9780000,-44134000,5101000,94909000,6783000,1.28,1.6,0.96,-0.003,-0.0006,1.12,1.15,288,0,None,0.4831,0.2558,None,3.82,0.13,1.7063
1997-03-01,43805384,394248456,9,1734307000,1385035000,1065992000,817579000,438315000,230000000,0,0,216625000,2347535000,8524000,8524000,0.19,None,0,301754000,5710000,-260851000,46613000,89808000,27424000,1.24,1.6,0.88,0.004,0.0008,1.11,1.13,37.2,0,0,0.4942,0.2527,0.0002,3.72,0.7,1.6941
1996-11-30,43273152,389458368,9,2576047000,2242744000,2146362000,1674386000,429685000,0,0,0,212768000,2007324000,-10973000,-10973000,-0.25,None,0,-60202000,-14230000,86957000,12525000,43195000,19819000,2,2.64,1.35,0.0301,0.0061,1.1,1.77,18.75,0,0,0.4952,0.1668,0.0016,3.76,-0.21,1.3394
1996-08-31,43222061,388998549,9,2064404000,1733975000,1624473000,1149113000,439931000,0,0,0,209927000,1778640000,3788000,3788000,0.09,None,0,27294000,842000,-18070000,10066000,30670000,24267000,2.42,2.92,1.93,0.0974,0.0192,1.13,2.16,21.78,0,0,0.4772,0.2131,0.0053,3.65,0.01,1.509
1996-06-01,43123795,388114155,9,1978569000,1653329000,1543740000,1064476000,434829000,0,0,0,207855000,1637184000,409000,409000,0.01,None,0,-289196000,-12756000,236111000,-65841000,20604000,16083000,2.19,2.56,1.82,0.1048,0.0205,1.12,1.97,17.92,0,0,0.478,0.2198,0.0058,3.55,-0.79,1.5532
1996-03-02,43118267,388064403,9,1890832000,1560543000,1229218000,974688000,431614000,230000000,0,0,206287000,2575564000,19831000,19831000,0.45,None,0,392229000,-19022000,-393803000,-20596000,86445000,27204000,1.96,2.49,1.42,0.1186,0.0237,1.11,1.83,13.67,0,0,0.4779,0.2283,0.0067,3.56,0.94,1.6011
1995-11-25,42705224,384347016,9,2758215000,2432207000,2117553000,1853453000,410662000,230000000,0,0,208767000,1929277000,17802000,17802000,0.41,None,0,-222658000,-22447000,308453000,63348000,107041000,43315000,2.8,3.29,2.31,0.1439,0.0292,1.07,2.75,19.53,0,0,0.5084,0.1489,0.0085,3.41,-0.69,1.3123
1995-08-26,42670147,384031323,9,1901482000,1601453000,1509160000,1017459000,392322000,0,0,0,212143000,1437911000,5714000,5714000,0.13,None,0,-10060000,-76399000,78483000,-7976000,43693000,32193000,2.88,3.22,2.53,0.1497,0.0322,1.02,2.85,19.34,0,0,0.5407,0.2063,0.0094,3.45,-0.11,1.574
1995-05-27,42594444,383349996,9,1558042000,1279245000,1172639000,672719000,385403000,0,0,0,224723000,1274696000,4672000,4672000,0.11,None,0,-59991000,-40636000,7596000,-93031000,51669000,23489000,2.65,3.04,2.25,0.1617,0.0366,1.01,2.7,17.93,0,0,0.5831,0.2474,0.0106,3.47,-0.22,1.9016
1995-02-25,42566390,383097510,9,1507125000,1240667000,901003000,631618000,376122000,230000000,0,0,227247000,1947111000,28108000,28108000,0.64,None,0,326093000,-30817000,-171054000,124222000,144700000,-44774000,3.8,5.03,2.57,0.1685,None,0.98,4.18,None,0,0,0.6042,0.2496,0.0113,3.51,0.97,1.9643
1994-11-26,42165840,379492560,9,2008606000,1688082000,1431381000,1168082000,347225000,230000000,0,0,227096000,1349871000,17702000,17702000,0.41,None,0,-330452000,-74435000,377938000,-26949000,20478000,80909000,4.42,5,3.83,None,None,0.91,5.08,None,0,None,0.654,0.1729,None,None,-1.08,1.4452
1994-08-27,42067290,378605610,9,1270905000,1018846000,943259000,700359000,327646000,0,0,0,211013000,933172000,7600000,7600000,0.18,None,0,23810000,-59149000,72540000,37201000,47427000,50411000,3.27,4.07,2.46,None,None,0.87,3.89,None,0,None,0.644,0.2578,None,None,-0.07,1.4547
1994-05-28,41857684,376719156,9,1004730000,798177000,687121000,448743000,317609000,0,0,0,208711000,849403000,4241000,4241000,0.1,None,0,-56862000,-27555000,34771000,-49646000,10226000,31572000,3.51,4.17,2.86,None,None,0.84,4.23,None,0,None,0.6571,0.3161,None,None,-0.23,1.7787
1994-02-26,41830551,376474959,9,952494000,764610000,641050000,402028000,311444000,0,0,0,210811000,None,None,None,None,None,0,40643000,-27110000,-28638000,-15105000,59872000,29891000,2.58,3.08,2.09,None,None,0.83,3.35,None,0,None,0.6769,0.327,None,None,0.03,1.9019
1993-11-27,20854005,375372090,18,1168752000,998460000,879128000,639828000,289624000,0,0,0,212504000,808476000,11161000,11161000,0.52,None,0,None,None,None,None,74977000,0,2.64,3.49,1.79,None,None,0.77,None,None,0,None,0.7337,0.2478,None,None,None,1.5605
