"Quarter end","Shares","Shares split adjusted","Split factor","Assets","Current Assets","Liabilities","Current Liabilities","Shareholders equity","Non-controlling interest","Preferred equity","Goodwill & intangibles","Long-term debt","Revenue","Earnings","Earnings available for common stockholders","EPS basic","EPS diluted","Dividend per share","Cash from operating activities","Cash from investing activities","Cash from financing activities","Cash change during period","Cash at end of period","Capital expenditures","Price","Price high","Price low","ROE","ROA","Book value of equity per share","P/B ratio","P/E ratio","Cumulative dividends per share","Dividend payout ratio","Long-term debt to equity ratio","Equity to assets ratio","Net margin","Asset turnover","Free cash flow per share","Current ratio"
2019-03-31,10091822,10091822,1,85087000,71002000,14247000,11436000,70533000,307000,0,3526000,0,26788000,4382000,4382000,0.43,0.43,0.24,-956000,-8115000,-2422000,-11441000,20951000,299000,67.11,81.02,53.2,0.3145,0.2476,6.99,10.25,33.55,9.12,0.4759,0,0.829,0.1856,1.33,-0.12,6.2086
2018-12-31,10091822,10091822,1,86836000,73622000,20515000,18405000,66069000,252000,0,3526000,0,28870000,6024000,6024000,0.61,0.61,0.26,9342000,19075000,-2422000,25947000,32392000,878000,61.68,72.34,51.02,0.3242,0.2532,6.55,9.95,33.7,8.88,0.471,0,0.7608,0.1859,1.36,0.84,4.0001
2018-09-30,10091822,10091822,1,81415000,68853000,18647000,16593000,62538000,230000,0,3526000,0,27199000,5176000,5176000,0.51,0.51,0.24,5629000,-35235000,-2422000,-32059000,6445000,338000,81.76,95,68.52,0.3127,0.2412,6.2,13.79,47.53,8.62,0.4886,0,0.7681,0.1739,1.39,0.52,4.1495
2018-06-30,10091822,10091822,1,75603000,63270000,15585000,13902000,59820000,198000,0,3526000,0,26847000,4776000,4776000,0.47,0.47,0.22,6194000,-311000,-2711000,2925000,38504000,311000,71.5,79.96,63.05,0.3052,0.2333,5.93,12.02,46.13,8.38,0.5095,0,0.7912,0.1666,1.4,0.58,4.5511
2018-03-31,10091822,10091822,1,74236000,60352000,13534000,11187000,60028000,674000,0,3526000,0,25397000,4163000,4163000,0.41,0.41,0.22,-107000,-397000,-2220000,-2359000,35579000,397000,63.01,72.52,53.5,0.2857,0.2158,5.95,11.46,40.65,8.16,0.5661,0,0.8086,0.1544,1.4,-0.05,5.3948
2017-12-31,10091822,10091822,1,77091000,63476000,21022000,18104000,55458000,611000,0,3526000,0,27464000,4476000,4476000,0.44,0.44,0.22,8607000,-120000,-2220000,6331000,37938000,120000,67.69,74.36,61.03,0.299,0.2236,5.5,12.87,44.83,7.94,0.4253,0,0.7194,0.1539,1.45,0.84,3.5062
2017-09-30,10091822,10091822,1,71920000,58304000,18262000,16462000,53110000,548000,0,3526000,0,24923000,4014000,4014000,0.4,0.4,0.22,5086000,-111000,-2220000,3039000,31607000,111000,65.33,74.25,56.41,0.3067,0.2239,5.26,12.91,43.55,7.72,0.2899,0,0.7385,0.1532,1.46,0.49,3.5417
2017-06-30,10091822,10091822,1,67465000,53554000,15932000,14459000,51033000,500000,0,3526000,0,23805000,3034000,3034000,0.3,0.3,0.22,4531000,-187000,0,4581000,28568000,187000,55.97,65.33,46.6,0.3083,0.2284,5.06,11.31,35.65,7.5,0.1461,0,0.7564,0.1535,1.49,0.43,3.7039
2017-03-31,10091822,10091822,1,63702000,50087000,13323000,12232000,49945000,434000,0,3526000,0,25607000,4138000,4138000,0.41,0.41,0,-176000,-2675000,-8578000,-11331000,23987000,2675000,48.31,53.87,42.76,0.3294,0.246,4.95,10.66,34.02,7.28,0,0,0.784,0.1603,1.53,-0.28,4.0948
2016-12-31,10091822,10091822,1,70562000,59676000,24501000,22735000,45679000,382000,0,3526000,0,25643000,4133000,4133000,0.4,0.4,0,7433000,-42000,0,7153000,35318000,42000,47.47,58.45,36.49,0.3089,0.2303,4.53,9.49,31.86,7.28,0.5967,0,0.6474,0.1529,1.51,0.73,2.6249
2016-09-30,10091822,10091822,1,64399000,53369000,13608000,11810000,50442000,349000,0,3526000,0,23942000,3888000,3888000,0.39,0.39,0,2947000,-100000,0,2742000,28165000,100000,36.3,38.56,34.05,0.3305,0.2443,5,7.86,23.88,7.28,1.1919,0,0.7833,0.1586,1.54,0.28,4.519
2016-06-30,10091822,10091822,1,59436000,48438000,12452000,11245000,46658000,326000,0,3526000,0,23840000,3713000,3713000,0.37,0.37,0,2319000,-58000,0,1901000,25423000,58000,35.51,39,32.02,0.3489,0.2548,4.62,8.26,23.52,7.28,1.1651,0,0.785,0.1611,1.58,0.22,4.3075
2016-03-31,10091822,10091822,1,55293000,45783000,11574000,9793000,43411000,308000,0,3526000,0,20626000,2643000,2643000,0.26,0.26,0.85,2059000,-33000,-8578000,-6630000,23522000,33000,31.69,35.28,28.1,0.3601,0.2604,4.3,7.82,20.31,7.28,1.1684,0,0.7851,0.1645,1.58,0.2,4.6751
2015-12-31,10091822,10091822,1,66274000,56691000,25120000,23552000,40882000,272000,0,3526000,0,26113000,4743000,4743000,0.47,0.47,0.92,6200000,-164000,0,5953000,30152000,164000,37.74,43.07,32.41,0.3866,0.277,4.05,8.5,24.99,6.43,0.5881,0,0.6169,0.1693,1.64,0.6,2.4071
2015-09-30,10091822,10091822,1,59627000,50214000,14570000,12569000,44824000,233000,0,3526000,0,24556000,4232000,4232000,0.42,0.42,0,3929000,-72000,0,3769000,24199000,72000,34.38,41.06,27.69,0.3936,0.2837,4.44,8.53,23.07,5.51,0.3215,0,0.7517,0.167,1.7,0.38,3.9951
2015-06-30,10091822,10091822,1,53629000,44183000,12711000,10716000,40718000,200000,0,3526000,0,21636000,3670000,3670000,0.36,0.36,0,3960000,-187000,0,3904000,20430000,187000,31.73,38.32,25.15,0.4159,0.2946,4.03,8.67,22.35,5.51,0.3257,0,0.7593,0.1662,1.77,0.37,4.1231
2015-03-31,10091822,10091822,1,48447000,39024000,11391000,9451000,36909000,147000,0,3526000,0,20973000,3143000,3143000,0.31,0.31,0,-839000,-197000,-4945000,-6059000,16526000,197000,31.23,38.95,23.5,0.4238,0.2972,3.66,9.32,23.48,5.51,0.3432,0,0.7618,0.1608,1.85,-0.1,4.1291
2014-12-31,10091822,10091822,1,55138000,45765000,21169000,19018000,33858000,111000,0,3526000,0,24921000,4336000,4336000,0.42,0.42,0.49,6816000,-137000,-145000,6462000,22585000,137000,28.48,37.94,19.03,0.4247,0.2957,3.35,8.33,23.34,5.51,0.3673,0,0.6141,0.158,1.87,0.66,2.4064
2014-09-30,10091822,10091822,1,48953000,39564000,14201000,11881000,34539000,213000,0,3526000,0,23837000,4035000,4035000,0.4,0.4,0,5204000,-9000,0,5061000,16123000,9000,18.43,19.92,16.94,0.4166,0.2954,3.42,6.06,16.91,5.02,0.3436,0,0.7056,0.1502,1.97,0.51,3.33
2014-06-30,10091822,10091822,1,41399000,31842000,10524000,8390000,30688000,187000,0,3526000,0,19872000,2896000,2896000,0.29,0.29,0,4161000,-44000,0,4163000,11062000,44000,20.07,21.5,18.65,0.3987,0.2798,3.04,7.3,19.11,5.02,0.3849,0,0.7413,0.1406,1.99,0.41,3.7952
2014-03-31,10091822,10091822,1,36625000,26914000,8756000,6814000,27718000,151000,0,3526000,0,16589000,2195000,2195000,0.22,0.22,0,-1341000,-25000,0,-1358000,6899000,25000,21.9,24.19,19.6,0.4115,0.2847,2.75,8.66,22.12,5.02,0.398,0,0.7568,0.1377,2.07,-0.14,3.9498
2013-12-31,10091822,10091822,1,40074000,30183000,14443000,12550000,25509000,122000,0,3526000,0,21860000,3211000,3211000,0.31,0.31,0.42,5484000,-14000,-4289000,1225000,8257000,14000,19.76,21.01,18.51,0.4139,0.2795,2.53,7.51,26.35,5.02,0.4223,0,0.6365,0.1301,2.15,0.54,2.405
2013-09-30,10091822,10091822,1,39313000,29261000,12662000,11042000,26544000,107000,0,3526000,0,19988000,2709000,2709000,0.27,0.27,0,4563000,-68000,0,4530000,7032000,68000,17.63,20.53,14.73,0.3334,0.2231,2.63,7.5,27.12,4.6,1.3279,0,0.6752,0.1031,2.16,0.45,2.65
2013-06-30,10091822,10091822,1,33608000,23404000,9792000,8327000,23742000,74000,0,3526000,0,18892000,2535000,2535000,0.25,0.25,0,2156000,-313000,0,1844000,2502000,313000,14.43,16.27,12.58,0.2818,0.1934,2.35,6.87,32.07,4.6,1.53,0,0.7064,0.0936,2.07,0.18,2.8106
2013-03-31,10091822,10091822,1,30650000,20538000,9381000,8002000,21209000,60000,0,3526000,0,16382000,1582000,1582000,0.16,0.16,0,186000,-92000,-324000,-281000,658000,92000,14.8,17.19,12.41,0.187,0.1306,2.1,7.59,21.76,4.6,2.2238,0,0.692,0.0689,1.89,0.01,2.5666
2012-12-31,10091822,10091822,1,32669000,22454000,12927000,11530000,19680000,62000,0,3526000,0,18426000,774000,774000,0.07,0.07,1,1510000,-21000,-9768000,-8267000,939000,21000,11.98,13.4,10.57,0.2679,0.1898,1.95,4.17,15.36,4.6,1.4677,0,0.6024,0.1074,1.77,0.15,1.9474
2012-09-30,10091822,10091822,1,39474000,29062000,10368000,8675000,28988000,118000,0,3526000,0,16786000,1705000,1705000,0.17,0.17,0,1146000,-4000,0,1169000,9206000,4000,10.98,11.96,9.99,0.2953,0.2173,2.87,4.07,15.69,3.6,0,0,0.7344,0.1276,1.7,0.11,3.3501
2012-06-30,10091822,10091822,1,36232000,25623000,8905000,7190000,27216000,111000,0,3526000,0,14256000,477000,477000,0.05,0.05,0,-376000,-67000,0,-483000,8037000,67000,12.27,13.51,11.03,0.2884,0.2116,2.7,4.63,15.94,3.6,0,0,0.7512,0.1215,1.74,-0.04,3.5637
2012-03-31,10091822,10091822,1,36569000,26153000,9659000,7914000,26790000,120000,0,3526000,0,14548000,3920000,3920000,0.39,0.39,0,5018000,-38000,0,5044000,8520000,38000,14.73,16.97,12.5,0.3409,0.2487,2.65,6.52,32.02,3.6,0,0,0.7326,0.1354,1.84,0.49,3.3046
2011-12-31,10091822,10091822,1,31491000,20947000,8574000,6730000,22804000,113000,0,3526000,0,15618000,1708000,1708000,0.17,0.17,0,2191000,-46000,0,2114000,3476000,130915,12.27,14.13,10.4,0.2235,0.1629,2.26,5.87,25.56,3.6,0,0,0.7241,0.0857,1.9,0.2,3.1125
2011-09-30,10091822,10091822,1,29144000,18727000,7923000,6015000,21108000,113000,0,3526000,0,13690000,955000,955000,0.09,0.09,0,-407000,1000,0,-440000,1362000,-1,13.72,14.87,12.58,0.2506,0.1796,2.09,6.86,29.19,3.6,0,0,0.7243,0.0958,1.87,-0.04,3.1134
2011-06-30,10091822,10091822,1,27409000,17561000,7083000,5134000,20208000,118000,0,3526000,0,13387000,1165000,1165000,0.12,0.12,0,698000,-86000,0,611000,1802000,86,13.48,14.14,12.81,0.2611,0.1751,2,7.13,32.1,3.6,0,0,0.7373,0.0975,1.8,0.07,3.4205
2011-03-31,10091822,10091822,1,26053000,16136000,6887000,4905000,19043000,123000,0,3526000,0,11498000,819000,819000,0.08,0.08,0,-1060000,0,0,-1018000,1191000,0,14.06,16,12.12,0.2503,0.1551,1.89,7.77,31.24,3.6,0,0,0.7309,0.0923,1.68,-0.11,3.2897
2010-12-31,10091822,10091822,1,27058000,17042000,8666000,6683000,18266000,126000,0,3526000,0,12821000,1986000,1986000,0.19,0.19,0,2252000,3181000,-4147000,1254000,2209000,69000,15.58,17.72,13.44,0.2834,0.1593,1.81,9.68,36.23,3.6,0,0,0.6751,0.0974,1.64,0.22,2.5501
2010-09-30,10091822,10091822,1,29438000,19348000,13104000,10779000,16207000,127000,0,3526000,0,11648000,843000,843000,0.08,0.08,0,1652000,-4000,-1350000,341000,955000,4000,14.04,15.73,12.34,0.2867,0.1465,1.61,9.24,27.53,3.6,4.7068,0,0.5505,0.0919,1.59,0.16,1.795
2010-06-30,10091822,10091822,1,28636000,18435000,13138000,10959000,15375000,123000,0,3526000,0,10715000,662000,662000,0.07,0.07,0,756000,-48000,-2003000,-1292000,614000,48000,12.64,14.76,10.53,0.2684,0.1604,1.52,8.72,25.28,3.6,3.9724,0,0.5369,0.1097,1.46,0.07,1.6822
2010-03-31,10091822,10091822,1,29531000,19229000,14810000,12480000,14590000,131000,0,3526000,0,11691000,1075000,1075000,0.11,0.11,0,100000,-23000,0,25000,1906000,23000,12.41,14.71,10.1,0.2225,0.1497,1.45,9.19,28.86,3.6,3.9889,0,0.4941,0.1107,1.35,0.01,1.5408
2009-12-31,10093808,10093808,1,29532000,19088000,15726000,13367000,13659000,147000,0,3526000,0,12595000,1709000,1709000,0.17,0.17,2,3978000,-120000,-12684000,-8820000,1881000,120000,16.15,18.3,14,0.1653,0.1245,1.35,5.08,46.14,3.6,4.6112,0,0.4625,0.0992,1.26,0.38,1.428
2009-09-30,10091822,10091822,1,39070000,25253000,6799000,4546000,32127000,144000,0,3526000,0,11328000,1636000,1636000,0.16,0.16,0,2442000,-15000,0,2423000,10701000,15000,16.42,18.47,14.37,0.1204,0.0975,3.18,5.42,38.19,1.6,1.3793,0,0.8223,0.0822,1.19,0.24,5.555
2009-06-30,10091822,10091822,1,37076000,23201000,6333000,4047000,30596000,147000,0,3526000,0,10124000,641000,641000,0.06,0.06,0,2414000,-3240000,0,-639000,8278000,-10000,16.34,19.08,13.59,0.143,0.1135,3.03,5.58,29.18,1.6,1.1436,0,0.8252,0.0867,1.31,0.24,5.7329
2009-03-31,10091822,10091822,1,34944000,24302000,5248000,3032000,29567000,129000,0,3526000,0,10093000,392000,392000,0.04,0.04,0,-491000,-313000,-24000,-856000,8917000,313000,16.78,22.56,11,0.1828,0.1422,2.93,5.79,22.99,1.6,0.8846,0,0.8461,0.0998,1.42,-0.08,8.0152
2008-12-31,10093808,10093808,1,38993000,28526000,9609000,7416000,29248000,136000,0,3526000,0,12984000,990000,990000,0.09,0.09,0.5,4293000,-169000,-4715000,-1423000,9773000,169000,21,25.97,16.04,0.2352,0.1788,2.9,6.23,21.88,1.6,1.642,0,0.7501,0.1163,1.54,0.41,3.8465
2008-09-30,10093808,10093808,1,44555000,33802000,10310000,8087000,34056000,189000,0,3526000,0,17699000,2390000,2390000,0.24,0.24,0,1778000,3268000,0,4795000,11196000,-18000,21.64,31.21,12.06,0.3065,0.2175,3.37,6.83,24.04,1.1,0.7395,0,0.7644,0.1363,1.6,0.18,4.1798
2008-06-30,10093808,10093808,1,42036000,31171000,9867000,7715000,31993000,176000,0,3526000,0,16378000,1933000,1933000,0.19,0.19,0,2945000,-280000,-200000,2477000,6401000,280000,18.18,21.97,14.4,0.2907,0.2023,3.17,6.08,20.43,1.1,0.7857,0,0.7611,0.1272,1.59,0.26,4.0403
2008-03-31,10106408,10106408,1,39566000,28815000,9170000,7056000,30254000,142000,0,3526000,0,16423000,2069000,2069000,0.21,0.21,0.7,-1697000,-102000,-7432000,-9219000,3924000,102000,16.08,17.89,14.27,0.2879,0.1964,2.99,5.7,18.7,1.1,0.7968,0,0.7646,0.1206,1.63,-0.18,4.0838
2007-12-31,10108287,10108287,1,49772000,38976000,21104000,17997000,28539000,129000,0,3526000,0,19711000,3175000,3175000,0.32,0.32,0,5345000,-254000,-367000,4353000,13143000,254000,15.47,18,12.94,0.2829,0.1905,2.82,4.75,18.64,0.4,0.4678,0,0.5734,0.1165,1.64,0.5,2.1657
2007-09-30,10153633,10153633,1,46695000,32780000,13501000,11379000,33096000,98000,0,3526000,0,18266000,1827000,1827000,0.18,0.18,0,3625000,-73000,0,3345000,8790000,73000,17.2,19.66,14.75,0.2773,0.1825,3.26,5.55,40.95,0.4,0.4808,0,0.7088,0.1144,1.6,0.35,2.8807
2007-06-30,10153633,10153633,1,44768000,30840000,13217000,11248000,31476000,75000,0,3526000,0,19202000,1808000,1808000,0.18,0.18,0,791000,-147000,0,671000,5445000,147000,20.77,22.64,18.91,0.1466,0.0926,3.1,7.11,44.19,0.4,0.9443,0,0.7031,0.0574,1.61,0.06,2.7418
2007-03-31,10153633,10153633,1,41036000,27134000,11334000,9464000,29641000,61000,0,3526000,0,17331000,1872000,1872000,0.18,0.18,0.4,-8644000,-68000,-4061000,-12650000,4774000,68000,21.77,23.32,20.23,0.1642,0.1061,2.92,8,42.69,0.4,0.847,0,0.7223,0.0652,1.63,-0.86,2.8671
2006-12-31,10153633,10153633,1,52623000,38694000,24922000,22458000,27646000,55000,0,3526000,0,19068000,2940000,2940000,0.29,0.29,0,6172000,-215000,0,6108000,17424000,215000,20.79,23.3,18.27,0.1788,0.1152,2.72,7.37,None,0,0,0,0.5254,0.0702,1.64,0.59,1.7229
2006-09-30,10153633,10153633,1,47449000,33635000,18791000,16534000,28616000,42000,0,3526000,0,19283000,-2319000,-2319000,-0.23,-0.23,0,3257000,-592000,0,2685000,11316000,592000,22.21,25.43,19,None,None,2.82,7.31,None,0,None,0,0.6031,None,None,0.26,2.0343
2006-06-30,10153633,10153633,1,39732000,26409000,8783000,7858000,30915000,34000,0,3526000,0,17908000,2302000,2302000,0.23,0.23,0,254000,-474000,-3364000,-3297000,8631000,474000,18.1,20.05,16.15,None,None,3.04,6.49,None,0,None,0,0.7781,None,None,-0.02,3.3608
2006-03-31,10153633,10153633,1,39457000,26508000,11101000,7034000,28326000,30000,0,3526000,3178000,17315000,2241000,2241000,0.22,0.22,0,2086000,-92000,-47000,2046000,11928000,92000,17.23,19.4,15.05,None,None,2.79,6.73,None,0,None,0.1122,0.7179,None,None,0.2,3.7686
2005-12-31,10153633,10153633,1,41714000,28757000,15705000,11632000,25986000,23000,0,3526000,3225000,None,None,None,None,None,0,11065000,-126000,-8070000,2557000,9882000,126000,17.8,22.91,12.7,None,None,2.56,7.61,None,0,None,0.1241,0.623,None,None,1.08,2.4722
2005-09-30,10153633,10153633,1,36640000,23739000,12896000,9277000,23727000,17000,0,3526000,3271000,17087000,1940000,1940000,0.19,0.19,0,-11236000,-52000,17327000,6303000,7325000,52000,14.78,19.55,10,None,None,2.34,7.95,None,0,None,0.1379,0.6476,None,None,-1.11,2.5589
2005-06-30,10153633,10153633,1,31828000,22400000,12883000,9165000,18928000,17000,0,3526000,3318000,15241000,1680000,1680000,0.17,0.17,0,None,None,None,None,1022000,0,None,None,None,None,None,1.86,None,None,0,None,0.1753,0.5947,None,None,None,2.4441
