"Quarter end","Shares","Shares split adjusted","Split factor","Assets","Current Assets","Liabilities","Current Liabilities","Shareholders equity","Non-controlling interest","Preferred equity","Goodwill & intangibles","Long-term debt","Revenue","Earnings","Earnings available for common stockholders","EPS basic","EPS diluted","Dividend per share","Cash from operating activities","Cash from investing activities","Cash from financing activities","Cash change during period","Cash at end of period","Capital expenditures","Price","Price high","Price low","ROE","ROA","Book value of equity per share","P/B ratio","P/E ratio","Cumulative dividends per share","Dividend payout ratio","Long-term debt to equity ratio","Equity to assets ratio","Net margin","Asset turnover","Free cash flow per share","Current ratio"
2019-03-31,182565329,182565329,1,69195000000,None,61607000000,None,7588000000,0,566000000,1014000000,1228000000,708000000,213000000,205000000,1.1,1.04,0.3,-42000000,87000000,-123000000,-78000000,536000000,25000000,45.92,51.81,40.03,0.1174,0.0127,38.46,1.22,11.25,16.56,0.275,0.1749,0.1015,0.2932,0.04,-0.37,None
2018-12-31,186159654,186159654,1,68746000000,None,61168000000,None,7578000000,0,566000000,1015000000,724000000,715000000,226000000,217000000,1.14,1.06,0.3,351000000,-1967000000,1713000000,97000000,614000000,34000000,45.17,52.26,38.08,0.1209,0.0132,37.67,1.24,12.69,16.26,0.2346,0.1033,0.102,0.3055,0.04,1.7,None
2018-09-30,192185109,192185109,1,66731000000,None,59178000000,None,7553000000,0,566000000,1015000000,879000000,701000000,223000000,215000000,1.11,1.04,0.3,387000000,-410000000,72000000,49000000,517000000,36000000,52.39,54.99,49.79,0.106,0.0118,36.36,1.44,16.17,15.96,0.234,0.1258,0.1047,0.2736,0.04,1.83,None
2018-06-30,194402811,194402811,1,66457000000,None,58836000000,None,7621000000,0,566000000,1015000000,384000000,686000000,197000000,187000000,0.95,0.89,0.3,163000000,100000000,-265000000,-2000000,468000000,26000000,55.02,59.19,50.84,0.0963,0.0109,36.29,1.53,17.86,15.66,0.2063,0.0544,0.1062,0.2543,0.04,0.7,None
2018-03-31,197114982,197114982,1,66481000000,None,58837000000,None,7644000000,0,566000000,1016000000,384000000,680000000,238000000,231000000,1.16,1.09,0.14,275000000,-429000000,76000000,-78000000,470000000,27000000,53.52,57.29,49.76,0.0913,0.0105,35.91,1.48,20.58,15.36,0.1521,0.0543,0.1065,0.2444,0.04,1.26,None
2017-12-31,196514295,196514295,1,66288000000,None,58609000000,None,7679000000,0,566000000,1016000000,384000000,667000000,125000000,115000000,0.57,0.54,0.16,126000000,-842000000,723000000,7000000,548000000,35000000,47.85,52.2,43.5,0.0772,0.009,36.2,1.33,17.99,15.22,0.1596,0.054,0.1073,0.2108,0.04,0.46,None
2017-09-30,199743776,199743776,1,65564000000,None,57803000000,None,7761000000,0,566000000,1017000000,384000000,661000000,160000000,152000000,0.75,0.72,0.12,227000000,-24000000,-143000000,60000000,541000000,36000000,44.47,47.7,41.23,0.0791,0.0093,36.02,1.25,17.72,15.06,0.1296,0.0534,0.1097,0.2195,0.04,0.96,None
2017-06-30,202172188,202172188,1,65446000000,None,57697000000,None,7749000000,0,566000000,1019000000,384000000,660000000,168000000,154000000,0.76,0.73,0.08,195000000,-173000000,-107000000,-85000000,481000000,43000000,41.64,44.85,38.43,0.0747,0.009,35.53,1.2,18.76,14.94,0.1236,0.0535,0.1098,0.2096,0.04,0.75,None
2017-03-31,202629299,202629299,1,65463000000,None,57733000000,None,7730000000,0,710000000,1021000000,383000000,621000000,139000000,129000000,0.63,0.61,0.08,380000000,-2880000000,2329000000,-171000000,566000000,47000000,43.71,48.33,39.09,0.0663,0.0083,34.64,1.28,21.96,14.86,0.1322,0.0546,0.1072,0.1896,0.04,1.64,None
2016-12-31,202422704,202422704,1,63239165000,None,55604859000,None,7634306000,0,709601000,1022549000,534850000,608714000,137401000,124990000,0.61,0.6,0.08,133222000,-1957092000,2008045000,184175000,737327000,52482000,37.11,44.15,30.07,0.0596,0.0077,34.21,1.08,20.39,14.78,0.1388,0.0772,0.1095,0.1726,0.04,0.4,None
2016-09-30,203718022,203718022,1,61038860000,None,53359553000,None,7679307000,0,709601000,1024458000,570385000,614074000,127263000,116895000,0.57,0.57,0.08,228279000,-1456540000,1221151000,-7110000,553152000,51307000,27.19,31.35,23.02,0.0547,0.0072,34.21,0.81,16.38,14.7,0.1419,0.0818,0.1142,0.1596,0.04,0.87,None
2016-06-30,205110866,205110866,1,59642992000,None,52016609000,None,7626383000,0,709601000,1026410000,698712000,590566000,113949000,90647000,0.44,0.44,0.06,11804000,-158745000,189400000,42459000,560262000,51859000,26.3,29.46,23.14,0.0506,0.0069,33.72,0.79,21.74,14.62,0.1437,0.101,0.116,0.1493,0.04,-0.2,None
2016-03-31,204623502,204623502,1,59179913000,None,51554176000,None,7625737000,0,828490000,1028388000,802448000,569603000,90437000,78777000,0.38,0.38,0.06,222762000,136123000,-639401000,-280516000,517803000,40015000,23.28,26.91,19.65,0.0376,0.0052,33.22,0.71,19.4,14.56,0.1961,0.1181,0.1149,0.1178,0.04,0.89,None
2015-12-31,204506825,204506825,1,59669525000,None,52162006000,None,7507519000,0,828490000,1030401000,0,572897000,102487000,88197000,0.43,0.43,0.06,148799000,-1156289000,1203115000,195625000,798319000,51246000,28.7,31.18,26.22,0.0375,0.0053,32.66,0.88,26.09,14.5,0.1821,0,0.1119,0.1179,0.04,0.48,None
2015-09-30,204294516,204294516,1,58410927000,None,50772832000,None,7638095000,0,1004159000,1032675000,0,556190000,100999000,84238000,0.41,0.41,0.06,212522000,-271230000,-96836000,-155544000,602694000,38747000,29.42,32.42,26.42,0.0347,0.005,32.47,0.92,27.24,14.44,0.181,0,0.1136,0.1083,0.04,0.85,None
2015-06-30,204170220,204170220,1,58365459000,None,50835284000,None,7530175000,0,1004032000,1034972000,0,424125000,13960000,-1100000,-0.01,-0.01,0.06,85031000,-810035000,762384000,37380000,758238000,33835000,29.62,33.03,26.2,0.0343,0.005,31.96,0.93,17.95,14.38,0.1664,0,0.1118,0.107,0.04,0.25,None
2015-03-31,203209100,203209100,1,57555931000,None,50101633000,None,7454298000,0,1004032000,1037291000,0,539168000,92025000,75279000,0.37,0.37,0.04,88817000,-413164000,203263000,-121084000,720858000,33533000,26.22,28.72,23.72,0.0525,0.0069,31.74,0.84,15.51,14.32,0.0998,0,0.1121,0.1499,0.04,0.27,None
2014-12-31,203193271,203193271,1,57208874000,None,49839344000,None,7369530000,0,1004011000,1039649000,0,559826000,81814000,66761000,0.33,0.33,0.04,116875000,-1444275000,1584614000,257214000,845905000,36915000,27.48,29.93,25.02,0.0545,0.0071,31.33,0.88,26.42,14.28,0.0972,0,0.1113,0.1492,0.04,0.39,None
2014-09-30,202932251,202932251,1,55458870000,None,48136711000,None,7322159000,0,1004006000,1042289000,0,532890000,95888000,79127000,0.39,0.39,0.04,198248000,-1147836000,154148000,-795440000,588691000,26153000,29.16,30.89,27.44,0.0348,0.0049,31.13,1.04,16.38,14.24,0.1548,0,0.1139,0.0987,0.04,0.85,None
2014-06-30,202782493,202782493,1,55111275000,None,48411185000,None,6700090000,0,1004006000,1044955000,0,541133000,119550000,104490000,0.56,0.56,0.04,12426000,1175652000,-1145266000,42812000,1384131000,35815000,29.76,31.87,27.65,0.06,0.0052,28.09,0.99,19.71,14.2,0.0915,0,0.1034,0.1627,0.04,-0.12,None
2014-03-31,184895233,184895233,1,56080844000,None,49494628000,None,6586216000,0,1003970000,1047691000,0,554784000,101210000,76190000,0.41,0.41,0.04,126558000,75902000,-36224000,166236000,1341319000,76916000,30.57,33.33,27.82,0.0524,0.0046,30.19,1.03,19.35,14.16,0.1049,0,0.0995,0.1375,0.04,0.27,None
2013-12-31,184870116,184870116,1,56031127000,None,49566564000,None,6464563000,0,1003970000,1050573000,0,400885000,-41472000,-59437000,-0.32,-0.32,0.04,82733000,-882955000,610223000,-189999000,1175083000,25142000,28.51,30.13,26.89,0.0561,0.0048,29.54,0.99,13.58,14.12,0.0816,0,0.0975,0.1446,0.04,0.31,None
2013-09-30,184615234,184615234,1,55188312000,None,48855503000,None,6332809000,0,1003970000,1053796000,0,537711000,111514000,209707000,1.12,1.13,0.04,272473000,-240842000,150354000,181985000,1365082000,20905000,29.09,31.4,26.79,0.0761,0.0066,28.86,1.05,22.38,14.08,0.0474,0,0.0966,0.1838,0.04,1.36,None
2013-06-30,184522379,184522379,1,54904540000,None,48044208000,None,6860332000,0,1728659000,1057368000,0,555805000,83026000,55385000,0.3,0.29,0.04,311094000,-669046000,612232000,254280000,1183097000,26733000,26.26,29.41,23.1,0.0486,0.0067,27.81,0.96,20.05,14.04,0.0534,0,0.0935,0.1128,0.04,1.54,None
2013-03-31,184249786,184249786,1,54110564000,None,47759911000,None,6355405000,-4752000,1301289000,1061129000,0,539334000,110723000,88324000,0.48,0.48,0.01,210266000,399683000,-1523039000,-913090000,928817000,15800000,23.71,25.86,21.56,0.0496,0.0069,27.43,0.89,24.44,14,0.0305,0,0.0934,0.1127,0.04,1.06,None
2012-12-31,184188095,184188095,1,55511918000,None,49463277000,None,6052069000,-3428000,1128302000,1064947000,0,484116000,58252000,35605000,0.2,0.2,0.01,163259000,-1591029000,2208759000,780989000,1841907000,20932000,20.84,22.66,19.03,0.0375,0.0065,26.73,0.8,20.63,13.99,0.0412,0,0.0887,0.083,0.04,0.77,None
2012-09-30,184169076,184169076,1,53087001000,None,47168746000,None,5921117000,-2862000,1123377000,1070163000,0,563387000,109851000,62322000,0.33,0.33,0.01,93566000,313824000,-471145000,-63755000,1060918000,15145000,19.63,21.68,17.58,0.04,0.0072,26.05,0.77,19.06,13.98,0.0393,0,0.0904,0.0841,0.04,0.43,None
2012-06-30,184148177,184148177,1,53407012000,None,46917649000,None,6491971000,-2608000,1800473000,1074406000,0,555009000,91737000,55215000,0.3,0.3,0.01,260707000,-567889000,349669000,42487000,1124673000,17655000,19.5,21.55,17.45,0.0411,0.0072,25.48,0.77,21.91,13.97,0.0387,0,0.0878,0.0843,0.04,1.32,None
2012-03-31,184197207,184197207,1,52896307000,None,46509529000,None,6389113000,-2335000,1737633000,1078667000,0,549298000,89676000,25489000,0.14,0.14,0.01,248095000,-63880000,-326379000,-142164000,1082186000,15162000,19.6,22.81,16.4,0.0357,0.0069,25.25,0.78,23.61,13.96,0.0449,0,0.0879,0.0731,0.04,1.26,None
2011-12-31,184150142,184150142,1,53149109000,None,46165881000,None,6985308000,-2080000,2377560000,1082959000,0,560212000,89019000,44420000,0.24,0.24,0.01,265716000,-1604309000,1460175000,121582000,1224350000,15440000,15.85,18.51,13.18,0.0334,0.0063,25.02,0.64,None,13.95,0.048,0,0.0867,0.068,0.04,1.36,None
2011-09-30,184290334,184290334,1,51531320000,None,44612403000,None,6920766000,-1849000,2354523000,1087700000,0,591637000,109093000,65165000,0.35,0.35,0.01,215904000,-260786000,112622000,67740000,1102768000,22749000,19.39,24.71,14.07,-0.0003,0.0032,24.78,0.78,None,13.94,None,0,0.0886,None,0.04,1.05,None
2011-06-30,184304666,184304666,1,51361414000,None,44448323000,None,6914593000,-1502000,2329370000,1092507000,0,544521000,72875000,29038000,0.16,0.16,0.01,346226000,-655844000,395506000,85888000,1035028000,19295000,23.14,24.92,21.36,-0.032,0.0001,24.88,0.93,None,13.93,None,0,0.0893,None,0.04,1.77,None
2011-03-31,183824938,183824938,1,50807708000,None,44063121000,None,6745852000,-1265000,2162399000,1097360000,0,557999000,52817000,14767000,0.08,0.08,0.01,269221000,28495000,-272702000,25014000,949140000,20185000,23.84,25.6,22.08,-0.0676,-0.0034,24.93,0.95,None,13.92,None,0,0.0902,None,0.04,1.35,None
2010-12-31,183017092,183017092,1,51034886000,None,44387672000,None,6648279000,-1065000,2056672000,1103059000,0,520107000,-72200000,-110287000,-0.61,-0.61,0.01,331065000,-502978000,35393000,-136520000,924126000,20572000,21.71,24.58,18.84,-0.091,-0.0057,25.09,0.84,None,13.91,None,0,0.09,None,0.04,1.7,None
2010-09-30,177957790,177957790,1,51047776000,None,44553185000,None,6495432000,-841000,1875463000,1109289000,0,562075000,-47325000,-80469000,-0.47,-0.47,0.01,372628000,753047000,-1133784000,-8109000,1060646000,25636000,21.15,24.39,17.91,-0.108,-0.0078,25.96,0.79,None,13.9,None,0,0.0905,None,0.04,1.95,None
2010-06-30,173340649,173340649,1,52147295000,None,45726193000,None,6421842000,-740000,1806877000,1115586000,0,522759000,-110066000,-135228000,-0.84,-0.84,0.01,88013000,-528833000,464184000,23364000,1068755000,17038000,25.75,30.29,21.22,-0.1345,-0.0098,26.62,0.96,None,13.89,None,0,0.0885,None,0.05,0.41,None
2010-03-31,160261186,160261186,1,51712981000,None,45856069000,None,5842206000,14706000,1532323000,1015161000,0,562910000,-63137000,-86521000,-0.57,-0.57,0.01,669288000,-1646933000,652847000,-324798000,1045391000,15825000,18.37,23.85,12.88,-0.111,-0.0087,26.89,0.66,None,13.88,None,0,0.0833,None,0.06,4.08,None
2009-12-31,150401679,150401679,1,51123007000,None,45412750000,None,5692658000,17599000,1502784000,1015161000,0,522776000,-181130000,-176482000,-1.25,-1.25,0.01,331819000,2025251000,-1979821000,377249000,1370189000,31175000,15.77,19.03,12.5,-0.2986,-0.023,27.86,0.53,None,13.87,None,0,0.082,None,0.05,2,None
2009-09-30,138209896,138209896,1,53298150000,None,47603909000,None,5672708000,21533000,1529462000,1017385000,0,742920000,-157671000,-181880000,-1.43,-1.43,0.01,360391000,263610000,-860266000,-236265000,992940000,14489000,15.3,20.36,10.25,-0.3604,-0.0281,29.98,0.46,None,13.86,None,0,0.0777,None,0.05,2.5,None
2009-06-30,126435577,126435577,1,52767954000,None,47013259000,None,5730674000,24021000,1491730000,1017385000,0,1106424000,-50729000,-23758000,-0.21,-0.21,0.04,211190000,998581000,-1302538000,-92767000,1229205000,20408000,14.93,20.97,8.88,-0.2869,-0.0244,33.53,0.43,None,13.85,None,0,0.0803,None,0.05,1.51,None
2009-03-31,115297366,115297366,1,54545012000,None,48965178000,None,5553006000,26828000,1587027000,1034465000,0,329513000,-826581000,-852327000,-7.47,-7.47,0.04,154498000,355425000,-663927000,-154004000,1321972000,37275000,15.71,25.52,5.9,-0.2529,-0.022,34.4,0.37,None,13.81,None,0,0.0727,None,0.03,1.02,None
2008-12-31,115337627,115337627,1,55092791000,None,48563775000,None,6501696000,27320000,1581834000,1651377000,0,426152000,-482976000,-498084000,-4.36,-4.36,0.32,390070000,-1714949000,1358898000,34019000,1475976000,32358000,34.5,47.94,21.07,-0.0551,-0.0049,42.66,0.71,14.74,13.77,None,0,0.0893,None,0.04,3.1,None
2008-09-30,115343553,115343553,1,53974168000,None,48377853000,None,5566027000,30288000,0,2009504000,0,581613000,37760000,33351000,0.31,0.31,0.43,495299000,745166000,-1550232000,-309767000,1441957000,37999000,62.37,107.21,17.53,0.0465,0.0049,48.26,1.27,19.19,13.45,0.7539,0,0.1031,0.1137,0.04,3.96,None
2008-06-30,107574383,107574383,1,54630883000,None,49331825000,None,5273530000,25528000,0,2009511000,0,557115000,72198000,69744000,0.65,0.65,0.43,-17717000,-1253949000,1362851000,91185000,1751724000,18029000,40.3,51.15,29.46,0.0658,0.0068,49.02,0.81,10,13.02,0.5301,0,0.0965,0.1557,0.04,-0.33,None
2008-03-31,107553006,107553006,1,53408293000,None,48050079000,None,5327801000,30413000,0,2009517000,0,597458000,106749000,104296000,0.98,0.98,0.43,306297000,-848532000,347619000,-194616000,1660539000,25778000,48.18,57.05,39.31,0.0823,0.0087,49.54,0.98,10.93,12.59,0.4252,0,0.0998,0.1896,0.04,2.61,None
2007-12-31,107139628,107139628,1,52947414000,None,47623675000,None,5292800000,30939000,0,2009513000,0,458651000,45541000,42198000,0.4,0.4,0.43,220481000,-2727470000,2880906000,373917000,1855155000,25744000,59.35,73,45.7,0.0912,0.0099,49.4,1.21,11.16,12.16,0.3765,0,0.1,0.209,0.05,1.82,None
2007-09-30,106979500,106979500,1,50044686000,None,44750295000,None,5256980000,37411000,0,2021519000,0,622460000,135732000,131962000,1.24,1.22,0.43,206102000,-1433683000,1067873000,-159708000,1481238000,28592000,74.47,81.43,67.51,0.1126,0.0122,49.14,1.53,13.49,11.73,0.3038,0,0.105,0.2399,0.05,1.66,None
2007-06-30,107578083,107578083,1,48691445000,None,43434649000,None,5224702000,32094000,0,2013314000,0,610688000,159214000,155607000,1.44,1.43,0.43,179085000,-240798000,128140000,66427000,1640946000,26188000,81.3,86,76.59,0.1204,0.0129,48.57,1.67,14.94,11.3,0.2805,0,0.1073,0.252,0.05,1.42,None
2007-03-31,108099964,108099964,1,48558866000,None,43259005000,None,5261170000,38691000,0,2011889000,0,602497000,153258000,149655000,1.38,1.36,0.39,127232000,-654342000,162819000,-364291000,1574519000,22699000,84.87,88.56,81.18,0.1231,0.0128,48.67,1.87,15.83,10.87,0.2721,0,0.1083,0.2516,0.05,0.97,None
2006-12-31,109997378,109997378,1,46970226000,None,41940412000,None,4987023000,42791000,0,1900517000,0,597229000,146508000,146508000,1.34,1.31,0.39,395773000,-999198000,925325000,321900000,1938810000,34671000,80.26,83.15,77.37,0.1266,0.0129,45.34,1.85,14.95,10.48,0.2709,0,0.1062,0.2518,0.05,3.28,None
2006-09-30,106925913,106925913,1,45777747000,None,41093423000,None,4643166000,41158000,0,1884328000,0,591840000,153674000,153674000,1.45,1.42,0.36,194434000,-831610000,480257000,-156919000,1616910000,33078000,79.67,84.09,75.25,0.1278,0.0128,43.42,1.91,15.06,10.09,0.2713,0,0.1014,0.2553,0.05,1.51,None
2006-06-30,106677220,106677220,1,45142086000,None,40666137000,None,4447330000,28619000,0,1881256000,0,574086000,145310000,145310000,1.37,1.35,0.36,243896000,-1677100000,1622176000,188972000,1773829000,31117000,80.23,84.18,76.28,0.1333,0.013,41.69,1.96,15.31,9.73,0.2756,0,0.0985,0.2578,0.05,1.99,None
2006-03-31,106111205,106111205,1,43318029000,None,38945318000,None,4343816000,28895000,0,1884225000,0,552778000,137633000,137633000,1.3,1.28,0.36,212884000,-732118000,397501000,-121733000,1584857000,23566000,80.19,85.25,75.13,0.1398,0.0133,40.94,2,15.54,9.37,0.2782,0,0.1003,0.2623,0.05,1.78,None
2005-12-31,105876061,105876061,1,42779639000,None,38514824000,None,4237264000,27551000,0,1887588000,0,492865000,128107000,128107000,1.35,1.32,0.36,393921000,-811791000,1015258000,597388000,1706590000,18355000,72.17,77.67,66.67,0.1478,0.0136,40.02,2.17,14.46,9.01,0.2818,0,0.099,0.2667,0.05,3.55,None
2005-09-30,90133492,90133492,1,33422701000,None,30396809000,None,2999173000,26719000,0,639120000,0,451901000,122970000,122970000,1.37,1.34,0.36,-14448000,-568283000,459406000,-123325000,1109202000,16889000,71.22,74,68.45,0.1583,0.0141,33.27,2.18,14.9,8.65,0.2755,0,0.0897,0.2664,0.05,-0.35,None
2005-06-30,90078005,90078005,1,32875294000,None,29912721000,None,2937908000,24665000,0,638933000,0,437480000,118810000,118810000,1.32,1.3,0.36,113399000,-863030000,896676000,147045000,1232527000,17868000,70.71,75.17,66.25,0.1549,0.0138,32.62,2.25,15.47,8.29,0.2799,0,0.0894,0.2617,0.05,1.06,None
2005-03-31,89688887,89688887,1,31883486000,None,29035382000,None,2821766000,26338000,0,638933000,0,417947000,110234000,110234000,1.23,1.2,0.36,261322000,-188444000,161606000,234484000,1085482000,14883000,66.89,70.45,63.33,0.1519,0.0133,31.46,2.15,14.96,7.93,0.2842,0,0.0885,0.2568,0.05,2.75,None
2004-12-31,89854635,89854635,1,31469834000,None,28656496000,None,2789979000,23359000,0,642645000,0,408331000,104981000,104981000,1.18,1.15,0.32,152236000,-1130037000,762283000,-215518000,850998000,22640000,64.41,69.29,59.53,0.1507,0.0132,31.05,2.12,14.74,7.57,0.2782,0,0.0887,0.255,0.05,1.44,None
2004-09-30,89662981,89662981,1,30731040000,None,27982298000,None,2724261000,24481000,0,642645000,0,404271000,102495000,102495000,1.14,1.13,0.32,423366000,-336125000,-145557000,-58316000,1066516000,20818000,61.39,64.38,58.4,0.1508,0.0132,30.38,2.08,15.66,7.25,0.2801,0,0.0886,0.2534,0.05,4.49,None
2004-06-30,89515706,89515706,1,30894325000,None,28236153000,None,2636451000,21721000,0,650557000,0,391524000,98842000,98842000,1.1,1.09,0.32,-35971000,-678644000,780712000,66097000,1124832000,13471000,58.06,62.04,54.08,0.1385,0.0122,29.45,1.98,15.08,6.93,0.307,0,0.0853,0.2188,0.06,-0.55,None
2004-03-31,89529401,89529401,1,29789703000,None,27143891000,None,2621965000,23847000,0,649354000,0,388233000,99669000,99669000,1.11,1.1,0.3,122741000,-1031345000,847988000,-60616000,1058735000,15360000,58.83,61.72,55.93,0.1382,0.0123,29.29,2.08,15.81,6.61,0.2846,0,0.088,0.2171,0.06,1.2,None
2003-12-31,89683386,89683386,1,28558238000,None,25998439000,None,2540023000,19776000,0,654152000,0,381029000,95610000,95610000,1.06,1.05,0.3,141062000,-1109455000,919133000,-49260000,1119351000,21901000,59.91,63.86,55.95,0.1362,0.0122,28.32,2.17,18.32,6.31,0.2713,0,0.0889,0.2131,0.06,1.33,None
2003-09-30,89859546,89859546,1,27604188000,None,25098001000,None,2485971000,20216000,0,654161000,0,467255000,62084000,62084000,0.69,0.68,0.3,143316000,20203000,-220224000,-56705000,1168611000,18177000,54.02,58.14,49.89,0.122,0.0109,27.67,1.96,17.89,6.01,0.2785,0,0.0901,0.19,0.06,1.39,None
2003-06-30,89734812,89734812,1,27805628000,None,25303212000,None,2479421000,22995000,0,730069000,0,374758000,92425000,92425000,1.03,1.02,0.21,-39604000,-261451000,438461000,137406000,1225316000,19637000,48.06,53.88,42.25,0.1142,0.0102,27.63,1.8,16.63,5.71,0.2696,0,0.0892,0.1915,0.05,-0.66,None
2003-03-31,90141139,90141139,1,27208734000,None,24772945000,None,2412504000,23285000,0,730069000,0,362547000,87704000,87704000,0.97,0.97,0.21,195413000,-791657000,596858000,614000,1087910000,23557000,42.05,44.78,39.31,0.1115,0.01,26.76,1.6,15.13,5.5,0.2782,0,0.0887,0.1858,0.05,1.91,None
2002-12-31,90457596,90457596,1,26565689000,None,24169169000,None,2373843000,22677000,0,730031000,0,360770000,55126000,55126000,0.61,0.6,0.2,75008000,-226282000,213123000,61849000,1087296000,23221000,39.25,44.37,34.14,0.1092,0.0099,26.24,1.51,13.26,5.29,0.2847,0,0.0894,0.1815,0.05,0.57,None
2002-09-30,90917139,90917139,1,26289314000,None,23908685000,None,2357601000,23028000,0,724353000,0,336121000,39446000,39446000,0.43,0.43,0.2,154027000,-444442000,291084000,669000,1025447000,40989000,48.82,55.34,42.3,0.1175,0.0108,25.93,1.92,14.75,5.09,0.2684,0,0.0897,0.194,0.06,1.24,None
2002-06-30,91708110,91708110,1,25734714000,None,23374654000,None,2337278000,22782000,0,736524000,0,363052000,82075000,82075000,0.89,0.89,0.2,37774000,-753836000,834229000,118167000,1024778000,14939000,54.59,59.65,49.54,0.1337,0.0124,25.49,2.16,17.01,4.89,0.2397,0,0.0908,0.2147,0.06,0.25,None
2002-03-31,91766001,91766001,1,24839623000,None,22503485000,None,2315369000,20769000,0,769379000,0,352013000,79631000,79631000,0.87,0.86,0.2,9256000,-597867000,516613000,-71998000,906611000,18672000,53.89,59.46,48.32,0.132,0.0123,25.23,2.17,17.55,4.69,0.247,0,0.0932,0.2139,0.06,-0.1,None
2001-12-31,91987261,91987261,1,24304164000,None,22006973000,None,2280869000,16322000,0,770763000,0,356556000,71886000,71886000,0.78,0.78,0.2,461386000,-355925000,-37317000,68144000,978609000,19842000,47.95,53.61,42.3,0.1282,0.0118,24.8,1.97,15.77,4.49,0.2602,0,0.0938,0.2068,0.06,4.8,None
2001-09-30,91745036,91745036,1,24255570000,None,22006789000,None,2235167000,13614000,0,744033000,0,355422000,72797000,72797000,0.79,0.78,0.2,294985000,-821266000,457908000,-68373000,910465000,23762000,55.13,60.04,50.23,0.1331,0.0119,24.36,2.32,18.38,4.29,0.2633,0,0.0922,0.2125,0.06,2.96,None
2001-06-30,92376614,92376614,1,23487799000,None,21274003000,None,2197722000,16074000,0,826021000,0,328911000,73595000,73595000,0.8,0.79,0.2,-67297000,445395000,-460385000,-82287000,978838000,26512000,54.91,59.55,50.26,0.1378,0.0118,23.79,2.39,18.93,4.09,0.2678,0,0.0936,0.2183,0.05,-1.02,None
2001-03-31,92130795,92130795,1,23548179000,None,21378514000,None,2116054000,53611000,0,763394000,0,327606000,64742000,64742000,0.73,0.72,0.2,154303000,345772000,-486202000,13873000,1061125000,21808000,54.88,64,45.75,0.1408,0.0115,22.97,2.73,29.66,3.89,0.2782,0,0.0899,0.2182,0.05,1.44,None
2000-12-31,88567900,88567900,1,21939443000,None,20120742000,None,1778844000,39857000,0,641440000,0,292286000,65965000,65965000,0.75,0.75,0.2,263316000,-221920000,63511000,104907000,1047252000,34181000,54.78,62.75,46.81,0.0963,0.0075,20.08,2.78,34.02,3.69,0.4783,0,0.0811,0.1624,0.05,2.59,None
2000-09-30,86998202,86998202,1,21924319000,None,20169048000,None,1715695000,39576000,0,1276514000,0,283378000,64644000,64644000,0.74,0.74,0.2,-59897000,92986000,27192000,60281000,942345000,13119000,46.41,51.75,41.06,0.0903,0.007,19.72,2.47,31.15,3.49,0.4006,0,0.0783,0.1472,0.05,-0.84,None
2000-06-30,86884952,86884952,1,21458435000,None,19784025000,None,1633984000,40426000,0,1295128000,0,265197000,59583000,59583000,0.7,0.69,0.2,128368000,-651809000,475742000,-47699000,882064000,18449000,44.28,48.63,39.94,0.0843,0.0066,18.81,2.39,31.86,3.29,0.5007,0,0.0761,0.1388,0.05,1.27,None
2000-03-31,85700478,85700478,1,20996557000,None,19370811000,None,1585667000,40079000,0,1313860000,0,154681000,-28492000,-28492000,-0.33,-0.33,0.29,17400000,-598358000,612421000,31463000,929763000,16539000,48.09,59.75,36.44,0.0791,0.0062,18.5,2.48,21.19,3.09,0.5952,0,0.0755,0.1306,0.05,0.01,None
1999-12-31,85619013,85619013,1,20280900000,None,18581813000,None,1659838000,39249000,0,1332438000,0,308325000,53126000,53126000,0.53,0.51,0,1544000,-217086000,312920000,97378000,898300000,28268000,60.38,67.56,53.19,0.1292,0.0104,19.39,3.51,31.45,2.8,0.3028,0,0.0818,0.1925,0.05,-0.31,None
1999-09-30,85502626,85502626,1,18950991000,None,17444070000,None,1468827000,38094000,0,1268186000,0,236422000,49641000,49641000,0.63,0.62,0.29,144375000,-971359000,686926000,-140058000,742714000,28248000,56.7,64.41,49,0.1077,0.0086,17.18,3.08,30.82,2.8,0.4521,0,0.0775,0.1648,0.05,1.36,None
1999-06-30,79000686,79000686,1,17966504000,None,16476977000,None,1452365000,37162000,0,1285904000,0,234211000,47638000,47638000,0.6,0.59,0.29,-157685000,-341835000,580646000,81126000,882772000,22959000,64.98,75.88,54.09,0.1126,0.0091,18.38,3.6,36.92,2.51,0.3794,0,0.0808,0.1675,0.05,-2.29,None
1999-03-31,79009123,79009123,1,17450978000,None,15987447000,None,1425932000,37599000,0,1302552000,0,229076000,43659000,43659000,0.55,0.55,0.14,13194000,-324129000,248135000,-62800000,801646000,14294000,62.66,68.31,57,0.1165,0.0094,18.05,3.56,36.22,2.22,0.3172,0,0.0817,0.1693,0.06,-0.01,None
1998-12-31,78752711,78752711,1,17020231000,None,15600484000,None,1385077000,34670000,0,1327212000,0,236991000,13433000,13433000,0.17,0.16,0.14,86955000,238618000,-14465000,311108000,864446000,27259000,50.76,62.38,39.13,0.1297,0.01,17.59,4.06,24.52,2.08,0.3135,0,0.0814,0.1773,0.06,0.76,None
1998-09-30,78195837,78195837,1,12385434000,None,11408166000,None,977268000,0,0,337738000,0,180356000,42739000,42739000,0.55,0.54,0.14,-45720000,-208922000,176028000,-78614000,618651000,14024000,47.81,57.25,38.38,0.1888,0.014,12.5,3.88,23.67,1.94,0.2456,0,0.0789,0.2325,0.06,-0.76,None
1998-06-30,75048706,75048706,1,11780537000,None,10855892000,None,924645000,0,0,341986000,0,164682000,37449000,37449000,0.51,0.51,0.14,166088000,-481360000,387455000,72183000,682130000,11014000,51.03,54,48.06,0.1962,0.0138,12.32,4.88,25.77,1.8,0.242,0,0.0785,0.2344,0.06,2.07,None
1998-03-31,69171676,69171676,1,10611585000,None,9887771000,None,723814000,0,0,339942000,0,151737000,36441000,36441000,0.53,0.52,0.12,-267289000,92529000,91036000,-83724000,586031000,11405000,47.63,55.69,39.56,0.2073,0.0142,10.46,5.02,24.9,1.66,0.234,0,0.0682,0.2414,0.06,-4.03,None
1997-12-31,69053648,69053648,1,9521770000,None,8866310000,None,655460000,0,0,317672000,0,169253000,38241000,38241000,0.5,None,0.12,160797000,339740000,-433287000,67250000,626814000,12907000,41.81,46,37.63,0.2101,0.0144,9.49,4.29,22.45,1.54,0.2367,0,0.0688,0.2472,0.06,2.14,None
1997-09-30,59599119,59599119,1,9059721000,None,8478592000,None,581129000,0,0,256720000,0,118105000,29382000,29382000,0.49,None,0.12,242091000,-1086488000,937427000,93030000,509905000,11560000,37.91,41.13,34.69,0.2035,0.0144,9.75,3.84,21,1.42,0.2442,0,0.0641,0.2603,0.06,3.87,None
1997-06-30,59773268,59773268,1,8049952000,None,7460758000,None,589194000,0,0,203926000,0,108206000,28037000,28037000,0.47,None,0.12,-255327000,16304000,294318000,55295000,416875000,6690000,33.01,37.63,28.38,0.2054,0.015,9.86,3.79,18.76,1.3,0.2463,0,0.0732,0.2664,0.06,-4.38,None
1997-03-31,14448230,57792920,4,7240612000,None,6737043000,None,503569000,0,0,0,0,99402000,26702000,26702000,1.81,None,0.44,-124897000,-634884000,717030000,-42751000,361580000,7405000,29.47,33.25,25.69,0.2114,0.0157,8.71,3.39,17.23,1.18,0.2426,0,0.0695,0.2713,0.06,-2.29,None
1996-12-31,14576026,58304104,4,6484964000,None,5977512000,None,507452000,0,0,0,0,100561000,26855000,26855000,1.8,None,0.44,175334000,177695000,-328563000,24466000,404331000,6201000,23.97,26,21.94,0.2122,0.0159,8.7,2.88,14.59,1.07,0.2457,0,0.0783,0.2729,0.06,2.9,None
1996-09-30,14762947,59051788,4,6783341000,None,6292856000,None,490485000,0,0,0,0,94761000,25760000,25760000,1.73,None,0.44,81762000,-701061000,660548000,41249000,379865000,5357000,20.22,22.44,18,0.2119,0.0157,8.31,2.52,12.72,0.96,0.2519,0,0.0723,0.2729,0.06,1.29,None
1996-06-30,14773841,59095364,4,6087914000,None,5614392000,None,473522000,0,0,0,0,90016000,25064000,25064000,1.7,None,0.41,-86976000,298760000,-267663000,-55879000,338616000,4845000,18.38,19.75,17,0.2137,0.0159,8.01,2.43,12.15,0.85,0.2462,0,0.0778,0.273,0.06,-1.55,None
1996-03-31,14483997,57935988,4,6202683000,None,5764061000,None,438622000,0,0,0,0,86026000,23671000,23671000,1.61,None,0.41,-18294000,-557959000,552681000,-23572000,394495000,4222000,18.25,19.81,16.69,0.2132,0.0154,7.57,2.47,13.2,0.75,0.2478,0,0.0707,0.2692,0.06,-0.39,None
1995-12-31,14500299,58001196,4,5620646000,None,5192140000,None,428506000,0,0,0,0,84705000,22515000,22515000,1.53,None,0.41,118151000,22841000,-65492000,75500000,418067000,5419000,17.75,20.28,15.22,0.2018,0.0147,7.39,2.52,13.73,0.64,0.252,0,0.0762,0.2592,0.06,1.94,None
1995-09-30,14539905,58159620,4,5667670000,None,5257704000,None,409966000,0,0,0,0,81859000,22291000,22291000,1.52,None,0.35,-71977000,115179000,-26082000,17120000,342567000,4394000,13.88,15.38,12.38,0.1966,0.0142,7.05,2.06,11.45,0.54,0.2486,0,0.0723,0.2529,0.06,-1.31,None
1995-06-30,14522853,58091412,4,5664339000,None,5272054000,None,392285000,0,0,0,0,78002000,20521000,20521000,1.39,None,0.35,26324000,-473779000,493638000,46183000,325447000,4720000,11.02,12.5,9.53,0.1915,0.0137,6.75,1.69,9.65,0.45,0.2546,0,0.0693,0.2456,0.06,0.37,None
1995-03-31,14605126,58420504,4,5105608000,None,4724633000,None,380975000,0,0,0,0,69242000,16001000,16001000,1.09,None,0.3,137655000,-328464000,153130000,-37679000,279264000,2993000,9.51,10.13,8.88,0.1868,None,6.52,1.51,8.72,0.37,0.2551,0,0.0746,0.2408,0.05,2.31,None
1994-12-31,14562970,58251880,4,4934095000,None,4568325000,None,365770000,0,0,0,0,71904000,17306000,17306000,1.17,None,0.3,-29093000,351977000,-315114000,7770000,316943000,7159000,9.1,9.81,8.38,0.1849,None,6.28,1.49,None,0.29,0.2631,0,0.0741,0.2348,0.05,-0.62,None
1994-09-30,14555896,58223584,4,5228382000,None,4874052000,None,354330000,0,0,0,0,71968000,17665000,17665000,1.2,None,0.3,121404000,164641000,-242789000,43256000,309173000,2010000,9.89,10.16,9.63,None,None,6.09,1.68,None,0.22,None,0,0.0678,None,None,2.05,None
1994-06-30,14554683,58218732,4,5452447000,None,5110629000,None,341818000,0,0,0,0,66739000,16418000,16418000,1.11,None,0.28,147264000,-246052000,93981000,-4807000,265917000,1566000,9.88,10.5,9.25,None,None,5.87,1.76,None,0.14,None,0,0.0627,None,None,2.5,None
1994-03-31,14213257,56853028,4,5232172000,None,4913464000,None,318708000,0,0,0,0,61197000,12438000,12438000,0.88,None,0.28,-292173000,-195654000,419581000,-68246000,270724000,963000,9.54,9.94,9.13,None,None,5.61,1.87,None,0.07,None,0,0.0609,None,None,-5.16,None
1993-12-31,14202699,56810796,4,4365556000,None,4075165000,None,290391000,0,0,0,0,None,None,None,None,None,0,None,None,None,None,303751000,0,10.19,11.38,9,None,None,5.11,None,None,0,None,0,0.0665,None,None,None,None
