"Quarter end","Shares","Shares split adjusted","Split factor","Assets","Current Assets","Liabilities","Current Liabilities","Shareholders equity","Non-controlling interest","Preferred equity","Goodwill & intangibles","Long-term debt","Revenue","Earnings","Earnings available for common stockholders","EPS basic","EPS diluted","Dividend per share","Cash from operating activities","Cash from investing activities","Cash from financing activities","Cash change during period","Cash at end of period","Capital expenditures","Price","Price high","Price low","ROE","ROA","Book value of equity per share","P/B ratio","P/E ratio","Cumulative dividends per share","Dividend payout ratio","Long-term debt to equity ratio","Equity to assets ratio","Net margin","Asset turnover","Free cash flow per share","Current ratio"
2019-06-30,1045231646,1045231646,1,114867000000,8352000000,83445000000,10999000000,31131000000,291000000,291000000,475000000,39682000000,5098000000,899000000,899000000,0.86,0.85,0.62,1769000000,-1452000000,-295000000,22000000,1386000000,993000000,53.72,56.54,50.89,0.1597,0.039,29.51,1.84,16.58,56.17,0.5673,1.2867,0.2685,0.2011,0.19,0.74,0.7593
2019-03-31,1040295732,1040295732,1,114096000000,8709000000,83118000000,9919000000,30687000000,291000000,291000000,5869000000,40457000000,5412000000,2059000000,2084000000,2.01,1.99,0.6,744000000,2454000000,-3353000000,-155000000,1364000000,-2509000000,47.95,52.65,43.26,0.1302,0.0301,29.22,2.01,22.1,55.55,0.7327,1.331,0.2664,0.1496,0.2,3.13,0.878
2018-12-31,1034564279,1034564279,1,116914000000,9583000000,87584000000,14286000000,25014000000,4316000000,291000000,5928000000,40736000000,5337000000,278000000,278000000,0.26,0.27,0.6,1361000000,-2260000000,527000000,-372000000,1519000000,13184000000,45.24,47.98,42.5,0.0909,0.0204,23.9,1.87,18.93,54.95,1.0931,1.6477,0.2115,0.0947,0.21,-11.43,0.6708
2018-09-30,1028888684,1028888684,1,111717000000,9384000000,83328000000,12965000000,25201000000,3188000000,324000000,5989000000,41425000000,6159000000,1222000000,1164000000,1.14,1.13,0.6,2326000000,124000000,-2576000000,-126000000,1891000000,-184000000,46,49.43,42.57,0.1008,0.0226,24.18,1.97,19.83,54.35,0.9809,1.6652,0.2227,0.1027,0.21,2.44,0.7238
2018-06-30,1014136083,1014136083,1,112777000000,11619000000,85761000000,14366000000,23960000000,3056000000,324000000,6017000000,42483000000,5627000000,-127000000,-154000000,-0.15,-0.15,0.6,1749000000,-1629000000,-393000000,-273000000,2017000000,1731000000,44.64,46.85,42.42,0.098,0.0217,23.31,1.83,40.95,53.75,1.0056,1.7974,0.2096,0.0986,0.21,0.02,0.8088
2018-03-31,1011624620,1011624620,1,111567000000,9524000000,85218000000,13630000000,25000000000,1349000000,324000000,7074000000,44446000000,6372000000,936000000,938000000,0.93,0.92,0.58,1509000000,-1995000000,629000000,143000000,2290000000,1725000000,45.23,48.07,42.38,0.047,0.0108,24.39,1.91,54.49,53.15,2.0796,1.8012,0.2212,0.0475,0.21,-0.21,0.6988
2017-12-31,1008159482,1008159482,1,111005000000,10072000000,85153000000,13594000000,24167000000,1685000000,324000000,7141000000,44462000000,5629000000,500000000,496000000,0.49,0.49,0.58,1142000000,-504000000,-349000000,289000000,2130000000,8237000000,50.72,53.51,47.92,0.0352,0.0084,23.65,2.15,92.22,52.57,2.7358,1.8648,0.2148,0.0366,0.21,-7.04,0.7409
2017-09-30,1003627691,1003627691,1,110315000000,9202000000,83956000000,12603000000,24082000000,2277000000,407000000,7169000000,44042000000,6201000000,1109000000,1069000000,1.07,1.06,0.58,2511000000,-1798000000,-305000000,408000000,1841000000,1924000000,48.75,50.8,46.71,0.0235,0.0241,23.59,2.1,75,51.99,4.0102,1.8603,0.2146,0.0251,0.21,0.58,0.7301
2017-06-30,999474028,999474028,1,108684000000,8837000000,83274000000,12751000000,23372000000,2038000000,163000000,423000000,43885000000,5430000000,-1348000000,-1381000000,-1.38,-1.38,0.58,1845000000,-2086000000,580000000,339000000,1433000000,1977000000,49.92,51.97,47.87,0.0258,0.0157,23.22,1.99,18.63,51.41,3.5676,1.8909,0.2135,0.0277,0.21,-0.13,0.693
2017-03-31,994598783,994598783,1,109760000000,8427000000,82482000000,12284000000,25094000000,2184000000,163000000,7186000000,42786000000,5771000000,665000000,658000000,0.66,0.66,0.56,897000000,-2803000000,1025000000,-881000000,1094000000,1486000000,49.52,51.47,47.57,0.1092,0.0302,25.07,2,19.42,50.83,0.8348,1.7162,0.2271,0.1208,0.21,-0.59,0.686
2016-12-31,991051161,991051161,1,109697000000,9722000000,82803000000,12917000000,24758000000,2136000000,208000000,7221000000,42629000000,5208000000,2214000000,221000000,0.22,0.21,0.56,632000000,-3408000000,2082000000,-694000000,1975000000,9762000000,49.22,52.23,46.2,0.1065,0.0262,24.77,1.96,18.71,50.27,0.8698,1.7364,0.2238,0.123,0.21,-9.21,0.7527
2016-09-30,979999480,979999480,1,106362000000,9658000000,80015000000,10567000000,24547000000,1800000000,0,7165000000,41550000000,6264000000,176000000,1130000000,1.17,1.16,0.56,2147000000,-3965000000,2590000000,772000000,2669000000,1822000000,52.32,54.64,50,0.1118,0.029,25.05,2.24,20.76,49.71,0.8275,1.6927,0.2308,0.1368,0.21,0.33,0.914
2016-06-30,941598673,941598673,1,90873000000,15149000000,67262000000,8514000000,22015000000,1596000000,0,754000000,35368000000,4459000000,89000000,612000000,0.65,0.65,0.56,1250000000,-10478000000,10371000000,1143000000,1897000000,1547000000,50.63,53.64,47.62,0.1089,0.0309,23.38,2.24,19.78,49.15,0.8644,1.6065,0.2423,0.1338,0.22,-0.32,1.7793
2016-03-31,918258425,918258425,1,78735000000,5461000000,56389000000,7856000000,20797000000,1549000000,0,318000000,26091000000,3965000000,50000000,485000000,0.53,0.53,0.5425,865000000,-2197000000,682000000,-650000000,754000000,2038000000,48.86,51.73,46,0.1121,0.032,22.65,2.03,18.86,48.59,0.8434,1.2546,0.2641,0.1357,0.23,-1.28,0.6951
2015-12-31,912846995,912846995,1,78318000000,6526000000,56336000000,9129000000,21982000000,0,0,319000000,24688000000,3568000000,2254000000,271000000,0.3,0.29,0.54,1186000000,-2400000000,1509000000,295000000,1404000000,9041000000,45.44,47.5,43.38,0.1133,0.0325,24.08,2,17.41,48.05,0.8262,1.1231,0.2807,0.1353,0.23,-8.6,0.7149
2015-09-30,908938919,908938919,1,75215000000,6270000000,53292000000,9689000000,20664000000,1259000000,0,320000000,22326000000,5401000000,102000000,959000000,1.05,1.05,0.5425,2981000000,-2114000000,-571000000,296000000,1109000000,4210000000,44.33,46.84,41.81,0.1167,0.0286,22.73,2,18.78,47.51,0.8137,1.0804,0.2747,0.1326,0.25,-1.35,0.6471
2015-06-30,908424808,908424808,1,74181000000,6605000000,53035000000,8694000000,20182000000,964000000,0,71000000,22674000000,4337000000,46000000,629000000,0.69,0.69,0.5425,1194000000,-1659000000,166000000,-299000000,813000000,-689000000,43.42,45.44,41.4,0.1059,0.0288,22.22,1.9,18.48,46.96,0.8958,1.1235,0.2721,0.1196,0.25,2.07,0.7597
2015-03-31,908261371,908261371,1,71610000000,6372000000,50616000000,9185000000,20773000000,221000000,0,48000000,21093000000,4183000000,33000000,508000000,0.56,0.56,0.525,913000000,-1107000000,596000000,402000000,1112000000,1097000000,48.35,53.16,43.55,0.106,0.0294,22.87,2.21,22.18,46.42,0.8927,1.0154,0.2901,0.1177,0.26,-0.2,0.6937
2014-12-31,909877898,909877898,1,70923000000,6370000000,49997000000,8967000000,19949000000,977000000,0,48930000,20841000000,4017000000,1903086000,283000000,0.32,0.31,0.52,1128000000,-2251000000,419000000,-704000000,710000000,13181962000,47.41,51.28,43.55,0.1003,0.0301,21.92,2.15,20.26,45.9,0.9515,1.0447,0.2813,0.1063,0.27,-13.25,0.7104
2014-09-30,899812716,899812716,1,67654000000,6258000000,47041000000,6890000000,19857000000,756000000,0,49626000,21699000000,5339000000,63631000,718000000,0.8,0.8,0.525,2617000000,-1388000000,-398000000,831000000,1414000000,4077000,43.67,45.47,41.87,0.1083,0.0085,22.07,2.01,17.4,45.38,0.8823,1.0928,0.2935,0.1139,0.28,2.9,0.9083
2014-06-30,895696608,895696608,1,66400000000,5376000000,46218000000,5974000000,19426000000,756000000,0,44108000,22121000000,4467000000,30812000,611000000,0.68,0.68,0.525,967000000,-1554000000,580000000,-7000000,583000000,-988530000,44.68,46.81,42.55,0.1168,0.021,21.69,2.09,20.59,44.85,0.8181,1.1387,0.2926,0.1234,0.28,2.18,0.8999
2014-03-31,890811428,890811428,1,64838000000,5140000000,45012000000,4835000000,19070000000,756000000,0,44726000,22288000000,4644000000,33471000,351000000,0.39,0.39,0.5075,1103000000,-1215000000,43000000,-69000000,590000000,1202000000,42.14,44,40.27,0.1022,0.0255,21.41,1.97,22.53,44.33,0.9383,1.1687,0.2941,0.1073,0.28,-0.11,1.0631
2013-12-31,887940630,887940630,1,64546000000,5599000000,44782000000,5536000000,19008000000,756000000,0,45344000,21344000000,3927000000,431000000,414000000,0.48,0.47,0.51,1686000000,-1640000000,-69000000,-23000000,659000000,7282400000,41.48,42.94,40.03,0.089,0.0267,21.41,1.95,22.67,43.82,1.0768,1.1229,0.2945,0.0962,0.27,-6.3,1.0114
2013-09-30,881740546,881740546,1,64697000000,5785000000,45163000000,5704000000,18778000000,756000000,0,45963000,21053000000,5017000000,869000000,852000000,0.97,0.97,0.5075,2464000000,-1473000000,-733000000,258000000,682000000,1335980000,43.19,45.75,40.63,0.0882,0.0263,21.3,2.09,21.92,43.31,1.0808,1.1212,0.2902,0.0957,0.26,1.28,1.0142
2013-06-30,873903083,873903083,1,63961000000,6001000000,45165000000,7346000000,18040000000,756000000,0,46581000,19943000000,4246000000,313000000,297000000,0.34,0.34,0.5075,1210000000,-1350000000,49000000,-91000000,424000000,1537600000,45.53,48.74,42.32,0.0952,0.0286,20.64,2.2,19.46,42.8,0.9926,1.1055,0.282,0.1028,0.27,-0.37,0.8169
2013-03-31,870390537,870390537,1,63274000000,5932000000,44530000000,6439000000,18037000000,707000000,0,47199000,20223000000,3897000000,97000000,81000000,0.09,0.09,0.49,737000000,-1279000000,429000000,-113000000,515000000,1227000000,44.89,46.95,42.82,0.1129,0.0341,20.72,2.13,16.81,42.29,0.8285,1.1212,0.2851,0.1226,0.27,-0.56,0.9213
2012-12-31,868969827,868969827,1,63149000000,6162000000,44145000000,7014000000,18297000000,707000000,0,47818000,19274000000,3703000000,399000000,383000000,0.46,0.43,0.49,854000000,-1410000000,-72000000,-628000000,628000000,1205349000,44.42,47.09,41.75,0.1292,0.0393,21.06,2.08,17.49,41.8,0.7205,1.0534,0.2897,0.1421,0.27,-0.4,0.8785
2012-09-30,874105516,874105516,1,61963000000,6696000000,42617000000,6569000000,18639000000,707000000,0,48436000,18955000000,5049000000,993000000,976000000,1.11,1.11,0.49,2287000000,-967000000,-723000000,597000000,1256000000,1254151000,46.62,48.59,44.64,0.1237,0.0379,21.32,2.25,18.72,41.31,0.7517,1.017,0.3008,0.1348,0.27,1.18,1.0193
2012-06-30,874796883,874796883,1,60897000000,6373000000,42066000000,6088000000,18124000000,707000000,0,49092000,19459000000,4181000000,639000000,623000000,0.71,0.71,0.49,1189000000,-1364000000,-210000000,-385000000,659000000,1237500000,46.34,48.45,44.22,0.1221,0.0376,20.72,2.27,18.69,40.82,0.7628,1.0737,0.2976,0.1282,0.28,-0.06,1.0468
2012-03-31,868690126,868690126,1,59874000000,6041000000,41468000000,6317000000,17699000000,707000000,0,49287000,19051000000,3604000000,384000000,368000000,0.42,0.42,0.4725,568000000,-1427000000,588000000,-271000000,1044000000,1261000000,44.89,46.06,43.71,0.123,0.0381,20.37,2.21,17.6,40.33,0.7586,1.0764,0.2956,0.1246,0.3,-0.8,0.9563
2011-12-31,866573913,866573913,1,59267000000,6272000000,40982000000,6577000000,17578000000,707000000,0,49483000,18647000000,3696000000,277000000,261000000,0.29,0.3,0.47,1305000000,-1285000000,-221000000,-201000000,1315000000,1493803000,43.84,46.69,41,0.1283,0.0399,20.28,2.14,18.04,39.86,0.7291,1.0608,0.2966,0.1248,0.31,-0.22,0.9536
2011-09-30,861928103,861928103,1,57343000000,6495000000,39003000000,5657000000,17633000000,707000000,0,49678000,18733000000,5428000000,933000000,916000000,1.07,1.06,0.4725,2209000000,-834000000,-296000000,1079000000,1516000000,1007000000,39.41,43.09,35.73,0.1246,0.0387,20.46,1.99,16.84,39.39,0.7539,1.0624,0.3075,0.1181,0.32,1.39,1.1481
2011-06-30,857652680,857652680,1,56023000000,5502000000,38334000000,5699000000,16982000000,707000000,0,49874000,18554000000,4521000000,620000000,604000000,0.71,0.7,0.4725,1391000000,-1180000000,-184000000,27000000,437000000,1090000000,39.15,40.87,37.43,0.1212,0.0373,19.8,2.02,17.4,38.92,0.7783,1.0926,0.3031,0.1133,0.32,0.35,0.9654
2011-03-31,849122723,849122723,1,55019000000,5240000000,37847000000,6037000000,16465000000,707000000,0,0,18133000000,4012000000,438000000,422000000,0.5,0.49,0.455,998000000,-884000000,-151000000,-37000000,410000000,1087000000,37.65,38.79,36.51,0.1181,0.036,19.39,1.97,15.95,38.45,0.8023,1.1013,0.2993,0.1099,0.32,-0.1,0.868
2010-12-31,845614704,845614704,1,55032000000,5883000000,38123000000,6472000000,16202000000,707000000,0,0,18154000000,3771352000,169475000,153060000,0.17,0.18,0.45,464399000,-1250016000,-26396000,-812013000,447000000,1221865000,37.86,38.62,37.1,0.125,0.0378,19.16,1.95,15.2,37.99,0.7599,1.1205,0.2944,0.1131,0.32,-0.9,0.909
2010-09-30,838671173,838671173,1,54894780000,6609452000,37932504000,5994412000,16254948000,707328000,0,0,18198225000,5319912000,833433000,817238000,0.98,0.97,0.455,2111639000,-970444000,-148738000,992457000,1258735000,975646000,35.36,37.73,33,0.1339,0.0401,19.38,1.89,14.09,37.54,0.7154,1.1195,0.2961,0.1164,0.33,1.35,1.1026
2010-06-30,830705693,830705693,1,53374490000,5524262000,37134201000,5935450000,15532961000,707328000,0,0,18134554000,4207419000,526389000,510194000,0.62,0.61,0.455,676002000,-947352000,198578000,-72772000,266278000,913208000,33.75,35.45,32.04,0.1363,0.0404,18.7,1.83,13.5,37.09,0.7095,1.1675,0.291,0.1191,0.33,-0.29,0.9307
2010-03-31,824535663,824535663,1,52580045000,5220131000,36677870000,5515903000,15194847000,707328000,0,0,18097952000,4157317000,510703000,494508000,0.6,0.6,0.4375,738960000,-1088188000,-1444000,-350672000,339050000,1082281000,32.29,33.73,30.85,0.1382,0.0404,18.43,1.78,15.67,36.63,0.7059,1.1911,0.289,0.1195,0.33,-0.42,0.9464
2009-12-31,820372722,820372722,1,52046000000,5873000000,36461000000,5584000000,14878000000,707000000,0,0,18131000000,4111695000,265106000,248691000,0.31,0.31,0.44,903216000,-1462652000,642156000,82720000,690000000,1524880000,32.68,34.47,30.89,0.1168,0.0337,18.14,1.82,16.51,36.19,0.8448,1.2186,0.2859,0.1044,0.31,-0.76,1.0518
2009-09-30,800211378,800211378,1,50524207000,5881933000,35454791000,5176014000,15069416000,0,707367000,0,18010235000,4681482000,806170000,789975000,0.99,0.99,0.4375,1740169000,-1051288000,-863861000,-174980000,606861000,731161000,31.47,32.67,30.27,0.1156,0.0328,17.95,1.82,15.81,35.75,0.8565,1.254,0.2843,0.1071,0.3,1.26,1.1364
2009-06-30,796051643,796051643,1,50417049000,6389370000,35926012000,5662762000,14491037000,0,707367000,0,17921409000,3885164000,494808000,478613000,0.61,0.6,0.4375,218484000,-683030000,574207000,109661000,781841000,1056747000,29.62,32.05,27.19,0.117,0.0325,17.32,1.75,15.35,35.32,0.846,1.3002,0.2734,0.108,0.29,-1.05,1.1283
2009-03-31,782433682,782433682,1,49557114000,5948748000,35597039000,5458297000,13960075000,0,707367000,0,17805963000,3064659000,141916000,125721000,0.16,0.16,0.42,401131000,-1122030000,976498000,255599000,672180000,1136212000,32.05,37.62,26.48,0.1145,0.0313,16.94,1.88,14.31,34.88,0.8644,1.3436,0.2674,0.1069,0.29,-0.94,1.0899
2008-12-31,777621764,777621764,1,48347000000,5358000000,33989000000,5226000000,14358000000,0,1082000000,0,20826000000,3121216000,185978000,185978000,0.24,0.23,0.42,811365000,-1146229000,-54605000,-389469000,417000000,1100882000,34,38.18,29.82,0.134,0.0363,17.07,1.97,14.98,34.46,0.7372,1.5687,0.2746,0.1239,0.29,-0.37,1.0253
2008-09-30,774580361,774580361,1,49012349000,5824701000,34526430000,5890685000,14485919000,0,1081863000,0,15781761000,4478292000,780436000,780436000,1.01,1,0.42,1209025000,-955826000,358853000,612052000,806019000,876941000,37.23,40,34.46,0.1377,0.0372,17.3,2.25,16.4,34.04,0.7178,1.1774,0.2735,0.1291,0.29,0.43,0.9888
2008-06-30,770187296,770187296,1,47858255000,5368616000,34005919000,5705948000,13852336000,0,1081863000,0,15582929000,3449878000,416382000,416382000,0.54,0.54,0.42,857579000,-1028704000,116243000,-54882000,193967000,970270000,36.05,37.81,34.28,0.1392,0.0375,16.58,2.2,15.74,33.62,0.7141,1.2202,0.2668,0.1315,0.29,-0.15,0.9409
2008-03-31,767212302,767212302,1,46595753000,4826000000,32950572000,5442611000,13645181000,0,1081863000,0,14887512000,3005614000,359204000,359204000,0.47,0.47,0.4025,520031000,-995241000,523509000,48299000,248849000,1012907000,37.16,40.6,33.71,0.143,0.0386,16.38,2.29,16.37,33.2,0.6981,1.185,0.2696,0.136,0.28,-0.64,0.8867
2007-12-31,764712159,764712159,1,45789000000,4732000000,32324000000,5631000000,13465000000,0,1080000000,0,18279000000,2704429000,204163000,204163000,0.27,0.26,0.4,927663000,-1149518000,-111806000,-333661000,201000000,1075941000,37.25,39.35,35.15,0.1445,0.0389,16.2,2.29,16.63,32.8,0.6963,1.4759,0.2705,0.1372,0.28,-0.19,0.8403
2007-09-30,759478801,759478801,1,45308214000,5435854000,32194631000,6116640000,13113583000,0,766302000,0,13404668000,4085704000,761995000,761995000,1,1,0.4025,1492967000,-877402000,-249895000,365670000,534507000,900702000,35.43,37.7,33.16,0.1462,0.0392,16.26,2.27,15.89,32.4,0.6947,1.0856,0.2725,0.1381,0.28,0.78,0.8887
2007-06-30,756427551,756427551,1,44144746000,4754108000,31611686000,5440705000,12533060000,0,743929000,0,13207639000,3105056000,429153000,429153000,0.57,0.56,0.4025,712520000,-894208000,189036000,7348000,168837000,825973000,36.2,38.9,33.5,0.1475,0.0394,15.59,2.37,16.53,31.99,0.6939,1.1203,0.2671,0.1388,0.28,-0.15,0.8738
2007-03-31,751808611,751808611,1,43105434000,4024338000,30878724000,5495827000,12226710000,0,743938000,0,12288193000,2743811000,338689000,338689000,0.45,0.45,0.3875,261850000,-787872000,520665000,-5357000,161489000,742384000,36.05,37.25,34.85,0.1467,0.0391,15.27,2.37,17.25,31.59,0.7022,1.0701,0.2664,0.1367,0.29,-0.64,0.7323
2006-12-31,748594220,748594220,1,42858000000,4019000000,30743000000,6353000000,12115000000,0,744000000,0,14983000000,2505777000,188185000,188185000,0.26,0.23,0.39,839815000,-685529000,-405272000,-250986000,167000000,881220000,35.95,37.4,34.49,0.1423,0.038,15.19,2.37,17.45,31.2,0.7272,1.3177,0.2653,0.1333,0.28,-0.06,0.6326
2006-09-30,742740228,742740228,1,42035719000,4782538000,30153053000,5984604000,11882666000,0,596713000,0,10989564000,3853423000,737985000,737985000,0.99,0.99,0.3875,1236557000,-987637000,-93723000,155197000,418097000,945084000,33.5,35,32.01,0.1418,0.038,15.2,2.29,16.42,30.81,0.7296,0.9737,0.2685,0.1076,0.35,0.39,0.7991
2006-06-30,742286154,742286154,1,40801215000,4320382000,29359289000,5400195000,11441926000,0,595612000,0,11296969000,2970387000,385223000,385223000,0.52,0.52,0.3875,685223000,-655924000,-67185000,-37886000,262900000,621435000,31.87,33.25,30.48,0.1419,0.0382,14.61,2.21,15.62,30.43,0.7295,1.0415,0.2658,0.1078,0.35,0.09,0.8
2006-03-31,742048440,742048440,1,39977404000,4212016000,28658063000,4938106000,11319341000,0,595616000,0,11340843000,2471413000,261607000,261607000,0.35,0.35,0.3725,58405000,-504910000,545180000,98675000,300786000,546261000,34.12,35.89,32.34,0.143,0.0389,14.45,2.37,16.09,30.04,0.7226,1.0575,0.2682,0.1112,0.35,-0.66,0.853
2005-12-31,741738001,741738001,1,39877000000,4205000000,28592000000,5240000000,11285000000,0,596000000,0,10958000000,5057745000,159015000,159015000,0.22,0.2,0.37,450148000,-784556000,125268000,-209140000,202000000,663955000,34.55,36.33,32.76,0.1499,0.0412,14.41,2.37,15.85,29.67,0.6882,1.0252,0.268,0.1174,0.35,-0.29,0.8025
2005-09-30,741495041,741495041,1,39383703000,4452188000,28006967000,4943945000,11376736000,0,560442000,0,10894264000,3672355000,722204000,722204000,0.97,0.97,0.3725,1287710000,-552260000,-555869000,179581000,416339000,522268000,34.86,36.47,33.24,0.1556,0.0431,14.59,2.47,16.76,29.3,0.6649,1.0072,0.2746,0.1462,0.3,1.03,0.9005
2005-06-30,746811645,746811645,1,38070142000,3585997000,26960262000,4290934000,11109880000,0,560442000,0,10727802000,2555091000,386821000,386821000,0.52,0.52,0.3725,621330000,-740972000,-25389000,-145031000,236758000,704259000,33.3,35,31.6,0.1501,0.0419,14.13,2.38,16.4,28.92,0.6905,1.0169,0.2771,0.1422,0.29,-0.11,0.8357
2005-03-31,744318776,744318776,1,37289953000,3600148000,26321443000,3720698000,10968510000,0,560450000,0,10655460000,2268809000,322960000,322960000,0.43,0.43,0.3575,170812000,-551212000,388990000,8590000,381789000,479518000,32.74,34.34,31.14,0.149,0.0416,13.98,2.37,15.97,28.55,0.6932,1.0238,0.2791,0.1335,0.31,-0.41,0.9676
2004-12-31,742831334,742831334,1,36962000000,3463000000,26123000000,3791000000,10839000000,0,561000000,0,14127000000,2698250000,204253000,204253000,0.27,0.26,0.36,610109000,-623560000,102696000,89245000,373000000,652839000,31.94,33.92,29.95,0.1522,0.0423,13.84,2.29,16.3,28.19,0.6843,1.3745,0.2781,0.1287,0.33,-0.06,0.9135
2004-09-30,739686919,739686919,1,36498152000,3372160000,25627004000,3247087000,10871148000,0,569738000,0,10746392000,3440805000,644473000,644473000,0.87,0.87,0.3575,1176751000,-459445000,-624442000,92864000,284029000,417931000,29.75,30.65,28.86,0.1466,0.0407,13.93,2.22,15.41,27.83,0.7145,1.0432,0.2822,0.124,0.33,1.03,1.0385
2004-06-30,738180277,738180277,1,35935204000,3168487000,25449891000,3698074000,10485313000,0,569738000,0,10274868000,3008895000,352132000,352132000,0.48,0.47,0.35,597149000,-614166000,-117309000,-134326000,191165000,526563000,29.23,30.59,27.86,0.1463,0.0407,13.43,2.2,14.26,27.48,0.7216,1.0362,0.2759,0.123,0.33,0.1,0.8568
2004-03-31,737463215,737463215,1,35367297000,2894861000,25065889000,3579109000,10301408000,0,523126000,0,10111378000,2754050000,331142000,331142000,0.45,0.45,0.35,307991000,-554829000,261055000,14217000,325491000,512667000,29.98,30.87,29.1,0.1573,0.0438,13.26,2.29,14.92,27.13,0.6778,1.0341,0.2765,0.1316,0.33,-0.28,0.8088
2003-12-31,735504409,735504409,1,35045000000,2917000000,24974000000,3617000000,10071000000,0,423000000,0,13513000000,2519779000,125479000,125479000,0.17,0.17,0.35,678048000,-603352000,-346613000,-271917000,311000000,548675000,29.52,30.4,28.65,0.1576,0.0436,13.12,2.23,14.26,26.78,0.686,1.4006,0.2753,0.131,0.33,0.18,0.8065
2003-09-30,732199800,732199800,1,33892522000,3420958000,23785394000,4085654000,10107128000,0,423126000,0,9750117000,3319096000,618835000,618835000,0.85,0.84,0.35,1236051000,-396231000,-467510000,372310000,582949000,382183000,29.15,30.53,27.76,0.1662,0.046,13.23,2.3,14.15,26.43,0.6585,1.0068,0.2857,0.1212,0.38,1.17,0.8373
2003-06-30,728512169,728512169,1,33293294000,2958295000,21472558000,4145408000,11820736000,0,2603126000,0,9525874000,2859223000,431887000,431887000,0.6,0.59,0.343,791785000,-593760000,-296803000,-98778000,210639000,535763000,29.88,31.81,27.94,0.168,0.0461,12.65,2.43,15.48,26.08,0.6608,1.0334,0.2769,0.125,0.37,0.35,0.7136
2003-03-31,721737312,721737312,1,32850424000,2921616000,21176471000,4822076000,11673953000,0,2803126000,0,8703516000,2552902000,297799000,297799000,0.41,0.41,0.343,360116000,-600657000,276926000,36385000,309395000,535379000,29.26,30.81,27.71,0.1609,0.0437,12.29,2.41,15.9,25.73,0.6996,0.9811,0.27,0.1236,0.35,-0.24,0.6059
2002-12-31,718075975,718075975,1,31799000000,2967000000,20371000000,5014000000,11428000000,0,2718000000,0,12945000000,3771446000,166909000,166909000,0.23,0.23,0.34,575841000,-702643000,106792000,-20010000,273000000,720452000,28.01,30.85,25.17,0.1559,0.0423,12.13,2.29,15.74,25.39,0.7298,1.4862,0.2739,0.1249,0.34,-0.2,0.5917
2002-09-30,713478436,713478436,1,31451605000,3132781000,20130185000,4561768000,11321420000,0,2600126000,0,8826399000,2748787000,595413000,595413000,0.84,0.83,0.3425,1213765000,-676614000,-918834000,-381683000,293025000,586564000,26.45,29.02,23.89,0.1531,0.0413,12.22,2.26,15.2,25.05,0.7491,1.0121,0.2773,0.1231,0.34,0.88,0.6867
2002-06-30,708661642,708661642,1,31310472000,3344629000,19938480000,5279536000,11371992000,0,3084376000,0,8026795000,2185048000,331392000,331392000,0.47,0.46,0.335,596412000,-800883000,583093000,378622000,674708000,729829000,27.02,28.39,25.65,0.1515,0.0405,11.69,2.35,16.18,24.71,0.7648,0.9685,0.2647,0.1207,0.34,-0.19,0.6335
2002-03-31,704486641,704486641,1,30197004000,2750176000,19446752000,3892951000,10750252000,0,2644376000,0,8931746000,1843719000,224286000,224286000,0.32,0.32,0.335,444982000,-780860000,277949000,-57929000,296086000,680155000,25.63,26.78,24.49,0.1477,0.0392,11.51,2.25,14.08,24.37,8.9309,1.1019,0.2684,0.1153,0.34,-0.33,0.7065
2001-12-31,700085336,700085336,1,29824000000,2956000000,19196000000,4372000000,10628000000,0,2644000000,0,11368000000,3515307000,115504000,115504000,0.17,0.17,0.33,None,None,None,48567000,354000000,600592000,24.14,25.98,22.3,0.1482,0.0419,11.4,2.1,13.34,24.04,8.2516,1.4238,0.2677,0.1243,0.34,None,0.6761
2001-09-30,695131435,695131435,1,29798711000,3273252000,19212235000,4646112000,10586476000,0,2614376000,0,7940585000,2611359000,554378000,554378000,0.8,0.79,0.335,988704000,-542963000,-340345000,105396000,305624000,604569000,24.02,26,22.05,0.137,0.0413,11.47,2.2,12.19,23.71,8.2691,0.996,0.2675,0.1409,0.29,0.55,0.7045
2001-06-30,689744563,689744563,1,29267181000,3039577000,19117749000,5010845000,10149432000,0,2614376000,0,7531212000,2145856000,272573000,272573000,0.39,0.39,14.0924,394836000,-789542000,412993000,20472000,200228000,741656000,22.38,23.88,20.89,0.1381,0.0388,10.92,1.45,10.66,23.37,7.8866,0.9995,0.2575,0.1384,0.28,-0.5,0.6066
2001-03-31,685024375,685024375,1,31527037000,2651121000,18350018000,4122220000,13177019000,0,2614376000,0,7695096000,1882478000,319545000,319545000,0.47,0.47,0.335,121395000,-747083000,303585000,-19435000,179756000,670183000,18.9,21.65,16.15,0.1403,0.038,15.42,1.21,9.4,9.28,0.6415,0.7285,0.335,0.1402,0.27,-0.8,0.6431
2000-12-31,681946097,681946097,1,31362000000,2825000000,18058000000,3737000000,13304000000,0,2614000000,0,10515000000,2294000000,112119000,112119000,0.16,0.16,0.33,None,None,None,-336687000,199000000,306423000,30.69,33.88,27.5,0.1389,0.0344,15.68,2.13,15.04,8.95,0.6684,0.9836,0.3409,0.1304,0.26,None,0.756
2000-09-30,650878248,650878248,1,43531909000,7467076000,30788934000,11255151000,12067988000,674987000,2688301000,0,11947225000,3198000000,613533000,613533000,0.95,0.95,0.335,1163297000,-890874000,-212243000,60180000,834674000,733433000,29.2,35,23.41,0.1458,0.0331,14.41,2.12,14.67,8.62,0.6551,1.2737,0.2155,0.1274,0.26,0.66,0.6634
2000-06-30,648627046,648627046,1,39521490000,4135121000,27161502000,7676860000,11610904000,749084000,2690071000,0,12412755000,2522000000,341904000,341904000,0.52,0.52,0.335,808465000,-735826000,244191000,316830000,787923000,645545000,24.79,27.88,21.69,0.1454,0.0343,13.75,1.82,12.91,8.28,0.6599,1.3914,0.2257,0.1213,0.28,0.25,0.5386
2000-03-31,648623748,648623748,1,38451514000,3313986000,26194067000,7126553000,11506176000,751271000,2694245000,0,12140624000,2052000000,245444000,245444000,0.38,0.38,0.335,336147000,-625431000,293961000,4677000,471093000,539599000,23.13,25.88,20.38,0.14,0.034,13.59,1.63,12.44,7.95,0.683,1.3777,0.2292,0.1159,0.29,-0.31,0.465
1999-12-31,649563507,649563507,1,38396000000,3529000000,25771000000,7133000000,11900000000,725000000,2696000000,0,11747000000,2615706000,122516000,122516000,0.19,0.19,0.33,783431000,-1260579000,174880000,-302268000,466000000,865775000,24.59,27.13,22.06,0.1345,0.0341,14.17,1.74,15.47,7.61,0.7071,1.2763,0.2397,0.1101,0.31,-0.13,0.4947
1999-09-30,673093100,673093100,1,38224599000,3968047000,25192413000,6452303000,12323080000,709106000,2797355000,0,11509697000,3736649000,615183000,615183000,0.9,0.9,0.335,1111599000,-329696000,-463052000,318851000,767621000,358365000,26.5,28,25,0.1143,0.0299,14.15,1.9,18.53,7.28,0.8334,1.2083,0.2492,0.0959,0.31,1.12,0.615
1999-06-30,683159074,683159074,1,37569764000,3631560000,24670306000,7203619000,12318675000,580783000,2794128000,0,10264011000,2791080000,313985000,313985000,0.45,0.45,0.335,638707000,-2026629000,1282597000,-105325000,448770000,555460000,25.97,29.19,22.75,0.1024,0.0276,13.94,1.87,18.96,6.95,0.9239,1.0776,0.2535,0.0895,0.31,0.12,0.5041
1999-03-31,697089561,697089561,1,35437799000,3188735000,22364701000,5353727000,12500156000,572942000,2796026000,0,9952508000,2441565000,224316000,224316000,0.32,0.32,0.335,189263000,-597096000,90575000,-317258000,554095000,495400000,26.44,29.63,23.25,0.0973,0.0268,13.92,1.89,18.89,6.61,0.9706,1.0256,0.2738,0.0847,0.32,-0.44,0.5956
1998-12-31,698630431,698630431,1,36192000000,3706000000,23312000000,5742000000,12345000000,535000000,2548000000,0,10472000000,2519119000,-51504000,-51504000,-0.08,-0.08,0.33,720756000,-1230650000,523421000,13527000,872000000,368897000,29.38,31.56,27.19,0.099,0.0273,14.02,2.02,16.69,6.28,0.9534,1.0689,0.2707,0.0857,0.32,0.5,0.6454
1998-09-30,697240412,697240412,1,35951708000,4011708000,22814455000,5000971000,12544781000,592472000,2397132000,0,10697270000,3456785000,516029000,516029000,0.74,0.74,0.335,930588000,-413070000,-346322000,171196000,858293000,413756000,27.53,29.81,25.25,0.1244,0.0345,14.55,1.96,17.54,5.95,0.7542,1.0542,0.2823,0.101,0.34,0.74,0.8022
1998-06-30,697798995,697798995,1,35754954000,3853622000,22930171000,4768130000,12236321000,588462000,2433589000,0,10929606000,2913381000,270773000,270773000,0.39,0.39,0.335,532790000,-338385000,15432000,209837000,687097000,503269000,27.03,29,25.06,0.1117,0.0306,14.05,1.93,18.14,5.61,0.8441,1.115,0.2742,0.085,0.36,0.04,0.8082
1998-03-31,697380782,697380782,1,35023239000,3139435000,22585067000,4875741000,11986207000,451965000,2242555000,0,10419758000,2513715000,241702000,241702000,0.35,0.35,0.335,563866000,-653895000,-33531000,-123560000,477260000,438078000,26.32,28.69,23.94,0.1072,0.0293,13.97,1.89,18.54,5.28,0.8794,1.0694,0.2782,0.0819,0.36,0.18,0.6439
1997-12-31,694327636,694327636,1,35271000000,3603000000,22952000000,5387000000,11884000000,435000000,2237000000,0,10274000000,3238187000,195482000,195482000,0.28,None,0.32,376322000,-723763000,327918000,-19523000,601000000,640253000,24.13,26.25,22,0.1028,0.028,13.89,1.74,17.87,4.94,0.9164,1.065,0.2735,0.0771,0.36,-0.38,0.6688
1997-09-30,690113512,690113512,1,35384220000,3955646000,22963176000,5475351000,12026294000,394750000,2437722000,0,10055279000,4071204000,374710000,374710000,0.55,None,0.325,1096459000,-1384909000,526010000,237560000,620355000,412611000,21.91,23,20.81,0.0979,0.0273,13.89,1.61,14.7,4.62,0.9594,1.0487,0.271,0.0772,0.35,0.99,0.7224
1997-06-30,685435398,685435398,1,34412379000,3847844000,21853777000,4751822000,11822443000,736159000,2484080000,0,9630366000,2717195000,214795000,214795000,0.31,None,0.325,566574000,-492846000,-240826000,-167098000,382795000,411650000,21.06,22.25,19.88,0.109,0.0314,13.62,1.55,13.08,4.29,0.8592,1.0313,0.2714,0.0942,0.33,0.23,0.8098
1997-03-31,681674776,681674776,1,34000082000,3546555000,21821122000,4624585000,11448782000,730178000,2186872000,0,9699757000,2584414000,187013000,187013000,0.28,None,0.325,585645000,-2163482000,1682898000,105061000,549893000,362486000,22.06,23.38,20.75,0.1181,0.0347,13.59,1.62,13.13,3.97,0.7918,1.0473,0.2724,0.1027,0.34,0.33,0.7669
1996-12-31,677838862,677838862,1,30292000000,3057000000,19299000000,3798000000,10618000000,375000000,1402000000,318000000,7935000000,2487179000,139425000,139425000,0.21,None,0.31,518680000,-492133000,37836000,64383000,445000000,127460000,22.13,23.13,21.13,0.1248,0.0375,13.6,1.62,12.94,3.64,0.7505,0.861,0.3042,0.1088,0.34,0.58,0.8049
1996-09-30,673652878,673652878,1,29927086000,3036005000,18789877000,3807248000,10764068000,373141000,1575056000,290262000,7356378000,2916635000,467440000,467440000,0.69,None,0.315,993155000,-81608000,-1150095000,-238548000,380957000,268934000,23.19,24.63,21.75,0.1287,0.0381,13.64,1.75,13.4,3.33,0.7289,0.8006,0.307,0.1128,0.34,1.08,0.7974
1996-06-30,673651015,673651015,1,30340860000,3366014000,19727647000,4650712000,10389915000,223298000,1454203000,292055000,7478399000,2538568000,287260000,287260000,0.43,None,0.315,487810000,-340434000,160315000,307691000,619505000,316936000,22.94,24.63,21.25,0.1307,0.038,13.26,1.75,13.49,3.02,0.7202,0.8369,0.2945,0.1147,0.33,0.25,0.7238
1996-03-31,670706372,670706372,1,29716038000,2788394000,19186727000,4105374000,10300302000,229009000,1529203000,303300000,7545346000,2415618000,232875000,232875000,0.35,None,0.315,401355000,-378825000,-483056000,-460526000,311814000,304670000,24.13,25.88,22.38,0.1303,0.0384,13.08,1.84,14.54,2.7,0.7247,0.8603,0.2952,0.1168,0.33,0.14,0.6792
1995-12-31,670097500,670097500,1,30554000000,3510000000,20119000000,4281000000,10204000000,231000000,1432000000,344000000,8306000000,2308539000,160320000,160320000,0.24,None,0.3,444736000,-1214360000,1210413000,440789000,772000000,278083000,23.88,25,22.75,0.1287,0.0384,13.09,1.83,14.13,2.39,0.7346,0.9469,0.2871,0.1202,0.32,0.25,0.8199
1995-09-30,666156579,666156579,1,30318532000,3103155000,20183563000,3777892000,10134969000,0,1432203000,357837000,8483890000,2758848000,468824000,468824000,0.71,None,0.305,962018000,-686719000,-59475000,215824000,331520000,332375000,22.56,24,21.13,0.1327,0.0402,13.06,1.78,13.93,2.09,0.7166,0.9748,0.287,0.1272,0.32,0.95,0.8214
1995-06-30,665774460,665774460,1,27021497000,2526099000,17150624000,3040687000,9870873000,0,1432203000,0,7035240000,2183570000,267514000,267514000,0.4,None,0.305,413111000,-93122000,-316849000,3140000,115696000,190828000,21.5,22.88,20.13,0.1286,0.0397,12.67,1.71,13.35,1.78,0.7424,0.8337,0.3123,0.1267,0.31,0.33,0.8308
1995-03-31,665468159,665468159,1,26964952000,2261629000,17164344000,2839317000,9800608000,0,1432203000,0,7242629000,1929043000,206342000,206342000,0.31,None,0.305,495135000,-382799000,-139089000,-26753000,112556000,312714000,20.44,21.5,19.38,0.1297,None,12.58,1.65,13.45,1.48,0.7394,0.8655,0.3103,0.1271,0.31,0.27,0.7965
1994-12-31,661856138,661856138,1,27042000000,2368000000,17524000000,2778000000,9518000000,0,1332000000,0,7593000000,1914750000,175246000,175246000,0.27,None,0.29,398708000,-855928000,479467000,22247000,139000000,472436000,19.63,21,18.25,0.124,None,12.37,1.58,None,1.18,0.776,0.9276,0.3027,0.1192,0.31,-0.11,0.8524
1994-09-30,653416983,653416983,1,26269741000,2520481000,16807313000,2653437000,9462428000,0,1332203000,0,7145776000,2381335000,415952000,415952000,0.64,None,0.295,845565000,-376604000,-556492000,-87531000,117099000,338165000,18.5,20,17,None,None,12.44,1.54,None,0.89,None,0.8789,0.3095,None,None,0.78,0.9499
1994-06-30,649066487,649066487,1,26301692000,2646483000,17147631000,2641914000,9154061000,0,1332203000,0,7546946000,2068485000,256199000,256199000,0.39,None,0.295,406014000,-264925000,-149818000,-8729000,204630000,234989000,19.13,20.5,17.75,None,None,12.05,1.6,None,0.59,None,0.9649,0.2974,None,None,0.26,1.0017
1994-03-31,648346540,648346540,1,25872758000,2220929000,16784755000,2163913000,9088003000,0,1332203000,0,7656946000,1932430000,141603000,141603000,0.22,None,0.295,460713000,-359543000,-66157000,35013000,213359000,319410000,20.25,22,18.5,None,None,11.96,1.71,None,0.29,None,0.9873,0.2998,None,None,0.22,1.0263
1993-12-31,648346540,648346540,1,25911000000,2335000000,16895000000,2571000000,9016000000,0,1332000000,0,7412000000,None,None,None,None,None,0,None,None,None,None,178000000,0,22.19,23.63,20.75,None,None,11.85,None,None,0,None,0.9646,0.2966,None,None,None,0.9082
