"Quarter end","Shares","Shares split adjusted","Split factor","Assets","Current Assets","Liabilities","Current Liabilities","Shareholders equity","Non-controlling interest","Preferred equity","Goodwill & intangibles","Long-term debt","Revenue","Earnings","Earnings available for common stockholders","EPS basic","EPS diluted","Dividend per share","Cash from operating activities","Cash from investing activities","Cash from financing activities","Cash change during period","Cash at end of period","Capital expenditures","Price","Price high","Price low","ROE","ROA","Book value of equity per share","P/B ratio","P/E ratio","Cumulative dividends per share","Dividend payout ratio","Long-term debt to equity ratio","Equity to assets ratio","Net margin","Asset turnover","Free cash flow per share","Current ratio"
2018-09-30,200339967,200339967,1,5676000000,757000000,3805000000,1051000000,1871000000,0,0,0,2436000000,711000000,224000000,224000000,1.12,1.11,0,349000000,-365000000,-12000000,-28000000,311000000,365000000,28.36,31.46,25.26,0.3263,0.0988,9.34,3.45,14.69,0,0,1.302,0.3296,0.2114,0.47,-0.08,0.7203
2018-06-30,199857444,199857444,1,5461000000,756000000,3821000000,1050000000,1640000000,0,0,0,2435000000,679000000,119000000,119000000,0.6,0.59,0,488000000,-390000000,0,98000000,339000000,390000000,27.19,31.35,23.02,0.2644,0.0763,8.21,3.61,14.86,0,0,1.4848,0.3003,0.1754,0.44,0.49,0.72
2018-03-31,199726282,199726282,1,5122000000,646000000,3617000000,844000000,1505000000,0,0,0,2434000000,580000000,86000000,86000000,0.43,0.43,0,260000000,-376000000,-9000000,-125000000,241000000,376000000,28.96,35.2,22.72,0.2701,0.0754,7.54,4.11,13.6,0,0,1.6173,0.2938,0.1896,0.4,-0.58,0.7654
2017-12-31,199722409,199722409,1,4961000000,746000000,3553000000,818000000,1408000000,0,0,0,2434000000,509000000,95000000,95000000,0.47,0.47,0,312000000,-414000000,0,-102000000,326000000,414000000,30.55,33.33,27.77,0.3405,0.0914,7.05,4.69,17.66,0,0,1.7287,0.2838,0.2417,0.38,-0.51,0.912
2017-09-30,199618755,199618755,1,4744000000,836000000,3443000000,712000000,1301000000,0,0,0,2433000000,439000000,87000000,87000000,0.44,0.44,0,173000000,-261000000,-6000000,-94000000,428000000,286000000,27.23,30.05,24.41,0.3036,0.0765,6.52,4.49,17.8,0,0,1.8701,0.2742,0.2062,0.37,-0.57,1.1742
2017-06-30,199319211,199319211,1,4595000000,883000000,3388000000,678000000,1207000000,0,0,0,2432000000,402000000,98000000,98000000,0.49,0.49,0,300000000,-242000000,-5000000,53000000,522000000,242000000,32.41,37.61,27.22,0.2942,0.0699,6.06,5.87,None,0,0,2.0149,0.2627,0.1882,0.37,0.29,1.3024
2017-03-31,199194558,199194558,1,4388000000,865000000,3288000000,583000000,1100000000,0,0,0,2432000000,417000000,147000000,147000000,0.74,0.73,0,167000000,-251000000,-2000000,-86000000,469000000,251000000,38.37,43.74,33,-0.4799,-0.1068,5.52,8.15,None,0,None,2.2109,0.2507,None,0.37,-0.42,1.4837
2016-12-31,198963323,198963323,1,4312000000,949000000,3374000000,684000000,938000000,0,0,0,2431000000,415000000,13000000,13000000,0.07,0.07,0,239000000,-162000000,0,77000000,555000000,162000000,43.59,50,37.17,None,-0.2798,4.71,9.46,None,0,None,2.5917,0.2175,None,0.33,0.39,1.3874
2016-09-30,198884581,198884581,1,4213000000,899000000,3297000000,585000000,916000000,0,0,0,2430000000,392000000,48000000,48000000,0.24,0.24,0,209000000,116000000,-12000000,313000000,478000000,-141000000,43.41,47.56,39.25,None,-0.4225,4.61,9.89,None,0,None,2.6528,0.2174,None,0.31,1.76,1.5368
2016-06-30,198604244,198604244,1,4285000000,638000000,3413000000,657000000,872000000,0,0,0,2430000000,381000000,-667000000,-667000000,-3.36,-3.36,0,306000000,-670000000,-8000000,-372000000,165000000,670000000,37.84,44.79,30.88,None,-0.6578,4.39,4.88,None,0,None,2.7867,0.2035,None,0.29,-1.83,0.9711
2016-03-31,198485340,198485340,1,4777000000,1088000000,3239000000,525000000,1538000000,0,0,0,2429000000,284000000,-624000000,-624000000,-3.52,-3.52,0,72000000,-275000000,735000000,532000000,537000000,275000000,27.91,34.97,20.84,None,-0.6228,7.75,3.31,None,0,None,1.5793,0.322,None,0.27,-1.02,2.0724
2015-12-31,163633331,163633331,1,4768000000,625000000,3389000000,647000000,1379000000,0,0,0,2467000000,362000000,-663000000,-663000000,-4.06,-4.06,0,320000000,-313000000,-9000000,-2000000,5000000,313000000,35.61,41.34,29.88,None,-0.4905,8.43,2.86,None,0,None,1.789,0.2892,None,0.23,0.04,0.966
2015-09-30,163412341,163412341,1,5513000000,663000000,3482000000,718000000,2031000000,0,0,0,2498000000,377000000,-1227000000,-1227000000,-7.52,-7.52,0,312000000,-387000000,40000000,-35000000,7000000,444000000,31.78,36.77,26.78,-0.6972,-0.2901,12.43,1.59,None,0,None,1.2299,0.3684,None,0.21,-0.81,0.9234
2015-06-30,162988578,162988578,1,7458000000,885000000,4201000000,845000000,3257000000,0,0,0,2450000000,469000000,-992000000,-992000000,-6.09,-6.09,0,372000000,-412000000,-701000000,-741000000,42000000,412000000,37.12,40.27,33.96,-0.2237,-0.0932,19.98,1.43,33.44,0,None,0.7522,0.4367,None,0.22,-0.25,1.0473
2015-03-31,162800912,162800912,1,9678000000,1610000000,5440000000,862000000,4238000000,0,0,0,3146000000,349000000,-480000000,-480000000,-3.3,-3.3,0,205000000,-486000000,1050000000,769000000,783000000,486000000,29.28,36.26,22.31,0.0365,0.0146,26.03,1.03,4.52,0,0,0.7423,0.4379,0.0653,0.22,-1.73,1.8677
2014-12-31,137387180,137387180,1,9598000000,940000000,5705000000,1101000000,3893000000,0,0,0,2892000000,517000000,360000000,360000000,2.61,2.55,0,317000000,-546000000,-153000000,-382000000,14000000,546000000,30.2,37.49,22.9,0.2588,0.0992,28.34,1.18,7.44,0,0,0.7429,0.4056,0.3934,0.25,-1.67,0.8538
2014-09-30,137229465,137229465,1,9068000000,906000000,5543000000,925000000,3525000000,0,0,0,3046000000,610000000,278000000,278000000,2.04,2.02,0,337000000,62000000,-39000000,360000000,396000000,-62000000,41.2,45.43,36.97,0.1717,0.0619,25.69,1.74,19.71,0,0,0.8641,0.3887,0.2802,0.22,2.91,0.9795
2014-06-30,136653324,136653324,1,8956000000,528000000,5714000000,1129000000,3242000000,0,0,0,3077000000,608000000,-22000000,-22000000,-0.16,-0.16,0,368000000,-473000000,34000000,-71000000,36000000,473000000,37.6,44.26,30.94,0.0925,0.0343,23.72,1.58,12.25,0,0,0.9491,0.362,0.1534,0.21,-0.77,0.4677
2014-03-31,136340454,136340454,1,8651000000,587000000,5401000000,915000000,3250000000,0,0,0,3046000000,553000000,284000000,284000000,2.08,2.07,0,365000000,297000000,-650000000,12000000,107000000,551000000,27.66,31.75,23.57,0.1393,0.05,23.84,1.28,29.43,0,0,0.9372,0.3757,0.2478,0.19,-1.36,0.6415
2013-12-31,136316871,136316871,1,9321000000,901000000,6365000000,1290000000,2956000000,0,0,0,3694000000,217000000,17000000,17000000,0.13,0.13,0,350000000,-554000000,210000000,6000000,95000000,554000000,27.67,32.55,22.79,0.0439,0.0171,21.68,1.29,None,0,0,1.2497,0.3171,0.071,0.21,-1.5,0.6984
2013-09-30,136123081,136123081,1,8743000000,773000000,5824000000,1076000000,2919000000,0,0,0,3485000000,486000000,27000000,7000000,0.05,0.05,0,485000000,-631000000,184000000,38000000,89000000,631000000,25.56,28.41,22.71,-0.4538,-0.1544,21.44,1.19,None,0,None,1.1939,0.3339,None,0.27,-1.07,0.7184
2013-06-30,135686016,135686016,1,8381000000,759000000,5474000000,976000000,2907000000,0,0,0,3276000000,435000000,111000000,111000000,0.82,0.82,0,251000000,-474000000,230000000,7000000,51000000,475000000,22.65,25.73,19.57,-0.4216,-0.1583,21.42,1.1,None,0,None,1.1269,0.3469,None,0.28,-1.65,0.7777
2013-03-31,135446252,135446252,1,7928000000,672000000,5146000000,920000000,2782000000,0,0,0,3045000000,651000000,-8000000,-8000000,-0.06,-0.06,0,359000000,-399000000,-4000000,-44000000,44000000,399000000,26.32,30.5,22.14,-0.3758,-0.149,20.54,1.28,None,0,None,1.0945,0.3509,None,0.29,-0.3,0.7304
2012-12-31,135437292,135437292,1,7912000000,866000000,5132000000,959000000,2780000000,0,0,0,3045000000,646000000,-1402000000,-1402000000,-10.25,-10.25,0,343000000,-238000000,-142000000,-37000000,88000000,238000000,29.17,34.79,23.56,-0.312,-0.1307,20.53,0.95,13.76,0,None,1.0953,0.3514,None,0.28,0.78,0.903
2012-09-30,135223639,135223639,1,9431000000,859000000,5263000000,899000000,4168000000,0,0,0,3190000000,615000000,-33000000,-33000000,-0.24,-0.24,0,229000000,-353000000,-407000000,-531000000,125000000,353000000,31.78,35.65,27.91,0.0701,0.0307,30.82,1.02,7.31,0,0,0.7654,0.4419,0.1101,0.28,-0.92,0.9555
2012-06-30,134983369,134983369,1,9844000000,1412000000,5653000000,880000000,4191000000,0,0,0,3595000000,628000000,135000000,135000000,1,1,0,363000000,-400000000,666000000,629000000,656000000,400000000,30.84,36.66,25.01,0.1471,0.064,31.05,1.03,6.21,0,0,0.8578,0.4257,0.2252,0.28,-0.27,1.6045
2012-03-31,134808094,134808094,1,9037000000,834000000,4995000000,897000000,4042000000,0,0,0,2920000000,678000000,116000000,116000000,0.86,0.86,0,212000000,-168000000,-93000000,-49000000,27000000,168000000,38.11,42.47,33.74,0.175,0.0759,29.98,1.31,9.58,0,0,0.7224,0.4473,0.2581,0.29,0.33,0.9298
2011-12-31,134816136,134816136,1,8991000000,775000000,5071000000,932000000,3920000000,0,0,0,3006000000,677000000,68000000,68000000,0.52,0.5,0,416000000,-394000000,23000000,45000000,76000000,395000000,40.91,47.4,34.42,0.1472,0.0632,29.08,1.43,11.24,0,0,0.7668,0.436,0.2181,0.29,0.16,0.8315
2011-09-30,134597964,134597964,1,8903000000,708000000,5065000000,973000000,3838000000,0,0,0,2985000000,628000000,269000000,269000000,2,1.99,0,444000000,-575000000,88000000,-43000000,31000000,575000000,56.23,73.3,39.16,0.1401,0.0605,28.51,2.13,19.73,0,0,0.7777,0.4311,0.2123,0.28,-0.97,0.7276
2011-06-30,134618805,134618805,1,8481000000,748000000,4919000000,961000000,3562000000,0,0,0,2889000000,621000000,219000000,219000000,1.64,1.62,0,420000000,-860000000,458000000,18000000,74000000,861000000,69.71,77.32,62.1,0.1138,0.0498,26.46,2.82,35.75,0,0,0.8111,0.42,0.1797,0.28,-3.28,0.7784
2011-03-31,134475257,134475257,1,7716000000,707000000,4388000000,931000000,3328000000,0,0,0,2428000000,545000000,-17000000,-17000000,-0.13,-0.13,0,309000000,-407000000,115000000,17000000,56000000,407000000,71.83,77.93,65.72,0.08,0.0356,24.75,2.89,18.32,0,0,0.7296,0.4313,0.133,0.27,-0.73,0.7594
2010-12-31,134336678,134336678,1,7494000000,731000000,4151000000,928000000,3343000000,0,0,0,2304000000,528000000,22000000,22000000,0.18,0.16,0,323000000,-559000000,147000000,-89000000,39000000,249000000,65.14,73.58,56.7,0.1636,0.0733,24.89,2.64,14.01,0,0,0.6892,0.4461,0.2777,0.26,0.55,0.7877
2010-09-30,133876360,133876360,1,7226000000,860000000,3926000000,876000000,3300000000,0,0,0,2169000000,449000000,161000000,161000000,1.22,1.2,0,419000000,-418000000,5000000,6000000,128000000,418000000,52.05,57.99,46.11,0.201,0.0899,24.65,2.22,12.92,0,0,0.6573,0.4567,0.3471,0.26,0.01,0.9817
2010-06-30,133606000,133606000,1,7008000000,904000000,3880000000,921000000,3128000000,0,0,0,2169000000,448000000,96000000,96000000,0.73,0.72,0,474000000,-418000000,-46000000,10000000,122000000,637000000,52.66,60.5,44.81,0.1838,0.0813,23.41,2.33,17.5,0,0,0.6934,0.4463,0.3133,0.26,-1.22,0.9815
2010-03-31,133399285,133399285,1,6827000000,978000000,3807000000,922000000,3020000000,0,0,0,2189000000,458000000,244000000,244000000,1.87,1.84,0,414000000,-556000000,176000000,34000000,112000000,342000000,51.2,55.2,47.21,0.1444,0.0629,22.64,2.46,None,0,0,0.7248,0.4424,0.2581,0.24,0.54,1.0607
2009-12-31,133063941,133063941,1,6254000000,893000000,3486000000,873000000,2768000000,0,0,0,2037000000,414000000,113000000,113000000,0.88,0.89,0,361000000,-313000000,-66000000,-18000000,78000000,315000000,45.27,51.27,39.26,-0.206,-0.0882,20.8,2.28,None,0,None,0.7359,0.4426,None,0.22,0.35,1.0229
2009-09-30,132868433,132868433,1,6037000000,942000000,3399000000,805000000,2638000000,0,0,0,2106000000,375000000,78000000,78000000,0.59,0.58,0,505000000,-267000000,-180000000,58000000,96000000,280000000,37.27,46.62,27.92,-0.5244,-0.2252,19.85,1.94,None,0,None,0.7983,0.437,None,0.2,1.69,1.1702
2009-06-30,132657722,132657722,1,6058000000,1080000000,3511000000,818000000,2547000000,0,0,0,2292000000,287000000,-39000000,-39000000,-0.3,-0.3,0,363000000,-369000000,6000000,0,38000000,376000000,30.2,38.74,21.65,-0.2572,-0.1138,19.2,1.56,None,0,None,0.8999,0.4204,None,0.22,-0.1,1.3203
2009-03-31,132615727,132615727,1,6243000000,1319000000,3671000000,1044000000,2572000000,0,0,0,2287000000,262000000,-694000000,-694000000,-5.35,-5.35,0,349000000,-407000000,72000000,14000000,38000000,405000000,21.8,26.5,17.09,-0.3047,-0.1338,19.39,0.89,None,0,None,0.8892,0.412,None,0.26,-0.42,1.2634
2008-12-31,132794710,132794710,1,7305000000,1206000000,4048000000,1085000000,3257000000,0,0,62000000,2213000000,339000000,-789000000,-789000000,-6.08,-6.08,0,232000000,-521000000,278000000,-11000000,24000000,1835000000,23.37,31.28,15.45,-0.1056,-0.0481,24.53,0.77,4.34,0,None,0.6795,0.4459,None,0.29,-12.07,1.1115
2008-09-30,132245108,132245108,1,8432000000,800000000,4398000000,1003000000,4034000000,0,0,62000000,1936000000,680000000,724000000,724000000,5.59,5.48,0,450000000,-460000000,17000000,7000000,35000000,-5000000,48.16,68.31,28,0.2017,0.0949,30.5,1.93,87.56,0,0,0.4799,0.4784,0.3195,0.3,3.44,0.7976
2008-06-30,132194463,132194463,1,8014000000,827000000,4710000000,1404000000,3304000000,0,0,62000000,1919000000,691000000,-244000000,-244000000,-1.89,-1.89,0,-100000000,-817000000,865000000,-52000000,28000000,-253000000,60.83,69.77,51.88,0.0257,0.0122,24.99,2.27,16.94,0,0,0.5808,0.4123,0.0435,0.28,1.16,0.589
2008-03-31,131748494,131748494,1,7289000000,857000000,3752000000,1216000000,3537000000,0,0,62000000,1052000000,515000000,-64000000,-64000000,-0.5,-0.5,0,272000000,-455000000,13000000,-170000000,80000000,501000000,50.95,57.75,44.15,0.1425,0.0675,26.85,1.87,15.25,0,0,0.2974,0.4853,0.2594,0.26,-1.74,0.7048
2007-12-31,131496126,131496126,1,6986000000,927000000,3405000000,929000000,3581000000,0,0,62000000,1050000000,396000000,313000000,313000000,2.42,2.3,0,223000000,-10000000,-104000000,109000000,250000000,-940000000,50.99,55,46.98,0.1388,0.0644,27.23,2.05,30.72,0,0,0.2932,0.5126,0.2524,0.26,8.84,0.9978
2007-09-30,130905118,130905118,1,6606000000,737000000,3351000000,929000000,3255000000,0,0,62000000,1049000000,419000000,83000000,83000000,0.65,0.64,0,296000000,731000000,-924000000,103000000,141000000,976000000,49.95,58.08,41.82,0.0704,0.0318,24.87,2.07,16.22,0,0,0.3223,0.4927,0.1207,0.26,-5.19,0.7933
2007-06-30,130463308,130463308,1,7683000000,741000000,4529000000,1032000000,3154000000,0,0,62000000,1979000000,528000000,150000000,150000000,1.17,1.15,0,300000000,-1107000000,818000000,11000000,37000000,19000000,47.72,54.28,41.15,0.1325,0.0587,24.18,2.08,17.94,0,0,0.6275,0.4105,0.2209,0.27,2.15,0.718
2007-03-31,129984848,129984848,1,6659000000,608000000,3681000000,1048000000,2978000000,0,0,62000000,1175000000,440000000,-96000000,-96000000,-0.75,-0.75,0,335000000,-520000000,131000000,-54000000,26000000,544000000,42.33,45.36,39.3,0.119,0.054,22.91,1.8,9.24,0,0,0.3946,0.4472,0.2057,0.26,-1.61,0.5802
2006-12-31,129995347,129995347,1,6635000000,851000000,3573000000,1123000000,3062000000,0,0,62000000,1048000000,427000000,82000000,82000000,0.67,0.62,0,239000000,-429000000,8000000,-185000000,80000000,435000000,42.53,50.16,34.9,0.2114,0.0971,23.55,1.86,7.93,0,0,0.3423,0.4615,0.3533,0.27,-1.51,0.7578
2006-09-30,128976619,128976619,1,6407000000,1004000000,3461000000,937000000,2946000000,0,0,62000000,1171000000,425000000,266000000,266000000,2.1,2.06,0,453000000,-263000000,2000000,192000000,265000000,410000000,42.36,49.72,34.99,0.264,0.1216,22.84,2.09,12.84,0,0,0.3975,0.4598,0.4104,0.3,0.33,1.0715
2006-06-30,130759065,130759065,1,5941000000,812000000,3293000000,819000000,2648000000,0,0,62000000,1169000000,390000000,94000000,94000000,0.74,0.73,0,352000000,-631000000,307000000,32000000,73000000,499000000,45.2,51.75,38.65,0.1767,0.0803,20.25,2.3,13.33,0,0,0.4415,0.4457,0.2475,0.32,-1.12,0.9915
2006-03-31,128609519,128609519,1,5363000000,568000000,2834000000,719000000,2529000000,0,0,62000000,868000000,431000000,149000000,149000000,1.18,1.17,0,340000000,-339000000,0,2000000,41000000,339000000,44.78,54.5,35.07,0.1909,0.088,19.66,2.42,16.62,0,0,0.3432,0.4716,0.2455,0.36,0.01,0.79
2005-12-31,128502719,128502719,1,5081000000,540000000,2703000000,670000000,2378000000,0,0,62000000,870000000,442800000,184000000,184000000,1.47,1.4,0,221700000,-288000000,4300000,-63000000,39000000,287800000,46.75,53.52,39.98,0.1612,0.0736,18.51,2.82,23.32,0,0,0.3659,0.468,0.1975,0.37,-0.51,0.806
2005-09-30,127234640,127234640,1,4862600000,561200000,2756000000,758500000,2106600000,0,0,62300000,870100000,460300000,-200000,-200000,0,0,0,270400000,-234300000,8000000,43700000,102300000,241500000,44.95,50.9,39,0.1229,0.056,16.56,2.66,17.03,0,0,0.413,0.4332,0.1448,0.39,0.23,0.7399
2005-06-30,126728459,126728459,1,4547200000,404400000,2403000000,500600000,2144200000,0,0,65300000,872100000,445800000,104200000,104200000,0.83,0.82,0,356200000,-268000000,-58000000,27700000,58600000,268000000,36.66,41.28,32.03,0.1648,0.0757,16.92,2.31,15.21,0,0,0.4067,0.4715,0.2039,0.37,0.7,0.8078
2005-03-31,63199417,126398834,2,4416000000,386700000,2410000000,538600000,2006000000,0,0,65300000,933000000,413100000,60000000,60000000,0.96,0.95,0,260700000,-245700000,-42300000,-27400000,30900000,245700000,32.93,38.43,27.43,0.159,0.0739,15.87,2.06,12.54,0,0,0.4651,0.4543,0.2014,0.37,0.12,0.718
2004-12-31,63103234,126206468,2,4327500000,391600000,2310600000,474000000,2016900000,0,0,65300000,992400000,436883000,90246000,90246000,1.46,1.42,0,352942000,-252903000,-71530000,29491000,58300000,252898000,30.4,32.92,27.88,0.1829,0.0873,15.98,2.03,13.42,0,0,0.492,0.4661,0.2307,0.38,0.79,0.8262
2004-09-30,62265200,124530400,2,4201778000,344560000,2334438000,466602000,1867340000,0,0,65990000,1068101000,327725000,76532000,76532000,1.29,1.27,0,230297000,-996829000,768306000,1003000,28856000,241134000,28.85,31.41,26.29,0.1697,0.0824,15,2.16,13.94,0,0,0.572,0.4444,0.228,0.36,-0.09,0.7384
2004-06-30,56673606,113347212,2,2976123000,296709000,1463043000,430977000,1513080000,0,0,16378000,579559000,282737000,67414000,67414000,1.2,1.18,0,195533000,-201308000,16663000,10920000,27853000,201308000,25.91,28.36,23.46,0.1661,0.0841,13.35,2.04,13.71,0,0,0.383,0.5084,0.2194,0.38,-0.05,0.6885
2004-03-31,56384783,112769566,2,2801595000,254946000,1373066000,357923000,1428529000,0,0,16378000,575988000,305355000,77908000,77908000,1.39,1.38,0,218728000,-147760000,-69639000,1586000,16933000,147760000,23.59,25.1,22.08,0.1578,0.0793,12.67,1.94,13.22,0,0,0.4032,0.5099,0.2045,0.39,0.63,0.7123
2003-12-31,56335235,112670470,2,2733089000,238916000,1364511000,300218000,1368578000,0,0,16378000,643459000,233486000,40154000,40154000,0.71,0.7,0,200652000,-171264000,-38905000,-9623000,15347000,172849000,20.93,22.75,19.1,0.1581,0.0755,12.15,1.74,11.99,0,0,0.4702,0.5007,0.1962,0.38,0.25,0.7958
2003-09-30,56019830,112039660,2,2661616000,245952000,1315092000,259289000,1346524000,0,0,16761000,692230000,248664000,49379000,49379000,0.88,0.88,0,191344000,-212553000,1949000,-19453000,24970000,127404000,18.49,20.16,16.82,0.1631,0.0753,12.02,1.63,13.11,0,0,0.5141,0.5059,0.1945,0.39,0.57,0.9486
2003-06-30,55809524,111619048,2,2562491000,281514000,1299174000,265343000,1263317000,0,0,0,692943000,255552000,45815000,45815000,0.86,0.82,0,211855000,-108093000,-102240000,1837000,44423000,108093000,17.9,19.55,16.25,0.1487,0.0666,11.32,1.75,15.17,0,0,0.5485,0.493,0.1705,0.39,0.93,1.0609
2003-03-31,52151443,104302886,2,2614397000,329560000,1544893000,293396000,1069504000,0,0,0,778903000,279284000,64141000,64141000,1.24,1.17,0,65655000,-125883000,53844000,-6312000,42586000,125883000,17.06,18.45,15.68,0.1383,0.0599,10.25,1.76,21.87,0,0,0.7283,0.4091,0.1534,0.39,-0.58,1.1233
2002-12-31,52049875,104099750,2,2315753000,238827000,1306067000,295807000,1009231000,455000,0,0,709615000,199490000,31880000,31880000,0.67,0.62,0,108094000,-282278000,199566000,25204000,48898000,77867000,17.62,19.62,15.62,0.0942,0.0415,9.69,2.16,587.33,0,0,0.7031,0.4358,0.1116,0.37,0.29,0.8074
2002-09-30,44499736,88999472,2,1592776000,145723000,867096000,148014000,725680000,0,0,0,360665000,152610000,9371000,9371000,0.21,0.21,0,98937000,-69295000,-14029000,16037000,23694000,69295000,16.16,18.75,13.58,0.004,0.0018,8.15,2.01,42.53,0,0,0.497,0.4556,0.0046,0.38,0.33,0.9845
2002-06-30,44411597,88823194,2,1606919000,170166000,893624000,156671000,713295000,0,0,0,375653000,161611000,16270000,16270000,0.37,0.36,0,97779000,-81225000,-33685000,-17471000,7657000,81225000,18.31,19.57,17.05,0.0508,0.022,8.03,2.36,23.18,0,0,0.5266,0.4439,0.0562,0.39,0.19,1.0861
2002-03-31,44350201,88700402,2,1608022000,171903000,919746000,149727000,688276000,0,0,0,410642000,148039000,16326000,16326000,0.37,0.37,0,98649000,-85315000,-14822000,-1482000,25128000,85315000,17.14,19.1,15.17,0.1071,0.0462,7.76,2.14,14.11,0,0,0.5966,0.428,0.1118,0.41,0.15,1.1481
2001-12-31,44275828,88551656,2,1663371000,230604000,953393000,165031000,709978000,0,0,0,428631000,156073000,-39110000,-39110000,-0.88,-0.88,0,39281000,-80459000,36805000,-6585000,26610000,80459000,16.07,18.65,13.5,0.1697,0.0721,8.02,1.86,7.71,0,0,0.6037,0.4268,0.1587,0.45,-0.47,1.3973
2001-09-30,43990178,87980356,2,1742900000,235980000,983738000,176722000,759162000,0,0,0,393620000,183259000,42976000,42976000,0.97,0.91,0,110549000,-163400000,34126000,-18594000,33195000,163400000,15.59,18.05,13.13,0.3052,0.1338,8.63,1.93,7.37,0,0,0.5185,0.4356,0.2642,0.51,-0.6,1.3353
2001-06-30,44208412,88416824,2,1647562000,239892000,932389000,197369000,715173000,0,0,0,351609000,200747000,56737000,56737000,1.27,1.18,0,151011000,-148916000,-13638000,-11817000,51789000,148916000,17.2,18.9,15.5,0.3446,0.1549,8.09,2.48,9.27,0,0,0.4916,0.4341,0.2777,0.56,0.02,1.2154
2001-03-31,44670147,89340294,2,1545169000,212398000,781945000,230970000,619474000,143750000,0,0,349599000,209326000,58351000,58351000,1.32,1.22,0,201531000,-373047000,215834000,45155000,63606000,108958000,20.06,23.88,16.25,0.3391,0.1554,6.93,3.45,13.88,0,0,0.5643,0.4009,0.2708,0.57,1.04,0.9196
2000-12-31,44682181,89364362,2,1023250000,179149000,503795000,141060000,519455000,0,0,0,133711000,161462000,41327000,41327000,0.97,0.86,0,68897000,-66669000,-27942000,-25502000,18451000,66669000,21.44,24.75,18.13,0.2898,0.1382,5.81,3.83,17.79,0,0,0.2574,0.5077,0.2513,0.55,0.02,1.27
2000-09-30,42529097,85058194,2,967736000,161560000,491663000,127571000,476073000,0,0,0,162703000,151263000,44338000,44338000,1.04,0.97,0,134548000,-64056000,-46063000,24448000,43953000,64056000,20.52,25.13,15.9,0.2559,0.1199,5.6,4.03,23.72,0,0,0.3418,0.4919,0.2363,0.51,0.83,1.2664
2000-06-30,42484297,84968594,2,931359000,127640000,498979000,99712000,432380000,0,0,0,209694000,118878000,29561000,29561000,0.7,0.66,0,52384000,-43063000,-17375000,-6817000,19505000,43063000,19.57,22.69,16.44,0.1938,0.0906,5.09,4.15,33.45,0,0,0.485,0.4642,0.1977,0.46,0.11,1.2801
2000-03-31,42333760,84667520,2,908816000,111560000,509814000,93312000,399002000,0,0,0,228687000,95039000,17123000,17123000,0.41,0.4,0,60615000,-181759000,107313000,-15519000,26322000,181759000,15.71,19.16,12.25,0.1374,0.0672,4.71,3.51,40.81,0,0,0.5731,0.439,0.1558,0.43,-1.43,1.1956
1999-12-31,41864050,83728100,2,781561000,125929000,406543000,90727000,375018000,0,0,0,124679000,90333000,16594000,16594000,0.39,0.38,0,51572000,-41450000,1301000,11416000,41841000,41154000,13.48,16.47,10.5,0.095,0.0492,4.48,3.15,None,0,0,0.3325,0.4798,0.1178,0.42,0.12,1.388
1999-09-30,41606144,83212288,2,719030000,85526000,363202000,55669000,355828000,0,0,0,124672000,78648000,12405000,12405000,0.3,0.29,0,58811000,-117065000,85086000,26832000,30425000,106384000,15.61,17.5,13.72,-0.1556,-0.0823,4.28,3.81,None,0,None,0.3504,0.4949,None,0.38,-0.57,1.5363
1999-06-30,41482069,82964138,2,598158000,39593000,257816000,35258000,340342000,0,0,0,184664000,60072000,4375000,4375000,0.11,0.1,0,43942000,-23320000,-17080000,3542000,3681000,23320000,12.66,14.25,11.06,-0.1853,-0.1003,4.1,3.17,None,0,None,0.5426,0.569,None,0.33,0.25,1.123
1999-03-31,40979503,81959006,2,600988000,30847000,273538000,27119000,327450000,0,0,0,205657000,52914000,-170000,-170000,0,0,0,30578000,-28982000,-1549000,47000,139000,28982000,9.91,12.38,7.44,-0.192,-0.1002,4,2.48,None,0,None,0.6281,0.5449,None,0.31,0.02,1.1375
1998-12-31,40463353,80926706,2,629311000,45269000,305363000,54075000,323948000,0,0,0,208650000,50505000,-69033000,-69033000,-1.71,-1.71,0,22048000,-47667000,22317000,-3302000,92000,47667000,10.77,13.22,8.31,-0.1751,-0.0897,4,2.23,30.34,0,None,0.6441,0.5148,None,0.3,-0.32,0.8372
1998-09-30,40289215,80578430,2,723860000,43083000,334339000,61455000,389521000,0,0,0,187643000,45296000,850000,850000,0.02,0.02,0,42608000,-128888000,79496000,-6784000,3394000,128888000,10.08,12.44,7.72,0.0733,0.0378,4.83,2.39,21.91,0,0,0.4817,0.5381,0.1147,0.33,-1.07,0.701
1998-06-30,36189985,72379970,2,624321000,49664000,319791000,54480000,304530000,0,0,0,191636000,49902000,3772000,3772000,0.1,0.1,0,35048000,-74407000,22303000,-17056000,10178000,74407000,11.04,13.19,8.9,0.107,0.0552,4.21,2.66,21.44,0,0,0.6293,0.4878,0.1496,0.37,-0.54,0.9116
1998-03-31,36171344,72342688,2,594314000,60151000,294218000,53317000,300096000,0,0,0,169629000,49982000,6712000,6712000,0.19,0.18,0,46871000,-68029000,40175000,19017000,27234000,68029000,11.81,13.85,9.78,0.1246,0.0674,4.15,2.92,20.19,0,0,0.5652,0.5049,0.175,0.38,-0.29,1.1282
1997-12-31,36101977,72203954,2,553621000,64766000,261573000,64394000,292048000,0,0,0,129623000,60264000,12228000,12228000,0.41,None,0,43068000,-60744000,10614000,-7062000,8217000,60744000,13.25,16.5,10,0.149,0.0846,4.04,3.42,None,0,0,0.4438,0.5275,0.2036,0.42,-0.24,1.0058
1997-09-30,35916158,71832316,2,506926000,55212000,228686000,46363000,278240000,0,0,0,120000000,49863000,8715000,8715000,0.23,None,0,44792000,-76285000,33518000,2025000,15279000,76285000,12.02,14.06,9.97,None,None,3.87,3.21,None,0,None,0.4313,0.5489,None,None,-0.44,1.1909
1997-06-30,35702329,71404658,2,448583000,46106000,181753000,36565000,266830000,0,0,0,87500000,42345000,7773000,7773000,0.21,None,0,30008000,-62652000,33079000,435000,13254000,62652000,10.19,11.94,8.44,None,None,3.74,2.85,None,0,None,0.3279,0.5948,None,None,-0.46,1.2609
1997-03-31,35352287,70704574,2,409906000,42953000,156918000,43632000,252988000,0,0,0,60000000,46927000,11887000,11887000,0.32,None,0,42470000,-43281000,340000,-471000,12819000,43281000,11.63,14,9.25,None,None,3.58,3.42,None,0,None,0.2372,0.6172,None,None,-0.01,0.9844
1996-12-31,35235927,70471854,2,395938000,61283000,156036000,49847000,239902000,0,0,0,60000000,None,None,None,None,None,0,18863000,-52493000,4963000,-28667000,13290000,52493000,12.2,13.25,11.15,None,None,3.4,3.82,None,0,None,0.2501,0.6059,None,None,-0.48,1.2294
1996-09-30,17533308,70133232,4,379033000,68972000,155492000,59604000,223541000,0,0,0,56000000,35799000,8673000,8673000,0.46,None,0,47528000,-57373000,32450000,22605000,41957000,57373000,10.21,11.38,9.03,None,None,3.19,3.35,None,0,None,0.2505,0.5898,None,None,-0.14,1.1572
1996-06-30,17471133,69884532,4,309512000,46744000,96535000,37115000,212977000,0,0,0,24052000,33013000,7949000,7949000,0.43,None,0,None,None,None,None,19352000,0,8.79,10,7.57,None,None,3.05,None,None,0,None,0.1129,0.6881,None,None,None,1.2594
