"Quarter end","Shares","Shares split adjusted","Split factor","Assets","Current Assets","Liabilities","Current Liabilities","Shareholders equity","Non-controlling interest","Preferred equity","Goodwill & intangibles","Long-term debt","Revenue","Earnings","Earnings available for common stockholders","EPS basic","EPS diluted","Dividend per share","Cash from operating activities","Cash from investing activities","Cash from financing activities","Cash change during period","Cash at end of period","Capital expenditures","Price","Price high","Price low","ROE","ROA","Book value of equity per share","P/B ratio","P/E ratio","Cumulative dividends per share","Dividend payout ratio","Long-term debt to equity ratio","Equity to assets ratio","Net margin","Asset turnover","Free cash flow per share","Current ratio"
2018-09-30,327400000,327400000,1,57103000000,19371000000,38540000000,16670000000,18291000000,272000000,0,11634000000,7782000000,15484000000,1000000000,1000000000,3.05,3.03,0.5,-700000000,197000000,-175000000,-678000000,6769000000,117000000,195.06,206.66,183.47,0.2166,0.0638,55.87,3.67,18.4,8.61,0.2008,0.4255,0.3203,0.0599,1.07,-2.5,1.162
2018-06-30,327400000,327400000,1,58316000000,19625000000,40645000000,17991000000,17403000000,268000000,0,11681000000,7784000000,15561000000,1212000000,1212000000,3.7,3.67,0.5,1044000000,-296000000,-1176000000,-428000000,7447000000,120000000,179.19,191.5,166.88,0.2157,0.0609,53.16,3.57,17.02,8.11,0.2099,0.4473,0.2984,0.0577,1.06,2.82,1.0908
2018-03-31,327100000,327100000,1,59197000000,20701000000,42532000000,19693000000,16398000000,267000000,0,11728000000,7785000000,15335000000,1209000000,1209000000,3.69,3.67,0.5,3341000000,684000000,-226000000,3799000000,7875000000,99000000,181.2,194.4,168.01,0.222,0.0612,50.13,3.8,31.51,7.61,0.2111,0.4748,0.277,0.0576,1.06,9.91,1.0512
2017-12-31,326800000,326800000,1,55151000000,15523000000,39314000000,16837000000,15580000000,257000000,0,11751000000,8160000000,14853000000,244000000,244000000,0.74,0.74,0.75,-2688000000,2061000000,-1225000000,-1852000000,4076000000,109000000,171.03,192.37,149.69,0.1252,0.0338,47.67,3.58,31.44,7.11,0.3451,0.5237,0.2825,0.0315,1.07,-8.56,0.922
2017-09-30,326100000,326100000,1,57383000000,16434000000,41565000000,19647000000,15583000000,235000000,0,11956000000,8161000000,14994000000,838000000,838000000,2.54,2.52,0.5,1532000000,494000000,328000000,2354000000,5928000000,121000000,157.48,164.52,150.43,0.1147,0.0302,47.79,3.4,34.09,6.36,0.2763,0.5237,0.2716,0.0295,1.03,4.33,0.8365
2017-06-30,332100000,332100000,1,56714000000,15501000000,41139000000,19740000000,15404000000,171000000,0,11961000000,7175000000,15523000000,1203000000,1203000000,3.62,3.6,0.5,-207000000,231000000,-327000000,-303000000,3574000000,109000000,141.12,155.15,127.08,0.0957,0.0248,46.38,3.28,43.42,5.86,0.2695,0.4658,0.2716,0.0253,0.98,-0.95,0.7853
2017-03-31,331700000,331700000,1,56351000000,15018000000,42013000000,19548000000,14261000000,77000000,0,12019000000,8174000000,15165000000,-381000000,-381000000,-1.11,-1.11,0.25,899000000,-56000000,-14962000000,-14119000000,3877000000,71000000,125.4,134.76,116.04,0.0683,0.0174,42.99,2.47,19.53,5.36,0.2976,0.5732,0.2531,0.0186,0.93,2.5,0.7683
2016-12-31,351700000,351700000,1,69146000000,28449000000,51203000000,18694000000,17881000000,62000000,0,12079000000,19027000000,15727800000,149700000,149700000,0.42,0.43,0.25,-902000000,-55100000,-112800000,-1069900000,17996000000,73100000,120.05,134.9,105.2,0.1285,0.0339,50.84,2.3,17.4,5.11,0.1546,1.0641,0.2586,0.036,0.94,-2.77,1.5218
2016-09-30,350900000,350900000,1,71882600000,29943400000,53538100000,19335500000,18283700000,60800000,0,12139100000,20022100000,15781500000,603900000,603900000,1.72,1.7,0.25,2411200000,-361800000,-102600000,1946800000,19066200000,68200000,116.93,121.04,112.81,0.1417,0.0387,52.11,2.32,17.22,4.86,0.1435,1.0951,0.2544,0.0391,0.99,6.68,1.5486
2016-06-30,350800000,350800000,1,70602000000,29125300000,52824300000,18273900000,17710600000,67100000,0,12200500000,20019100000,15952300000,790800000,790800000,2.25,2.23,0.25,428900000,212600000,12711500000,13353000000,17119400000,74100000,115.31,122.72,107.9,0.1442,0.041,50.49,2.4,17.37,4.61,0.1459,1.1303,0.2509,0.0389,1.05,1.01,1.5938
2016-03-31,350600000,350600000,1,56423700000,15393600000,39545000000,17915200000,16813500000,65200000,0,12263200000,7382500000,15693400000,726600000,726600000,2.07,2.06,0.25,1780900000,-176700000,-362100000,1242100000,3766400000,54600000,104.25,114.19,94.31,0.1457,0.0429,47.96,2.26,15.38,4.36,0.1494,0.4391,0.298,0.0384,1.12,4.92,0.8592
2015-12-31,349600000,349600000,1,53424100000,12738500000,37245500000,15481500000,16114300000,64300000,0,12325100000,7828000000,15048500000,320800000,320800000,0.92,0.91,0.25,1110500000,-271900000,-110800000,727800000,2524300000,75900000,107.62,115.34,99.89,0.1531,0.044,46.09,2.36,16.51,4.11,0.146,0.4858,0.3016,0.0396,1.11,2.96,0.8228
2015-09-30,348700000,348700000,1,53478400000,12347300000,37545900000,15152100000,15868800000,63700000,0,12388400000,7834000000,14953000000,560100000,560100000,1.6,1.59,0.25,1026500000,-225400000,-130400000,670700000,1796500000,99200000,117.1,128.9,105.3,0.1514,0.0424,45.51,2.65,17.74,3.86,0.147,0.4937,0.2967,0.0383,1.11,2.66,0.8149
2015-06-30,348600000,348600000,1,54641100000,12982100000,39173300000,15801500000,15406600000,61200000,0,12458000000,7840100000,15240900000,731800000,731800000,2.1,2.08,0.25,255700000,-552000000,-493700000,-790000000,1125800000,105500000,119.34,132.6,106.08,0.1561,0.0431,44.2,2.77,19.76,3.61,0.1414,0.5089,0.282,0.039,1.1,0.43,0.8216
2015-03-31,349200000,349200000,1,55555400000,13391300000,40436500000,16667900000,15052600000,66300000,0,12521900000,7846100000,15094100000,777500000,777500000,2.22,2.2,0.25,1473400000,21800000,-999800000,495400000,1915800000,82300000,98.43,109.26,87.6,0.1456,0.04,43.11,2.37,17.39,3.36,0.15,0.5212,0.2709,0.0364,1.1,3.98,0.8034
2014-12-31,348700000,348700000,1,53402100000,11764000000,38850300000,15356500000,14482600000,69200000,0,12561500000,7852000000,14771200000,232000000,232000000,0.66,0.65,0.22,294100000,-1017400000,436600000,-286700000,1420400000,108500000,82.14,90.84,73.43,0.1398,0.0386,41.53,1.94,13.67,3.11,0.1549,0.5422,0.2712,0.0352,1.1,0.53,0.7661
2014-09-30,351700000,351700000,1,53025600000,11464900000,38043200000,14632600000,14921200000,61200000,0,12229300000,7606300000,14727800000,594500000,594500000,1.68,1.67,0.225,987400000,-387300000,-653100000,-53000000,1707100000,71800000,80.08,84.94,75.22,0.1503,0.0418,42.43,1.93,14,2.89,0.1432,0.5098,0.2814,0.0386,1.08,2.6,0.7835
2014-06-30,354600000,354600000,1,53160700000,11647100000,38407900000,14932700000,14695800000,57000000,0,12288400000,7612400000,14509400000,548800000,548800000,1.54,1.52,0.225,669100000,-471200000,-511900000,-314000000,1760100000,95500000,75.11,82.46,67.77,0.1484,0.0411,41.44,1.88,13.2,2.67,0.1457,0.518,0.2764,0.0384,1.07,1.62,0.78
2014-03-31,357400000,357400000,1,52119000000,11414800000,37758000000,14581200000,14303600000,57400000,0,12259400000,7618400000,13994800000,665500000,665500000,1.84,1.82,0.225,1422200000,-253800000,-506600000,661800000,2074100000,93800000,70.43,75.71,65.15,0.1508,0.0416,40.02,1.82,13.16,2.44,0.144,0.5326,0.2744,0.0404,1.03,3.72,0.7828
2013-12-31,362700000,362700000,1,49871800000,9718900000,35793600000,12602900000,14025500000,52700000,0,12321600000,7865300000,13182700000,368900000,368900000,1,1,0.2,624100000,-773600000,-520600000,-670100000,1412300000,147500000,64.84,68.93,60.75,0.1478,0.04,38.67,1.75,13.18,2.22,0.1493,0.5608,0.2812,0.0405,0.99,1.31,0.7712
2013-09-30,367500000,367500000,1,49252900000,10031900000,35583400000,12245900000,13618200000,51300000,0,12364900000,7874100000,13035600000,518600000,518600000,1.4,1.38,0.2,1071100000,-294400000,-951100000,-174400000,2082400000,143400000,65.13,68.71,61.54,0.1441,0.0379,37.06,1.8,13,2.02,0.1569,0.5782,0.2765,0.0394,0.96,2.52,0.8192
2013-06-30,372100000,372100000,1,49730300000,10739400000,36229100000,12194200000,13450300000,50900000,0,12440800000,8280100000,11537400000,536000000,536000000,1.5,1.49,0.2,39700000,-985600000,-25200000,-971100000,2256800000,102100000,57.98,63.59,52.38,0.151,0.0395,36.15,1.77,11.98,1.81,0.1499,0.6156,0.2705,0.043,0.92,-0.17,0.8807
2013-03-31,325900000,325900000,1,42517200000,9392700000,31790400000,9469100000,10680900000,45900000,0,6995500000,0,9538900000,490100000,490100000,1.5,1.48,0.2,543800000,133800000,-28900000,648700000,3227900000,86100000,47.92,51.46,44.38,0.155,0.0401,32.77,1.51,10,1.61,0.1474,0,0.2512,0.044,0.91,1.4,0.9919
2012-12-31,328000000,328000000,1,41494500000,8244400000,31088700000,8487600000,10405800000,0,0,7033100000,0,9928500000,190100000,190100000,0.56,0.57,0.18,544800000,237300000,1158900000,1941000000,2579200000,85700000,43.4,46.99,39.81,0.1584,0.0414,31.73,1.33,8.3,1.42,0.1429,0,0.2508,0.0453,0.91,1.4,0.9713
2012-09-30,334500000,334500000,1,39838400000,6236000000,28941600000,8276500000,10896800000,0,0,7063100000,0,8916500000,499200000,499200000,1.49,1.47,0.175,167200000,-355100000,-96000000,-283900000,638200000,101700000,37.8,40.29,35.3,0.1771,0.0468,32.58,1.23,7.47,1.24,0.1252,0,0.2735,0.0522,0.9,0.2,0.7535
2012-06-30,334200000,334200000,1,39452700000,6474700000,29196900000,8435100000,10255800000,0,0,7087500000,0,8835100000,457600000,457600000,1.34,1.32,0.175,90300000,96700000,-74000000,113000000,922100000,82800000,44.5,50.23,38.77,0.1778,0.0469,30.69,1.5,8.67,1.06,0.1235,0,0.26,0.0526,0.89,0.02,0.7676
2012-03-31,347400000,347400000,1,39336100000,6343700000,29037100000,8967900000,10299000000,0,0,7124200000,0,8915800000,511000000,511000000,1.46,1.43,0.175,1019700000,-210200000,-680100000,129400000,809100000,68000000,46.28,50.16,42.4,0.1847,0.0494,29.65,1.6,8.9,0.89,0.117,0,0.2618,0.0557,0.89,2.74,0.7074
2011-12-31,350400000,350400000,1,38593100000,5890000000,28472900000,8522200000,10120200000,0,0,7162500000,0,8572300000,372600000,372600000,1.03,1.01,0.15,494000000,-1126000000,-646100000,-1278100000,679700000,144800000,39.03,43.73,34.33,0.1924,0.0518,28.88,1.34,8.17,0.71,0.082,0,0.2622,0.0588,0.88,1,0.6911
2011-09-30,362300000,362300000,1,38694200000,6885900000,28165500000,8655100000,10528700000,0,0,6790100000,0,8475300000,490400000,490400000,1.33,1.3,0.15,1117300000,580500000,-650500000,1047300000,1957800000,90100000,39.89,45.23,34.55,0.1782,0.048,29.06,1.43,8.54,0.56,0.0687,0,0.2721,0.0542,0.89,2.84,0.7956
2011-06-30,372900000,372900000,1,38218200000,6075700000,27794700000,8323400000,10423500000,0,0,6785300000,0,8344400000,536700000,536700000,1.42,1.39,0.15,324300000,-927500000,69300000,-533900000,910500000,74600000,41.22,45.91,36.52,0.1813,0.048,27.95,1.53,9.33,0.41,0.0388,0,0.2727,0.0543,0.88,0.67,0.73
2011-03-31,379500000,379500000,1,37801300000,6426600000,27598100000,8508000000,10203200000,0,0,6150600000,0,8387800000,586000000,586000000,1.53,1.5,0,572200000,-407200000,-588200000,-423200000,1444400000,62500000,34.95,38.87,31.04,0.1771,0.0468,26.89,1.36,8.32,0.26,0.0086,0,0.2699,0.0526,0.89,1.34,0.7554
2010-12-31,384500000,384500000,1,37739400000,6994200000,27848600000,8736900000,9890800000,0,0,5641900000,0,8539900000,215600000,215600000,0.56,0.59,0.04,565500000,380200000,-873600000,72100000,1867600000,71600000,30.8,31.99,29.62,0.176,0.0458,25.72,1.23,7.72,0.26,0.0087,0,0.2621,0.0516,0.89,1.28,0.8005
2010-09-30,400100000,400100000,1,39150600000,7074400000,29154000000,9006300000,9996600000,0,0,5664400000,0,8538800000,497600000,497600000,1.21,1.19,0,91800000,280100000,17600000,389500000,1795500000,72600000,28.8,31.61,25.99,0.1727,0.0443,24.99,1.16,8.16,0.22,0.01,0,0.2553,0.0498,0.89,0.05,0.7855
2010-06-30,417400000,417400000,1,38347800000,6914000000,28001500000,9568900000,10346300000,0,0,5687800000,0,8545800000,491000000,491000000,1.16,1.14,0,-82500000,273000000,-354900000,-164400000,1406000000,70000000,30.77,35.17,26.38,0.1573,0.0401,24.79,1.32,9.74,0.22,0.0112,0,0.2698,0.0446,0.9,-0.37,0.7225
2010-03-31,424900000,424900000,1,38972800000,7426400000,29048900000,9844400000,9923900000,0,0,5712000000,0,8621500000,562600000,562600000,1.3,1.28,0,837300000,-298800000,-171700000,366800000,1570400000,74500000,32.01,35.38,28.63,0.1481,0.0368,23.36,1.45,11.31,0.22,0.0123,0,0.2546,0.0403,0.91,1.8,0.7544
2009-12-31,431000000,431000000,1,38550400000,6826900000,29046600000,8464200000,9503800000,0,0,5736900000,0,8756200000,165900000,165900000,0.38,0.38,0.04,632500000,-1514700000,255700000,-626500000,1203600000,102600000,29.63,34.04,25.22,0.1407,0.0342,22.05,1.35,10.04,0.22,0.0135,0,0.2465,0.0367,0.93,1.23,0.8066
2009-09-30,433500000,433500000,1,38135000000,7100400000,28595000000,8425200000,9540000000,0,0,5683900000,0,8722400000,326200000,326200000,0.75,0.73,0,929100000,-102100000,-204400000,622600000,1830100000,91100000,27.61,31.16,24.05,0.1493,0.0356,22.01,1.36,9.86,0.18,0.0139,0,0.2502,0.0387,0.92,1.93,0.8428
2009-06-30,436500000,436500000,1,36762600000,6917700000,27885400000,7934200000,8877200000,0,0,5707800000,0,8670800000,346600000,346600000,0.78,0.77,0,100400000,-497700000,-142500000,-539800000,1207500000,79700000,24.8,27.72,21.88,0.1447,0.0345,20.34,1.32,8.27,0.18,0.0144,0,0.2415,0.0385,0.9,0.05,0.8719
2009-03-31,446900000,446900000,1,35978800000,5716900000,27614900000,7810900000,8363900000,0,0,5728500000,0,8614700000,437800000,437800000,0.97,0.95,0,826300000,114800000,-373300000,567800000,1747300000,88600000,26.76,34.52,18.99,0.1564,0.0376,18.72,1.48,9.23,0.18,0.013,0,0.2325,0.0437,0.86,1.65,0.7319
2008-12-31,453500000,453500000,1,35852500000,4918400000,27666100000,7554800000,8186400000,0,0,5753000000,0,7759300000,194700000,194700000,0.44,0.5,0.04,454500000,283400000,-422600000,315300000,1179500000,142000000,27.55,37.43,17.68,0.1493,0.0367,18.05,1.37,8.1,0.18,0.0131,0,0.2283,0.0447,0.82,0.69,0.651
2008-09-30,461100000,461100000,1,37262600000,4950900000,27966000000,8332600000,9296600000,0,0,5782300000,0,7624600000,277300000,277300000,0.59,0.58,0,668300000,-464300000,-170600000,33400000,864200000,111700000,39.26,44.11,34.41,0.1683,0.0395,20.16,1.91,10.41,0.14,0.0121,0,0.2495,0.054,0.73,1.21,0.5942
2008-06-30,471600000,471600000,1,38692200000,4570400000,28986300000,8484900000,9705900000,0,0,5806600000,0,7828100000,480500000,480500000,1,0.97,0,186500000,-374400000,-352000000,-539900000,830800000,110200000,43.54,47.49,39.59,0.1894,0.0416,20.58,2.14,11.93,0.14,0.0107,0,0.2508,0.0626,0.66,0.16,0.5387
2008-03-31,484800000,484800000,1,39158500000,5368400000,29277000000,8679000000,9881500000,0,0,5833600000,0,7738700000,431600000,431600000,0.87,0.85,0,897600000,-518000000,-262900000,116700000,1370700000,82700000,50.64,59.19,42.09,0.1865,0.0386,20.38,2.51,14.03,0.14,0.0109,0,0.2523,0.0638,0.6,1.68,0.6186
2007-12-31,496600000,496600000,1,50724700000,5288400000,40686300000,7674700000,10038400000,0,0,5839400000,0,7144400000,448400000,448400000,0.91,1,0.04,659000000,-464400000,-71200000,123400000,1254000000,128100000,56.3,59.76,52.85,0.1887,0.0368,20.21,2.93,16.04,0.14,0.0108,0,0.1979,0.0663,0.55,1.07,0.6891
2007-09-30,500400000,500400000,1,50062900000,18676900000,40456100000,8040300000,9606800000,0,0,5779100000,0,6961300000,496700000,496700000,0.98,0.95,0,257500000,-434100000,-100200000,-276800000,1130600000,98500000,50.61,54.27,46.95,0.1917,0.0371,19.2,2.67,14.84,0.1,0.0114,0,0.1919,0.0678,0.55,0.32,2.3229
2007-06-30,511400000,511400000,1,49572100000,18830600000,39891600000,7444900000,9680500000,0,0,5251600000,0,6793900000,451300000,451300000,0.88,0.85,0,320300000,-125900000,-216800000,-22400000,1407400000,94400000,48.73,53.27,44.19,0.1893,0.0373,18.93,2.63,15.09,0.1,0.0115,0,0.1953,0.0687,0.54,0.44,2.5293
2007-03-31,512300000,512300000,1,48636600000,18825300000,39153200000,7532700000,9483400000,0,0,5273400000,0,6700000000,434600000,434600000,0.84,0.81,0,828700000,-13400000,-265500000,549800000,1429800000,79400000,43.61,46.32,40.89,0.1814,0.0366,18.51,2.46,14.07,0.1,0.0119,0,0.195,0.0677,0.54,1.46,2.4991
2006-12-31,516400000,516400000,1,47626400000,18303800000,38481300000,7103000000,9145100000,0,0,5295200000,0,6359500000,434100000,434100000,0.85,0.9,0.04,495300000,-499700000,-329900000,-334300000,880000000,86700000,41.12,43.71,38.53,0.1736,0.0365,17.71,2.22,13.57,0.1,0.0121,0,0.192,0.0677,0.54,0.79,2.5769
2006-09-30,522000000,522000000,1,46942300000,18208400000,37292200000,7199200000,9650100000,0,0,5336200000,0,6299500000,476400000,476400000,0.89,0.85,0,578000000,110100000,-1122400000,-434300000,1214300000,66900000,36.13,41.26,30.99,0.1683,0.0369,18.49,1.99,12.86,0.06,0.0067,0,0.2056,0.0686,0.54,0.98,2.5292
2006-06-30,547700000,547700000,1,46165200000,18211400000,36202100000,6887100000,9963100000,0,0,5355400000,0,6252000000,389500000,389500000,0.69,0.67,0,250900000,-4200000,61100000,307800000,1648600000,74300000,43.13,49.33,36.93,0.1598,0.0355,18.19,2.34,15.32,0.06,0.0071,0,0.2158,0.0662,0.54,0.32,2.6443
2006-03-31,567000000,567000000,1,45662400000,18176600000,35209400000,7738900000,10453000000,0,0,5377300000,0,6234700000,401700000,401700000,0.71,0.68,0,364100000,-159500000,-56400000,148200000,1340800000,62600000,48.43,52.32,44.54,0.164,0.0366,18.44,2.72,17.11,0.06,0.007,0,0.2289,0.0692,0.53,0.53,2.3487
2005-12-31,567100000,567100000,1,44364600000,18234700000,34259700000,7616800000,10104900000,0,0,5248100000,0,5867400000,423000000,423000000,0.74,0.83,0.02,646700000,-86900000,-399900000,159900000,1192600000,88500000,44.84,49.68,40,0.1725,0.0378,17.82,2.75,17.71,0.06,0.0069,0,0.2278,0.0727,0.52,0.98,2.394
2005-09-30,286010804,572021608,2,43257500000,18695900000,33937400000,7713000000,9320100000,0,0,5139200000,0,5700700000,377800000,377800000,1.31,1.26,0,499400000,-225200000,-360400000,-86200000,1032700000,74600000,40.23,43.31,37.14,0.164,0.0355,16.29,2.47,10.17,0.04,0.0039,0,0.2155,0.0694,0.51,0.74,2.4239
2005-06-30,289952480,579904960,2,43073800000,19321600000,33628900000,7524100000,9444900000,0,0,4740400000,0,5496900000,409700000,409700000,1.41,1.35,0,602800000,-199700000,-214200000,188900000,1118900000,-133200000,38.47,43.24,33.7,0.2649,0.0575,16.29,2.47,10.32,0.04,0.0024,0,0.2193,0.1148,0.5,1.27,2.568
2005-03-31,290445584,580891168,2,42047700000,18887300000,33008600000,7374900000,9039100000,0,0,4342900000,0,5426900000,424000000,424000000,1.45,1.39,0,144500000,-198300000,-412200000,-466000000,930000000,241700000,34.3,38.67,29.93,0.2594,0.0554,15.56,2.22,9.52,0.04,0.0026,0,0.215,0.1123,0.49,-0.17,2.561
2004-12-31,147182685,588730740,4,42133700000,19516200000,33052300000,7011300000,9081400000,0,0,4148100000,0,5168300000,300700000,300700000,2.04,2.13,0.04,479200000,-113800000,-336300000,29100000,1396000000,55800000,26.27,31.72,20.82,0.2592,0.0542,15.43,1.71,7.59,0.04,0.0026,0,0.2155,0.1128,0.48,0.72,2.7835
2004-09-30,147652267,590609068,4,41513000000,19404000000,32428400000,6993200000,9084600000,0,0,4145900000,0,5039500000,1292300000,1292300000,8.55,8.21,0,675000000,267600000,-725200000,217400000,1366900000,60800000,22.37,24.98,19.75,0.262,0.0533,15.38,1.65,12.8,0.03,0.0028,0,0.2188,0.1136,0.47,1.04,2.7747
2004-06-30,153565974,614263896,4,40755100000,18959400000,32446900000,7013300000,8308200000,0,0,4152200000,0,4875000000,286300000,286300000,1.87,1.79,0,223200000,328800000,-110500000,441500000,1149500000,39500000,21.56,23.68,19.44,0.1393,0.0272,13.53,1.61,14.21,0.03,0.0055,0,0.2039,0.0596,0.46,0.3,2.7033
2004-03-31,152391501,609566004,4,41391400000,19702000000,33216100000,7446800000,8175300000,0,0,4164900000,0,4821300000,365800000,365800000,2.38,2.28,0,59400000,-415200000,-369600000,-725400000,708000000,34200000,19.49,22.48,16.5,0.1232,0.0237,13.41,1.51,13.19,0.03,0.0063,0,0.1975,0.0529,0.45,0.04,2.6457
2003-12-31,153323052,613292208,4,40950200000,19556800000,33026200000,7367500000,7924000000,0,0,4175600000,0,4574800000,249500000,249500000,1.62,1.57,0.04,380300000,-559200000,-168000000,-346900000,1433400000,42700000,15.49,16.98,14,0.1217,0.0229,12.92,1.23,12.15,0.03,0.0066,0,0.1935,0.0519,0.44,0.55,2.6545
2003-09-30,152569235,610276940,4,41055300000,19916800000,33363300000,7844100000,7692000000,0,0,4127200000,0,4469100000,215900000,215900000,1.41,1.35,0,74800000,51900000,-212900000,-86200000,1780300000,101000000,15.15,17.12,13.18,0.1052,0.0193,12.6,1.21,13.8,0.02,0.0077,0,0.1874,0.0432,0.45,-0.04,2.5391
2003-06-30,153878770,615515080,4,40578200000,19664900000,32881100000,7339000000,7697100000,0,0,4139900000,0,4466000000,138400000,138400000,0.9,0.87,0,-45800000,100600000,-111700000,-56900000,1866500000,40800000,13.93,16.11,11.76,0.0897,0.0166,12.51,1.15,13.2,0.02,0.009,0,0.1897,0.036,0.46,-0.14,2.6795
2003-03-31,151861968,607447872,4,40230000000,19530400000,32857700000,7597900000,7372300000,0,0,4152600000,0,4466500000,330000000,330000000,2.19,2.12,0,-38700000,242300000,-83100000,120500000,1923400000,26300000,11.31,12.41,10.21,0.0866,0.016,12.14,0.97,None,0.02,0.0095,0,0.1833,0.0333,0.48,-0.11,2.5705
2002-12-31,150351776,601407104,4,40047500000,19349300000,33067500000,7718800000,6980000000,0,0,4165300000,0,4717700000,98200000,98200000,0.75,0.76,0.04,564800000,-472000000,-124100000,-31300000,1802900000,41100000,9.46,10.99,7.92,-0.3481,-0.0639,11.61,0.75,None,0.02,None,0,0.1743,None,0.5,0.87,2.5068
2002-09-30,150540858,602163432,4,39166000000,18920100000,31536900000,7434700000,7629100000,0,0,4178000000,0,4832100000,98800000,98800000,0.66,0.64,0,-36000000,672700000,-177900000,458800000,1834200000,45400000,10.36,11.76,8.95,-0.3522,-0.0697,12.67,0.85,None,0.01,None,0,0.1948,None,0.53,-0.14,2.5448
2002-06-30,150341712,601366848,4,39060100000,18268900000,31712900000,7233400000,7347200000,0,0,4197800000,0,5064200000,108200000,108200000,0.73,0.7,0,-7200000,-146900000,-29900000,-184000000,1375400000,38600000,11.3,12.94,9.66,-0.3446,-0.0712,12.22,0.94,None,0.01,None,0,0.1881,None,0.54,-0.08,2.5256
2002-03-31,145923466,583693864,4,39599700000,18114000000,32571900000,7393100000,7027800000,0,0,4246900000,0,5264700000,-2827700000,-2827700000,-19.5,-19,0,-215200000,556900000,-180500000,161200000,1559400000,30400000,8.7,9.71,7.69,-0.33,None,12.04,0.51,None,0.01,None,0,0.1775,None,0.56,-0.42,2.4501
2001-12-31,144720480,578881920,4,43255100000,18751200000,33364800000,8138600000,9890300000,0,0,7286800000,0,6039800000,-187600000,-187600000,-1.3,-1.3,0.04,145300000,-101400000,-257100000,-213200000,1398200000,26000000,7.67,8.43,6.91,-0.0278,None,17.09,0.44,None,0.01,None,0,0.2287,None,0.56,0.21,2.304
2001-09-30,143328510,573314040,4,44508500000,19149300000,34402100000,8132000000,10106400000,0,0,7387300000,0,6185900000,-54400000,-54400000,-0.38,-0.38,0,-47300000,318700000,-345800000,-74400000,1611400000,31900000,6.84,7.51,6.17,None,None,17.63,0.39,None,0,None,0,0.2271,None,None,-0.14,2.3548
2001-06-30,142786921,571147684,4,45591500000,19368500000,35533400000,8409300000,10058100000,0,0,7488900000,0,6536400000,10600000,10600000,0.07,0.07,0,105100000,-4200000,57400000,158300000,1685800000,68600000,7.47,9.14,5.81,None,None,17.61,0.42,None,0,None,0,0.2206,None,None,0.06,2.3032
2001-03-31,142459039,569836156,4,46953300000,19817600000,36835400000,9374800000,10117900000,0,0,7596200000,0,6428700000,-48200000,-48200000,-0.34,-0.34,0,-237100000,110800000,1300000,-125000000,1818800000,16400000,9.41,10.38,8.45,None,None,17.76,0.53,None,0,None,0,0.2155,None,None,-0.44,2.1139
2000-12-31,143820179,575280716,4,47445700000,19767500000,37318600000,10003400000,10127100000,0,0,7703400000,0,None,None,None,None,None,0,None,None,None,None,1943800000,0,None,None,None,None,None,17.6,None,None,0,None,0,0.2134,None,None,None,1.9761
