"Quarter end","Shares","Shares split adjusted","Split factor","Assets","Current Assets","Liabilities","Current Liabilities","Shareholders equity","Non-controlling interest","Preferred equity","Goodwill & intangibles","Long-term debt","Revenue","Earnings","Earnings available for common stockholders","EPS basic","EPS diluted","Dividend per share","Cash from operating activities","Cash from investing activities","Cash from financing activities","Cash change during period","Cash at end of period","Capital expenditures","Price","Price high","Price low","ROE","ROA","Book value of equity per share","P/B ratio","P/E ratio","Cumulative dividends per share","Dividend payout ratio","Long-term debt to equity ratio","Equity to assets ratio","Net margin","Asset turnover","Free cash flow per share","Current ratio"
2019-03-31,154519867,154519867,1,20501604000,None,12331317000,None,5836618000,2333669000,200000000,0,2959908000,725767000,100730000,98105000,0.63,0.63,0.95,207234000,-223515000,-190612000,-206893000,432298000,195635000,122.08,136.22,107.94,0.0941,0.0251,36.48,4.72,32.99,73.59,1.1404,0.5251,0.2749,0.1777,0.14,0.08,None
2018-12-31,154509216,154509216,1,19955423000,None,12042509000,None,4200878000,3712036000,200000000,0,2995328000,705157000,151152000,148527000,0.97,0.96,1.1,379618000,-78809000,-85402000,215407000,639191000,13956000,120.28,132.73,107.84,0.1088,0.0293,25.89,3.27,35.27,72.64,0.9444,0.7487,0.2005,0.2106,0.14,2.37,None
2018-09-30,154440500,154440500,1,20137498000,None,11931524000,None,5876566000,2329408000,200000000,0,3137548000,686284000,121743000,119118000,0.77,0.77,0.8,209781000,-534266000,21209000,-303276000,423784000,205203000,126.72,132.82,120.62,0.1021,0.0273,36.76,3.44,37.27,71.54,0.9364,0.5527,0.2819,0.1978,0.14,0.03,None
2018-06-30,154419806,154419806,1,19961163000,None,11747921000,None,5892840000,2320402000,200000000,0,2972052000,664484000,131306000,128681000,0.83,0.83,0.8,335068000,-302013000,238876000,271931000,727060000,285381000,121.09,126.19,116,0.1021,0.0275,36.87,3.29,35.2,70.74,0.9247,0.5221,0.2852,0.1993,0.14,0.32,None
2018-03-31,154363964,154363964,1,19583939000,None,11399849000,None,5879028000,2305062000,200000000,0,3089930000,661151000,178646000,176021000,1.14,1.14,0.8,225778000,-183788000,-92230000,-50240000,455129000,134647000,120.98,130.39,111.57,0.1034,0.028,36.79,5.17,41.29,69.94,0.9012,0.5441,0.29,0.2018,0.14,0.59,None
2017-12-31,154339610,154339610,1,19053430000,None,11269777000,None,3807630000,3976023000,193623000,0,3066559000,655229000,106435000,103810000,0.67,0.67,0.8,314733000,-275387000,-97634000,-58288000,434767000,268790000,125.87,132,119.74,0.0885,0.0241,23.42,3.45,39.21,69.14,1.0407,0.8485,0.1897,0.1737,0.14,0.3,None
2017-09-30,154322266,154322266,1,19308518000,None,11208823000,None,5825218000,2274477000,200000000,0,2982067000,657712000,119962000,117337000,0.76,0.76,0.75,220434000,-82957000,-136857000,620000,493055000,273578000,120.93,125.09,116.77,0.0884,0.0265,36.45,3.32,40.99,68.34,0.9332,0.5301,0.2913,0.1918,0.14,-0.34,None
2017-06-30,154317716,154317716,1,19281762000,None,11208410000,None,5814374000,2258978000,200000000,0,2986283000,656907000,136334000,133709000,0.87,0.87,0.75,125748000,-276877000,340625000,189496000,492435000,256110000,128.44,137.35,119.54,0.0816,0.0245,36.38,3.54,47.39,67.59,0.9818,0.5319,0.2912,0.1783,0.13,-0.84,None
2017-03-31,153857334,153857334,1,18966627000,None,11044189000,None,5775533000,2146905000,200000000,0,2151959000,632228000,99708000,97083000,0.63,0.63,0.75,246530000,-262593000,-37912000,-53975000,302939000,248882000,133.06,140.13,125.99,0.0752,0.0227,36.24,3.66,40.82,66.84,1.0311,0.386,0.294,0.1659,0.13,-0.02,None
2016-12-31,153836251,153836251,1,18851643000,None,10919719000,None,5786295000,2145629000,200000000,0,2031615000,636061000,149892000,147188000,0.96,0.95,0.75,293089000,-224673000,-130825000,-62409000,356914000,271968000,124.58,135.47,113.69,0.0905,0.0271,36.31,3.47,38.93,66.09,0.8264,0.3637,0.2963,0.1969,0.13,0.14,None
2016-09-30,153773460,153773460,1,18789899000,None,10930646000,None,5725931000,2133322000,200000000,0,2077707000,625228000,79342000,76753000,0.5,0.5,0.65,159634000,-678792000,-241563000,-760721000,419323000,183201000,136.75,144.02,129.49,0.0892,0.0267,35.94,3.8,35.06,65.34,1.1999,0.376,0.2941,0.1942,0.13,-0.15,None
2016-06-30,153693464,153693464,1,18963965000,None,11065746000,None,5732897000,2165322000,200000000,0,3189013000,623546000,99186000,96597000,0.63,0.63,0.65,235171000,-316235000,-344570000,-425634000,1180044000,282177000,128.52,133.59,123.45,0.1079,0.0324,36,3.56,33.91,64.69,0.9852,0.5764,0.2918,0.236,0.13,-0.31,None
2016-03-31,153611330,153611330,1,19175830000,None,11246040000,None,5749783000,2180007000,200000000,0,3416622000,665985000,184365000,181747000,1.18,1.18,0.65,348980000,-109357000,642337000,881960000,1605678000,99192000,117.53,127.77,107.28,0.1046,0.0314,36.13,3.28,31.59,64.04,1.014,0.6156,0.2894,0.2297,0.13,1.63,None
2015-12-31,153592481,153592481,1,18379456000,None,10492529000,None,5709435000,2177492000,200000000,0,0,624240000,140528000,137882000,0.89,0.89,1.9,190533000,-679027000,-174795000,-663289000,723718000,-3832000,123.66,130.68,116.64,0.1026,0.0308,35.87,3.36,31.07,63.39,1.0325,0,0.2998,0.2299,0.13,1.27,None
2015-09-30,153576272,153576272,1,18980263000,None,10917504000,None,5851915000,2210844000,200000000,0,0,629884000,186729000,184082000,1.2,1.2,0.65,165802000,219636000,-341182000,44256000,1387007000,-25963000,111.03,127.15,94.91,0.1093,0.0321,36.8,3.05,30.76,61.49,1.7854,0,0.2978,0.2458,0.13,1.25,None
2015-06-30,153573619,153573619,1,19113959000,None,11019279000,None,5782978000,2311702000,200000000,0,0,618221000,82078000,79460000,0.52,0.52,0.65,241630000,176440000,-139715000,278355000,1342751000,147653000,131.76,143.09,120.44,0.0997,0.0293,36.35,3.62,36.7,60.84,1.9667,0,0.2921,0.224,0.13,0.61,None
2015-03-31,153407015,153407015,1,19179071000,None,11073970000,None,5782172000,2322929000,200000000,0,0,618476000,173771000,171182000,1.12,1.11,0.65,201446000,2725000,-902854000,-698683000,1064396000,-88467000,137.68,146.07,129.29,0.0996,0.0292,36.39,3.84,48.65,60.19,1.9766,0,0.2911,0.2254,0.13,1.89,None
2014-12-31,153187903,153187903,1,19886767000,None,11878506000,None,5697298000,2310963000,200000000,0,0,613707000,177472000,174826000,1.15,1.15,5.15,225876000,-176868000,867407000,916415000,1763079000,-165111000,126.11,137.15,115.06,0.0787,0.0232,35.89,3.49,55.07,59.54,2.5107,0,0.2764,0.1807,0.13,2.55,None
2014-09-30,153099786,153099786,1,18875160000,None,11721440000,None,5725026000,1428694000,200000000,0,0,618803000,130371000,127724000,0.83,0.83,0.65,160684000,-141685000,-208911000,-189912000,846664000,41848000,118.4,124.04,112.75,0.0629,0.0186,36.09,3.3,48.13,54.39,2.1384,0,0.2927,0.1479,0.12,0.78,None
2014-06-30,153098021,153098021,1,18898533000,None,11762849000,None,5691029000,1444655000,200000000,0,0,589794000,79145000,76527000,0.5,0.5,0.65,184784000,-199499000,-128282000,-142997000,1036576000,151737000,118.01,122.4,113.62,0.0676,0.0197,35.87,3.28,24.08,53.74,1.9946,0,0.2906,0.1616,0.12,0.22,None
2014-03-31,153040988,153040988,1,18979568000,None,11825385000,None,5702070000,1452113000,200000000,0,0,574694000,56623000,54034000,0.35,0.35,0.65,124209000,-147072000,-1162701000,-1185564000,1179573000,146086000,107.38,115.2,99.55,0.1363,0.0388,35.95,2.96,22.09,53.09,0.9916,0,0.2899,0.3358,0.11,-0.14,None
2013-12-31,153006302,153006302,1,20162251000,None,12967712000,None,5741153000,1453386000,200000000,0,0,563123000,91452000,88806000,0.6,0.61,2.9,227505000,-79195000,575552000,723862000,2365137000,81765000,103.94,109.83,98.04,0.138,0.0401,36.22,2.9,22.74,52.44,0.9987,0,0.2748,0.3473,0.11,0.95,None
2013-09-30,152878764,152878764,1,19519708000,None,12611391000,None,5683060000,1225257000,200000000,0,0,574082000,155324000,152677000,1,1,0.65,215583000,-1143000,-181896000,32544000,1641275000,22833000,105.57,112.93,98.21,0.1332,0.0403,35.87,2.97,26.73,49.54,0.5643,0,0.2809,0.3408,0.12,1.26,None
2013-06-30,152388954,152388954,1,19462784000,None,12569374000,None,5624848000,1268562000,200000000,0,0,515320000,455035000,452417000,2.95,2.94,0.65,97409000,-19311000,621257000,699355000,1608731000,312161000,107.72,115.85,99.59,0.1172,0.0371,35.6,3.23,59.84,48.89,0.6256,0,0.2787,0.3102,0.12,-1.41,None
2013-03-31,151743327,151743327,1,15623279000,None,9608937000,None,5256874000,757468000,200000000,0,0,483014000,48000000,47854000,0.32,0.31,0.65,237429000,-432991000,62960000,-132602000,909376000,432144000,104.75,109.65,99.85,0.0535,0.0178,33.33,3.12,54.56,48.24,1.3306,0,0.3237,0.1427,0.12,-1.28,None
2012-12-31,151639342,151639342,1,15462321000,None,9619033000,None,5097065000,746223000,0,0,0,484804000,48179000,48179000,0.32,0.32,0.65,179263000,-257920000,-102580000,-181237000,1041978000,744349000,105.4,111.56,99.23,0.057,0.0193,33.61,3.11,46.43,47.59,1.1975,0,0.3296,0.1544,0.12,-3.73,None
2012-09-30,150862873,150862873,1,15141943000,None,9345416000,None,5119356000,677171000,0,0,0,470904000,57769000,57769000,0.38,0.38,0.55,132606000,-213698000,-367690000,-448782000,1223215000,-278557000,112.26,117,107.52,0.0682,0.0231,33.93,3.3,47.37,46.94,0.9628,0,0.3381,0.1858,0.12,2.73,None
2012-06-30,150762982,150762982,1,15280629000,None,9523357000,None,5134054000,623218000,0,0,0,472897000,119070000,119070000,0.79,0.79,0.55,161819000,-46304000,965286000,1080801000,1671997000,47758000,104.55,110.17,98.92,0.0718,0.0244,34.05,3.16,52.54,46.39,0.9024,0,0.336,0.1946,0.13,0.76,None
2012-03-31,149815412,149815412,1,14212857000,None,8641505000,None,4963152000,608200000,0,0,0,447662000,64632000,64632000,0.44,0.43,0.55,169261000,-760110000,-641163000,-1232012000,591196000,758541000,102.3,107.87,96.73,0.0611,0.0209,33.13,3.12,55.3,45.84,1.0497,0,0.3492,0.1657,0.13,-3.93,None
2011-12-31,148280022,148280022,1,14782966000,None,9313798000,None,4865998000,603170000,0,0,0,452787000,101110000,101110000,0.68,0.67,0.55,163469000,-59694000,656409000,760184000,1823208000,143991000,91.92,102.32,81.52,0.057,0.0193,32.82,2.81,84.33,45.29,1.1061,0,0.3292,0.155,0.12,0.13,None
2011-09-30,147629307,147629307,1,13980798000,None,8540985000,None,4825536000,614277000,0,0,0,452413000,70542000,70542000,0.48,0.48,0.5,152758000,159704000,-30022000,282440000,1063024000,62228000,100.93,112.84,89.02,0.0341,0.0115,32.69,3.12,98.95,44.74,1.8319,0,0.3452,0.0938,0.12,0.61,None
2011-06-30,146904626,146904626,1,13884212000,None,8492017000,None,4757914000,634281000,0,0,0,436451000,60214000,60214000,0.41,0.41,0.5,157817000,-69077000,-55461000,33279000,780584000,62858000,100.82,108.35,93.29,0.0319,0.0108,32.39,3.13,96.02,44.24,1.9677,0,0.3427,0.0896,0.12,0.65,None
2011-03-31,145596426,145596426,1,13835473000,None,8490362000,None,4696042000,649069000,0,0,0,417875000,40813000,40813000,0.29,0.29,0.5,132284000,-121029000,257102000,268357000,747305000,100600000,90.25,96.59,83.9,0.0328,0.0111,32.25,2.93,79.17,43.74,1.926,0,0.3394,0.0926,0.12,0.22,None
2010-12-31,141864497,141864497,1,13348263000,None,8328418000,None,4372643000,647202000,0,0,0,386841000,-12722000,-12722000,-0.09,-0.09,0.5,43039000,-385568000,-448597000,-791126000,478948000,406801000,86.23,91.45,81.02,0.0359,0.0124,30.82,2.71,53.23,43.24,1.7613,0,0.3276,0.1026,0.12,-2.56,None
2010-09-30,140105879,140105879,1,13048836000,None,7915091000,None,4461911000,671834000,0,0,0,388224000,57668000,57668000,0.41,0.41,0.5,122350000,-490140000,-65584000,-433374000,1270074000,158125000,78.87,89.26,68.47,0.0507,0.0179,31.85,2.47,46.95,42.74,1.2373,0,0.3419,0.1461,0.12,-0.26,None
2010-06-30,139348662,139348662,1,12787701000,None,7663109000,None,4443377000,681215000,0,0,0,395958000,61412000,61412000,0.44,0.44,0.5,150410000,-132620000,465266000,483056000,1703448000,132486000,79.15,83.42,74.87,0.0525,0.019,31.89,2.48,44.72,42.24,1.1912,0,0.3475,0.1524,0.12,0.13,None
2010-03-31,139018015,139018015,1,12251342000,None,7130209000,None,4437243000,683890000,0,0,0,379781000,52714000,52714000,0.38,0.38,0.5,60094000,-152946000,-135689000,-228541000,1220392000,119407000,69.86,78.22,61.5,0.0538,0.02,31.92,2.18,39.69,41.74,1.1611,0,0.3622,0.1569,0.13,-0.43,None
2009-12-31,138965804,138965804,1,12348703000,None,7223992000,None,4446002000,678709000,0,0,0,377912000,53469000,53469000,0.38,0.39,0.5,169460000,-118316000,615683000,666827000,1448933000,118641000,64.46,71.73,57.19,0.0544,0.0199,31.99,2.01,103.97,41.24,1.2579,0,0.36,0.1518,0.13,0.37,None
2009-09-30,138719073,138719073,1,11631777000,None,6499359000,None,4450591000,681827000,0,0,0,377303000,65795000,65795000,0.47,0.47,0.5,130979000,-129320000,-38798000,-37139000,782106000,127700000,57.42,72.23,42.62,0.0215,0.0077,32.08,1.79,104.4,40.74,3.5187,0,0.3826,0.0561,0.14,0.02,None
2009-06-30,138583615,138583615,1,11580664000,None,6455103000,None,4444056000,681505000,0,0,0,389490000,67152000,67152000,0.54,0.53,0.5,206801000,-106051000,574706000,675456000,819245000,105135000,43.49,53.19,33.79,0.0181,0.0062,32.07,1.45,63.96,40.24,4.5859,0,0.3837,0.0455,0.14,0.73,None
2009-03-31,121279082,121279082,1,10871936000,None,6594607000,None,3647168000,630161000,0,0,0,377544000,44598000,44598000,0.37,0.37,0.68,110136000,-92914000,-114943000,-97721000,143789000,91368000,43.04,56.78,29.3,0.0224,0.0076,30.07,1.48,41.38,39.74,4.0378,0,0.3355,0.0544,0.14,0.15,None
2008-12-31,121265984,121265984,1,10911645000,None,6781751000,None,3531267000,598627000,0,0,0,392273000,-91269000,-91269000,-0.75,-0.75,0.68,197949000,-102559000,90523000,185913000,241510000,238139000,64.97,92.41,37.52,0.0345,0.0118,29.12,2.15,22.25,39.06,2.6149,0,0.3236,0.0841,0.14,-0.33,None
2008-09-30,120804847,120804847,1,10873334000,None,6589291000,None,3644872000,639171000,0,0,0,357048000,48506000,48506000,0.4,0.4,0.68,113597000,-582730000,412620000,-56513000,55597000,235473000,93.9,105.8,82,0.0933,0.032,30.17,3.04,20.82,38.38,3.0418,0,0.3352,0.2331,0.14,-1.01,None
2008-06-30,119810724,119810724,1,10387925000,None,6026615000,None,3697997000,663313000,0,0,0,368520000,79534000,79534000,0.66,0.66,0.68,146548000,-720747000,-108334000,-682533000,112110000,108927000,97.78,106.53,89.04,0.1394,0.05,30.87,3.19,20.85,37.7,1.9397,0,0.356,0.3616,0.14,0.31,None
2008-03-31,119699830,119699830,1,10349487000,None,6030538000,None,3664437000,654512000,0,0,0,370559000,88461000,88461000,0.74,0.73,0.68,102814000,90360000,-905452000,-712278000,794643000,-6565000,89.3,98.72,79.88,0.1411,0.0514,30.61,2.91,8.16,37.02,1.8596,0,0.3541,0.3753,0.14,0.91,None
2007-12-31,119489042,119489042,1,11192637000,None,6869920000,None,3668825000,653892000,0,0,0,371959000,125669000,125669000,1.12,1.13,6.66,176255000,-476778000,-86754000,-387277000,1506921000,2191618000,100.69,113.6,87.78,0.3247,0.1197,30.7,2.76,9.52,36.34,0.7842,0,0.3278,0.8937,0.13,-16.87,None
2007-09-30,119265452,119265452,1,10985621000,None,5884119000,None,4347882000,753620000,0,0,0,371507000,242370000,242370000,2.02,1.99,0.68,141267000,176078000,-308465000,8880000,1894198000,-186660000,99.75,108.25,91.25,0.3204,0.1189,36.46,2.85,10.5,29.68,0.76,0,0.3958,0.8537,0.14,2.75,None
2007-06-30,119034512,119034512,1,10994602000,None,6100215000,None,4163344000,731043000,0,0,0,375128000,102344000,102344000,0.86,0.84,0.68,186680000,-67845000,-249853000,-131018000,1885318000,82829000,109.25,119.95,98.55,0.2964,0.1094,34.98,3.14,7.87,29,0.8484,0,0.3787,0.763,0.14,0.87,None
2007-03-31,119004390,119004390,1,11085740000,None,6221194000,None,4137609000,726937000,0,0,0,363695000,854307000,854307000,7.14,6.99,0.68,125176000,945476000,219896000,1290548000,2016336000,-955193000,121.05,133.02,109.07,0.4503,0.1649,34.77,4.47,16.16,28.32,0.579,0,0.3732,1.1178,0.15,9.08,None
2006-12-31,118943840,118943840,1,9695022000,None,5848288000,None,3223226000,623508000,0,0,0,378673000,72205000,72205000,0.78,0.76,6.08,144942000,-261920000,-206260000,-323238000,725788000,261255000,110.5,118.22,102.78,0.2579,0.0923,27.1,3.38,13.63,27.64,1.0965,0,0.3325,0.5913,0.16,-0.98,None
2006-09-30,116824029,116824029,1,9777509000,None,5214564000,None,3816529000,746416000,0,0,0,372460000,107962000,107962000,0.93,0.91,0.68,126327000,724529000,-172226000,678630000,1049026000,178632000,98.02,105.94,90.09,0.2886,0.1031,32.67,3.14,12.73,21.56,0.3259,0,0.3903,0.6553,0.16,-0.45,None
2006-06-30,114296793,114296793,1,9710516000,None,5316205000,None,3569444000,824867000,0,0,0,370349000,625731000,625731000,5.33,5.23,0.68,173735000,-153643000,318090000,338182000,370396000,-1000760000,87.52,93.15,81.89,0.2953,0.0992,31.23,3.4,22.44,20.88,0.3408,0,0.3676,0.6253,0.16,10.28,None
2006-03-31,114152792,114152792,1,8690401000,None,5016560000,None,2938656000,735185000,0,0,0,356104000,67737000,67737000,0.6,0.59,0.68,82975000,-79210000,-233047000,-229282000,32214000,71919000,85.08,97.18,72.98,0.1514,0.0496,25.74,3.28,22.04,20.2,0.6894,0,0.3381,0.3094,0.16,0.1,None
2005-12-31,112628988,112628988,1,8902368000,None,5245754000,None,2917346000,739268000,0,0,0,359056000,154009000,154009000,1.41,1.38,0.68,167576000,168536000,-525193000,-189081000,261496000,-127056000,70.62,76.37,64.87,0.1493,0.0483,25.9,2.8,23.23,19.52,0.6867,0,0.3277,0.3049,0.16,2.62,None
2005-09-30,112509359,112509359,1,9183888000,None,5624003000,None,2834808000,725077000,0,0,0,361786000,57551000,57551000,0.51,0.5,0.68,99697000,-104681000,-51621000,-56605000,450577000,90837000,72.44,76.67,68.21,0.1178,0.038,25.2,2.64,22.92,18.84,0.8544,0,0.3087,0.2406,0.16,0.08,None
2005-06-30,111613023,111613023,1,9124624000,None,5267174000,None,3061683000,795767000,0,0,0,360604000,165490000,165490000,1.46,1.43,0.68,121329000,350943000,-174397000,297875000,507182000,-379642000,64.5,70.17,58.84,0.121,0.0394,27.43,2.44,25.6,18.16,0.8126,0,0.3355,0.2486,0.16,4.49,None
2005-03-31,110754526,110754526,1,9097991000,None,5383987000,None,2931472000,782532000,0,0,0,356189000,61242000,61242000,0.56,0.55,0.65,83647000,-58193000,-55491000,-30037000,209307000,61569000,61.09,65.05,57.13,0.0961,0.0309,26.47,2.3,23.41,17.48,1.0208,0,0.3222,0.1962,0.16,0.2,None
2004-12-31,110374075,110374075,1,9063228000,None,5340827000,None,2936073000,786328000,0,0,0,361962000,62309000,62309000,0.58,0.56,0.65,125842000,-51370000,-49001000,25471000,239344000,56340000,60.03,64.9,55.15,0.0994,0.0316,26.6,2.27,22.57,16.84,0.9863,0,0.324,0.2028,0.16,0.63,None
2004-09-30,109144358,109144358,1,9012414000,None,5328883000,None,2892773000,790758000,0,0,0,359716000,68542000,68542000,0.63,0.62,0.65,93078000,-52541000,-54362000,-13825000,213873000,47341000,53.08,56.29,49.86,0.1034,0.0319,26.5,2.01,20.34,16.19,0.9623,0,0.321,0.2051,0.16,0.42,None
2004-06-30,108232953,108232953,1,8982267000,None,5322106000,None,2855989000,804172000,0,0,0,345133000,87118000,87118000,0.81,0.79,0.65,122726000,-15867000,-61312000,45547000,227698000,15474000,49.59,55.54,43.63,0.1041,0.0311,26.39,1.92,20.16,15.54,0.9692,0,0.318,0.2008,0.15,0.99,None
2004-03-31,106479297,106479297,1,8837035000,None,5237720000,None,2747414000,851901000,0,0,0,333654000,66048000,66048000,0.65,0.64,0.63,87860000,-51236000,122841000,159465000,182151000,50915000,50.79,54.89,46.69,0.0999,0.0289,25.8,2.11,13.62,14.89,1.0265,0,0.3109,0.1861,0.16,0.35,None
2003-12-31,99636024,99636024,1,8551100000,None,5320804000,None,2400163000,830133000,0,0,0,335409000,60071000,60071000,0.61,0.61,0.63,149245000,-188168000,23988000,-14935000,22686000,187902000,45.94,48.47,43.4,0.1551,0.0434,24.09,1.89,7.63,14.26,0.6694,0,0.2807,0.279,0.16,-0.39,None
2003-09-30,97921078,97921078,1,8408655000,None,5197382000,None,2381494000,829779000,0,0,0,331169000,56970000,56970000,0.59,0.57,0.63,89187000,-98255000,-111898000,-120966000,37621000,94796000,43.38,45.5,41.26,0.2459,0.0674,24.32,1.81,7.09,13.63,0.4256,0,0.2832,0.4224,0.16,-0.06,None
2003-06-30,97328613,97328613,1,8276209000,None,5085147000,None,2334004000,857058000,0,0,0,323370000,63236000,63236000,0.66,0.64,0.63,143632000,-80861000,-288602000,-225831000,158587000,80405000,41.41,44.83,38,0.2645,0.069,23.98,1.73,6.82,12.99,0.4088,0,0.282,0.4409,0.16,0.65,None
2003-03-31,96357436,96357436,1,8408754000,None,5239749000,None,2308823000,860182000,0,0,0,319680000,185045000,185045000,1.93,1.91,0.61,106211000,464780000,-241848000,329143000,384418000,-465094000,37.12,39.44,34.8,0.278,0.0701,23.96,1.65,7.8,12.36,0.4092,0,0.2746,0.4458,0.16,5.93,None
2002-12-31,95913698,95913698,1,8427203000,None,5423032000,None,2159590000,844581000,0,0,0,362435000,259290000,259290000,2.93,2.9,0.61,125790000,302616000,-401924000,26482000,55275000,-302680000,35.68,37.43,33.93,0.2297,0.0563,22.52,1.74,14.22,11.75,0.5164,0,0.2563,0.3571,0.16,4.47,None
2002-09-30,95291235,95291235,1,8481315000,None,5720790000,None,1956296000,804229000,0,0,0,308053000,71667000,71541000,0.72,0.67,0.61,112322000,-1146316000,981147000,-52847000,28793000,1137290000,37.22,39.87,34.56,0.1303,0.0319,20.53,1.99,15.77,11.14,0.9363,0,0.2307,0.2081,0.15,-10.76,None
2002-06-30,95261712,95261712,1,7358671000,None,4646431000,None,1886510000,825730000,100000000,0,0,290015000,56418000,54775000,0.6,0.59,0.61,92166000,-64273000,-17260000,10633000,81640000,84177000,39.72,41.55,37.88,0.1228,0.0307,18.75,2.04,17.27,10.54,0.9975,0,0.2428,0.1959,0.15,0.08,None
2002-03-31,91294665,91294665,1,7301392000,None,4596475000,None,1875230000,829687000,100000000,0,0,274320000,57008000,55365000,0.61,0.6,0.58,107102000,-109310000,-24852000,-27060000,71007000,94338000,37.9,39.82,35.98,0.1204,0.0302,19.45,1.96,17.23,9.93,0.9981,0,0.2431,0.1967,0.15,0.14,None
2001-12-31,90830331,90830331,1,7253510000,None,4554697000,None,1854073000,844740000,100000000,0,0,266094000,56928000,55280000,0.62,0.65,0.58,98893000,-157188000,-4649000,-62944000,98067000,152151000,36.37,38.41,34.33,0.1157,0.0299,19.31,1.89,17.49,9.35,1.0206,0,0.2418,0.195,0.15,-0.59,None
2001-09-30,90766989,90766989,1,7193521000,None,4496938000,None,1849351000,847232000,100000000,0,0,277159000,53168000,51515000,0.57,0.52,0.58,118699000,-123462000,10000,-4753000,161011000,128511000,38.73,41.26,36.2,0.1104,0.0292,19.27,2.02,18.62,8.77,1.0587,0,0.2432,0.1902,0.15,-0.11,None
2001-06-30,90548004,90548004,1,7093296000,None,4401636000,None,1839792000,851868000,100000000,0,0,256269000,50686000,49038000,0.55,0.53,0.58,92591000,-846699000,678053000,-76055000,165764000,880938000,38.77,41.06,36.47,0.1129,0.0288,19.21,2.03,18.82,8.19,1.105,0,0.2453,0.1861,0.15,-8.71,None
2001-03-31,90071798,90071798,1,6310079000,None,3665650000,None,1822854000,821575000,100000000,0,0,233456000,47250000,45607000,0.51,0.5,0.53,109220000,-176273000,27915000,-39138000,241819000,134859000,40.62,43.31,37.92,0.1163,0.0283,19.13,2.21,20.21,7.61,1.1025,0,0.273,0.1784,0.15,-0.28,None
2000-12-31,89701122,89701122,1,6226470000,None,3601028000,None,1747727000,877715000,100000000,0,0,228527000,44815000,43172000,0.54,0.53,0.53,95490000,-305862000,478899000,268527000,280957000,291771000,41.81,44.75,38.88,0.1189,0.0265,18.37,3.3,20.4,7.08,1.0955,0,0.2646,0.1665,0.15,-2.19,None
2000-09-30,86429849,86429849,1,5611117000,None,3640676000,None,1196076000,774365000,100000000,0,0,223313000,39040000,37397000,0.54,0.52,0.53,87410000,-91801000,10502000,6111000,12430000,87888000,40.41,43.25,37.56,0.127,0.0259,12.68,2.59,21.38,6.55,1.0423,0,0.1953,0.1608,0.15,-0.01,None
2000-06-30,68823159,68823159,1,5539054000,None,3567426000,None,1174177000,797451000,100000000,0,0,217259000,36523000,34880000,0.51,0.51,0.53,80458000,-72422000,-20052000,-12016000,6319000,53152000,35.36,38.97,31.75,0.1189,0.0244,15.61,2.17,19.75,6.02,1.0043,0,0.1939,0.1529,0.15,0.4,None
2000-03-31,67967131,67967131,1,5716317000,None,3699409000,None,1208082000,808826000,100000000,0,0,210254000,32620000,30977000,0.46,0.45,0.45,76306000,-103278000,33272000,6300000,18335000,100641000,31.09,32.38,29.81,0.1122,0.0235,16.3,2,17.97,5.49,1.0021,0,0.1938,0.1483,0.15,-0.36,None
1999-12-31,67954225,67954225,1,5434772000,None,3495246000,None,1157564000,781962000,100000000,0,0,205079000,36026000,34372000,0.56,0.57,0.45,76399000,-107485000,-7294000,-38380000,12035000,96308000,29.31,31.13,27.5,0.1113,0.0231,15.56,1.89,20.08,5.04,1.0238,0,0.1946,0.1449,0.15,-0.29,None
1999-09-30,67904698,67904698,1,5354775000,None,3419846000,None,1154019000,780910000,100000000,0,0,202205000,29072000,27418000,0.37,0.36,0.45,101219000,-369879000,286850000,18190000,50415000,376214000,32.97,35.63,30.31,0.0981,0.0199,15.52,2.12,22.58,4.58,1.4325,0,0.1968,0.1301,0.15,-4.05,None
1999-06-30,67902034,67902034,1,5018830000,None,3079709000,None,1157122000,781999000,100000000,0,0,191640000,28905000,27223000,0.42,0.41,0.42,62653000,-68035000,4010000,-1372000,32225000,80586000,34.19,37.13,31.25,0.0979,0.0211,15.57,2.34,22.35,4.13,1.4165,0,0.2106,0.1388,0.15,-0.26,None
1999-03-31,63548144,63548144,1,4935658000,None,3140095000,None,1027444000,768119000,100000000,0,0,187640000,25773000,24934000,0.39,0.39,0.425,63095000,-112328000,70664000,21431000,33597000,97630000,32.5,34.69,30.31,0.1056,0.0244,14.59,2.18,21.67,3.71,1.3525,0,0.1879,0.1624,0.15,-0.54,None
1998-12-31,63540106,63540106,1,5235087000,None,3207372000,None,948481000,1079234000,0,0,0,170027000,18219000,18219000,0.28,0.3,0.85,67811000,-969923000,898734000,-3378000,12166000,529168000,29.56,32.5,26.63,0.1017,0.0269,14.93,1.92,19.45,3.29,1.1395,0,0.1812,0.1812,0.15,-7.26,None
1998-09-30,63527552,63527552,1,3459332000,None,2020073000,None,977244000,462015000,0,0,0,140177000,25341000,25341000,0.39,0.36,0.41,30644000,-655244000,531182000,-93418000,15544000,624851000,29.28,34.69,23.88,0.1209,None,15.38,2.13,19.26,2.44,1.4311,0,0.2825,0.2072,0.16,-9.35,None
1998-06-30,63516785,63516785,1,2637883000,None,1410366000,None,874727000,352790000,0,0,0,108040000,29921000,29921000,0.48,0.48,0.41,58138000,-239482000,-101098000,-282442000,108962000,232327000,34.05,35.94,32.17,0.1437,None,13.77,2.44,None,2.03,1.5317,0,0.3316,0.22,0.17,-2.74,None
1998-03-31,61694041,61694041,1,2515878000,None,1398419000,None,860443000,257016000,0,0,0,95603000,19631000,19631000,0.36,0.36,0,58694000,-314566000,629716000,373844000,391404000,311103000,34.19,35.88,32.5,None,None,13.95,12.04,None,1.62,None,0,0.342,None,None,-4.09,None
1997-12-31,61694041,61694041,1,1672521000,None,1396837000,None,175048000,100636000,0,0,0,77290000,12372000,12372000,0.32,None,1.18,12147000,-177375000,293484000,128256000,17560000,185772000,32.19,34.38,30,None,None,2.84,6.37,None,1.62,None,0,0.1047,None,None,-2.81,None
1997-09-30,38694041,38694041,1,1295638000,None,1018989000,None,195481000,81168000,0,0,0,62990000,13722000,13722000,0.36,None,0.44,21696000,-342368000,209976000,-110696000,25989000,341118000,29.94,33.25,26.63,None,None,5.05,6.32,None,0.44,None,0,0.1509,None,None,-8.26,None
1997-06-30,38693541,38693541,1,1109963000,None,850370000,None,183428000,76165000,0,0,0,None,None,None,None,None,0,None,None,None,None,136685000,0,26.71,27.25,26.17,None,None,4.74,None,None,0,None,0,0.1653,None,None,None,None
