"Quarter end","Shares","Shares split adjusted","Split factor","Assets","Current Assets","Liabilities","Current Liabilities","Shareholders equity","Non-controlling interest","Preferred equity","Goodwill & intangibles","Long-term debt","Revenue","Earnings","Earnings available for common stockholders","EPS basic","EPS diluted","Dividend per share","Cash from operating activities","Cash from investing activities","Cash from financing activities","Cash change during period","Cash at end of period","Capital expenditures","Price","Price high","Price low","ROE","ROA","Book value of equity per share","P/B ratio","P/E ratio","Cumulative dividends per share","Dividend payout ratio","Long-term debt to equity ratio","Equity to assets ratio","Net margin","Asset turnover","Free cash flow per share","Current ratio"
2019-06-30,168049131,168049131,1,4170000000,1041500000,2363400000,710200000,1806600000,0,0,2641700000,1225700000,799500000,114300000,114300000,0.67,0.67,0.18,353000000,-10200000,-336600000,1600000,80500000,12900000,40.21,45.7,34.72,0.1994,0.0912,10.75,3.7,23.79,38.5,0.3275,0.6785,0.4332,0.1254,0.73,2.02,1.4665
2019-03-31,171891940,171891940,1,4382200000,1251600000,2511800000,705300000,1870400000,0,0,2644500000,1370700000,688900000,51300000,51300000,0.3,0.3,0.18,-256300000,-304500000,559000000,4600000,78900000,16500000,40.61,44.63,36.58,0.1583,0.0749,10.88,3.79,20.72,38.32,13.6182,0.7328,0.4268,0.1013,0.74,-1.59,1.7746
2018-12-31,171363615,171363615,1,3806500000,1039400000,1970400000,818700000,1836100000,0,0,2349000000,787600000,740500000,92900000,92900000,0.55,0.53,0.17,154500000,-13800000,-139500000,9600000,74300000,13800000,39.62,43.94,35.3,0.1346,0.0668,10.71,3.66,16.04,38.14,11.6861,0.429,0.4824,0.0992,0.67,0.82,1.2696
2018-09-30,173601030,173601030,1,3809500000,989600000,1929300000,707400000,1880200000,0,0,2386400000,798800000,711400000,110100000,110100000,0.63,0.63,0.175,112700000,-13400000,-107300000,-14000000,64700000,13900000,43.5,45.99,41,0.1313,0.0693,10.83,4.04,17.26,37.97,9.214,0.4248,0.4936,0.1104,0.63,0.57,1.3989
2018-06-30,175403866,175403866,1,3806000000,996600000,1917100000,709400000,1888900000,0,0,2385300000,779900000,780600000,41500000,41500000,0.23,0.23,22.45,339500000,-10400000,-1158900000,-828800000,78700000,5800000,57.12,72.96,41.28,0.1103,0.0604,10.77,2.16,15.35,37.8,8.9774,0.4129,0.4963,0.1012,0.6,1.9,1.4048
2018-03-31,178386369,178386369,1,9368100000,2719000000,4648400000,1027500000,4719700000,0,0,5916600000,2673100000,1269700000,102900000,102900000,0.57,0.57,0.35,-167600000,-31200000,997800000,794200000,907500000,14500000,69.83,74.84,64.82,0.1386,0.0772,26.46,2.5,19.24,15.35,0.3653,0.5664,0.5038,0.1357,0.57,-1.02,2.6462
2017-12-31,180306617,180306617,1,8633700000,1748800000,3595900000,1199400000,5037800000,0,0,5909500000,1440700000,1260900000,189600000,189600000,1.05,1.04,0.34,258400000,-24200000,-230700000,4800000,113300000,19600000,69.52,71.76,67.27,0.138,0.0706,27.94,2.52,21.07,15,0.3743,0.286,0.5835,0.135,0.52,1.32,1.4581
2017-09-30,181597391,181597391,1,8628800000,1705800000,3620200000,1072600000,5008600000,0,0,5950900000,1503400000,1226800000,125400000,125400000,0.69,0.68,0.345,206500000,-11200000,-275100000,-69300000,108500000,9600000,63.81,68.5,59.13,0.1311,0.0598,27.58,2.36,18.82,14.66,0.4111,0.3002,0.5805,0.1502,0.4,1.08,1.5903
2017-06-30,181479171,181479171,1,8669100000,1754800000,3765600000,1048400000,4903500000,0,0,5938500000,1698900000,1265300000,263700000,263700000,1.45,1.43,0.345,261300000,2749800000,-3095800000,-60300000,177800000,10200000,65.32,69.03,61.61,0.1394,0.0571,27.02,2.72,23.84,14.31,0.3995,0.3465,0.5656,0.1547,0.37,1.38,1.6738
2017-03-31,182245086,182245086,1,11818000000,2841100000,7443200000,1397600000,4374800000,0,0,5917800000,4528900000,1183500000,87800000,87800000,0.48,0.48,0.345,-106000000,-84000000,169000000,-400000,238100000,23600000,59.99,63.45,56.53,0.1172,0.043,24.01,2.56,21.05,13.97,0.4899,1.0352,0.3702,0.1117,0.38,-0.71,2.0328
2016-12-31,181765451,181765451,1,11534800000,2672000000,7280400000,1471200000,4254400000,0,0,5849200000,4278400000,370500000,131000000,131000000,0.72,0.71,0.34,304600000,-43300000,-155600000,67600000,238500000,22700000,59.09,64.39,53.8,0.1239,0.0445,23.41,2.47,None,13.62,0.4653,1.0056,0.3688,0.1068,0.42,1.55,1.8162
2016-09-30,181739834,181739834,1,11679000000,2747000000,7323700000,1288100000,4355300000,0,0,5934700000,4411300000,1210700000,141000000,141000000,0.78,0.77,0.34,187300000,-10400000,-195800000,-2400000,170900000,5300000,62.09,66.99,57.2,-0.015,-0.0053,23.96,2.7,None,13.28,None,1.0129,0.3729,None,0.53,1,2.1326
2016-06-30,181093366,181093366,1,11743800000,2792800000,7577500000,1415900000,4166300000,0,0,7651100000,4551700000,1733300000,142800000,142800000,0.79,0.78,0.33,384500000,-36100000,-325900000,15200000,173300000,33200000,56.88,63.39,50.37,-0.0209,-0.0073,23.01,2.52,None,12.94,None,1.0925,0.3548,None,0.55,1.94,1.9725
2016-03-31,180716339,180716339,1,12030200000,3005900000,7946000000,1467600000,4084200000,0,0,7711000000,4837100000,1575500000,107400000,107400000,0.59,0.59,0.33,-15000000,-32000000,77200000,31800000,158100000,31900000,48.05,54.54,41.57,-0.0193,-0.007,22.6,2.16,None,12.61,None,1.1843,0.3395,None,0.56,-0.26,2.0482
2015-12-31,180455693,180455693,1,11857000000,2780600000,7848200000,1486500000,4008800000,0,0,7745500000,4709300000,1760700000,-453300000,-453300000,-2.5,-2.5,0.32,343400000,-34900000,-326200000,-18600000,126300000,31200000,53.91,59.69,48.14,-0.0174,-0.0067,22.21,2.14,19.97,12.28,None,1.1747,0.3381,None,0.56,1.73,1.8706
2015-09-26,180253587,180253587,1,12670900000,2964200000,8135000000,1496200000,4535900000,0,0,8343000000,4986400000,1552100000,115200000,115200000,0.64,0.63,0.32,210400000,-1846400000,1647400000,-2400000,144900000,32100000,59.55,69.65,49.44,0.1095,0.0448,25.16,2.36,53.17,11.96,0.4571,1.0993,0.358,0.0786,0.57,0.99,1.9812
2015-06-27,180055920,180055920,1,10564700000,2902900000,6012600000,1460000000,4552100000,0,0,6319500000,3266200000,1661200000,147800000,147800000,0.82,0.81,0.32,318700000,-103600000,-194500000,16200000,147300000,11200000,63.22,66.52,59.92,0.0422,0.0184,25.28,2.57,55.95,11.64,1.1495,0.7175,0.4309,0.03,0.61,1.71,1.9883
2015-03-28,179638771,179638771,1,10569400000,2976900000,6146100000,1431100000,4423300000,0,0,6230900000,3409000000,1475000000,113900000,113900000,0.63,0.62,0.32,-133200000,19400000,159600000,20700000,131100000,32500000,64.48,68.24,60.73,0.0425,0.0192,24.62,2.52,58.62,11.32,1.0295,0.7707,0.4185,0.031,0.62,-0.92,2.0801
2014-12-31,182442197,182442197,1,10655200000,2894100000,5991400000,1639500000,4663800000,0,0,6350000000,2997400000,1644600000,120800000,120800000,0.67,0.64,0.3,325000000,-40800000,-307800000,-46200000,110400000,28100000,64.23,69.37,59.09,0.0404,0.0191,25.56,2.42,51.8,11,0.966,0.6427,0.4377,0.0305,0.63,1.63,1.7652
2014-09-27,186794220,186794220,1,10926900000,3052400000,5959500000,1668700000,4967400000,0,0,6441200000,2963200000,1758400000,-186000000,-186000000,-0.98,-0.95,0.3,268400000,-30900000,-231900000,-8700000,156600000,31500000,68.27,73.63,62.91,0.0444,0.0219,26.59,2.3,22.46,10.7,0.8024,0.5965,0.4546,0.0345,0.64,1.27,1.8292
2014-06-28,192560935,192560935,1,11616800000,3165900000,5898000000,1777100000,5718800000,0,0,6815400000,2739000000,1910800000,161500000,161500000,0.84,0.82,0.25,414400000,-29300000,-430700000,-36700000,174400000,30100000,76.5,81.04,71.96,0.1025,0.0521,29.7,2.51,25.76,10.4,0.3209,0.4789,0.4923,0.0828,0.63,2,1.7815
2014-03-29,194702369,194702369,1,11766500000,3305300000,5830200000,1528100000,5936300000,0,0,6846600000,2933800000,1725200000,118600000,118600000,0.6,0.59,0.25,600000,-27300000,-24700000,-54000000,211100000,26800000,77.33,83.37,71.29,0.1008,0.0514,30.49,2.5,29.4,10.15,0.3209,0.4942,0.5045,0.0812,0.63,-0.13,2.163
2013-12-31,197356157,197356157,1,11743300000,3232100000,5525600000,1610200000,6095300000,122400000,0,6910300000,2552600000,1917200000,157900000,157900000,0.8,0.78,0.25,285500000,-34300000,-226000000,27400000,265100000,41400000,70.38,77.97,62.8,0.0886,0.0457,30.88,2.31,123.47,9.9,0.3577,0.4188,0.519,0.0718,0.64,1.24,2.0073
2013-09-28,199333916,199333916,1,11804200000,3211300000,5602500000,1678400000,6082200000,119500000,0,6939200000,2570700000,1824800000,172800000,172800000,0.87,0.85,0.25,243700000,-37500000,-242200000,-15400000,237700000,38200000,61.94,66.49,57.38,0.0177,0.0092,30.51,2.12,3097,9.65,1.7306,0.4227,0.5153,0.0149,0.62,1.03,1.9133
2013-06-29,199150131,199150131,1,11666600000,3216500000,5723700000,1686800000,5826000000,116900000,0,6801200000,2737400000,1963700000,154100000,154100000,0.76,0.75,0.23,366100000,-120400000,-212900000,37800000,253100000,35400000,54.91,60.14,49.67,-0.0053,-0.0029,29.25,1.8,None,9.4,None,0.4699,0.4994,None,0.54,1.66,1.9069
2013-03-30,204522310,204522310,1,11721000000,3290000000,5378000000,1483000000,6228000000,115000000,0,6726000000,2592000000,1774000000,52000000,52000000,0.25,0.25,0.23,20000000,-19000000,-38000000,-46000000,215000000,49000000,51.8,54.2,49.39,-0.0216,-0.0116,30.45,1.68,152.35,9.17,None,0.4162,0.5314,None,0.53,-0.14,2.2185
2012-12-31,206137460,206137460,1,11795311000,3260368000,5311954000,1537921000,6366860000,116497000,0,6804168000,2454278000,1750932000,-270248000,-270248000,-1.28,-1.28,0.22,-179391000,-248334000,39118000,-381229000,261341000,44212000,44.9,49.5,40.3,-0.0249,-0.0129,30.89,1.38,172.69,8.94,None,0.3855,0.5398,None,0.53,-1.08,2.12
2012-09-29,210292400,210292400,1,11972335000,3740446000,4906094000,2131949000,6848055000,218186000,0,6721031000,1495369000,865512000,30418000,30418000,0.3,0.3,0.22,80590000,673333000,-173368000,581972000,642570000,18368000,41.32,45.21,37.43,0.009,0.0045,32.56,2.05,86.08,8.72,3.7874,0.2184,0.572,0.0082,0.54,0.3,1.7545
2012-06-30,99204048,99204048,1,4586269000,1276025000,2468397000,661716000,2001789000,116083000,0,2825637000,1233794000,941525000,71830000,71830000,0.72,0.71,0.22,234270000,-32253000,-188104000,5160000,60598000,12351000,41.95,47.59,36.31,0.0244,0.0105,20.18,2.05,97.56,8.5,1.674,0.6163,0.4365,0.014,0.76,2.24,1.9284
2012-03-31,99048375,99048375,1,4778206000,1389207000,2634599000,659323000,2027301000,116306000,0,2892104000,1395093000,858177000,60814000,60814000,0.62,0.61,0.22,-67509000,-17169000,90048000,5361000,55438000,14093000,41.33,48.77,33.88,0.0212,0.0092,20.47,2.11,125.24,8.28,1.82,0.6882,0.4243,0.0126,0.73,-0.82,2.107
2011-12-31,98622564,98622564,1,4586313000,1237835000,2538921000,641841000,1933329000,114063000,0,2866203000,1304225000,865692000,-134123000,-134123000,-1.36,-1.36,0.2,79667000,-21616000,-53347000,-2588000,50077000,19114000,34.5,38.62,30.38,0.016,0.0073,19.6,1.56,15.97,8.06,2.3048,0.6746,0.4215,0.0099,0.74,0.61,1.9286
2011-10-01,98566023,98566023,1,4882443000,1278248000,2584327000,717602000,2182697000,115419000,0,3135954000,1317454000,890546000,51092000,51092000,0.52,0.52,0.2,87948000,-18352000,-81422000,-16307000,52665000,17792000,36.08,42.43,29.73,0.0988,0.0475,22.14,1.58,16.47,7.86,0.3626,0.6036,0.4471,0.0642,0.74,0.71,1.7813
2011-07-02,98766335,98766335,1,5052312000,1334639000,2685458000,711402000,2249354000,117500000,0,3228338000,1384167000,910175000,66712000,66712000,0.67,0.66,0.2,200791000,-740094000,557407000,11838000,68972000,21906000,39.06,41.38,36.74,0.1016,0.051,22.77,1.77,18.25,7.66,0.3516,0.6154,0.4452,0.0677,0.75,1.81,1.8761
2011-04-02,98419314,98419314,1,4162687000,1209077000,1880243000,546361000,2167160000,115284000,0,2558672000,802321000,790273000,50541000,50541000,0.52,0.51,0.2,-48180000,-28024000,80915000,11078000,57134000,13226000,36.91,38.97,34.85,0.1022,0.0534,22.02,1.74,18.55,7.46,0.3562,0.3702,0.5206,0.0684,0.78,-0.62,2.213
2010-12-31,98409192,98409192,1,3973533000,1069297000,1768501000,546796000,2093153000,111879000,0,2519614000,702521000,753858000,46376000,46376000,0.47,0.47,0.19,21133000,-16440000,-13014000,-10939000,46056000,16524000,34.55,37.22,31.89,0.0969,0.0501,21.27,1.63,19.19,7.26,0.3788,0.3356,0.5268,0.0653,0.77,0.05,1.9556
2010-10-02,98690604,98690604,1,3972758000,1056834000,1759088000,572544000,2097676000,115994000,0,2532289000,673265000,773735000,55050000,55050000,0.57,0.55,0.19,92829000,-13893000,-71726000,18415000,56995000,13947000,32.55,35.68,29.41,0.0894,0.046,21.26,1.62,19.97,7.07,0.4093,0.321,0.528,0.0607,0.76,0.8,1.8459
2010-07-03,98701186,98701186,1,3852700000,995623000,1760885000,525728000,1980505000,111310000,0,2484870000,734472000,796167000,61081000,61081000,0.61,0.61,0.19,166727000,-18340000,-146557000,-8203000,38580000,16762000,34.97,39.32,30.62,0.0814,0.0414,20.07,1.73,25.9,6.88,0.4484,0.3709,0.5141,0.0567,0.73,1.52,1.8938
2010-04-03,98650967,98650967,1,3981184000,1054525000,1869128000,477518000,1998501000,113555000,0,2540234000,862351000,707013000,35321000,35321000,0.36,0.36,0.19,-10313000,-11640000,40706000,13387000,46783000,11932000,32.98,36.4,29.55,0.0672,0.0337,20.26,1.62,28.19,6.69,0.5384,0.4315,0.502,0.0483,0.7,-0.23,2.2083
2009-12-31,98655506,98655506,1,3911334000,946298000,1784994000,446279000,2012088000,114252000,0,2575204000,803351000,702251000,29352000,29352000,0.3,0.28,0.18,19719000,-14331000,-19562000,-16818000,33396000,14440000,31.23,34.27,28.18,0.0589,0.0291,20.4,1.53,33.58,6.5,0.6134,0.3993,0.5144,0.0429,0.68,0.05,2.1204
2009-09-26,98340837,98340837,1,3982252000,941198000,1863116000,467068000,2000813000,118323000,0,2633919000,814857000,662665000,36948000,36948000,0.38,0.38,0.18,113500000,-12878000,-91453000,12096000,50214000,10202000,27.45,31.69,23.2,0.047,0.0226,20.35,1.39,28.3,6.32,0.7693,0.4073,0.5024,0.0333,0.68,1.05,2.0151
2009-06-27,98315830,98315830,1,3977245000,964543000,1921832000,462027000,1942187000,113226000,0,2610700000,883281000,693712000,31928000,31928000,0.33,0.33,0.18,142203000,-11638000,-126917000,3410000,38118000,12588000,24.99,29.07,20.91,0.0488,0.0233,19.75,1.3,12.31,6.14,0.7256,0.4548,0.4883,0.0324,0.72,1.32,2.0876
2009-03-28,98280976,98280976,1,4024829000,1032221000,2019429000,451979000,1883512000,121888000,0,2597746000,991807000,633840000,17265000,17265000,0.18,0.18,0.18,-17053000,-15739000,28849000,-4636000,34708000,15699000,21.8,26.38,17.23,0.1017,0.0484,19.16,1.13,9.48,5.96,0.337,0.5266,0.468,0.0641,0.75,-0.33,2.2838
2008-12-31,98276919,98276919,1,4053213000,1032179000,2033144000,498504000,1898681000,121388000,0,2617359000,953468000,737648000,4589000,4589000,0.06,0.04,0.17,66998000,-4587000,-114694000,-54200000,39344000,12545000,28.46,38.5,18.42,0.114,0.0544,19.32,1.36,10.39,5.78,0.2935,0.5022,0.4684,0.0682,0.8,0.55,2.0706
2008-09-27,98629464,98629464,1,4251125000,1144735000,2074903000,533948000,2055992000,120230000,0,2673164000,1035150000,864167000,41120000,41120000,0.42,0.42,0.17,61606000,-21563000,-17640000,18928000,93544000,13277000,36.36,41,31.72,0.1357,0.0651,20.85,1.72,12.54,5.61,0.2395,0.5035,0.4836,0.0792,0.82,0.49,2.1439
2008-06-28,98919004,98919004,1,4344022000,1169139000,2123827000,583449000,2097235000,122960000,0,2716680000,1024160000,909757000,138735000,138735000,1.41,1.39,0.17,145960000,-6074000,-126055000,12332000,74616000,12146000,34.95,38.76,31.14,0.1483,0.0702,21.2,1.75,16.41,5.44,0.2192,0.4883,0.4828,0.0847,0.83,1.35,2.0038
2008-03-29,99090432,99090432,1,4170388000,1192568000,2196168000,575227000,1974220000,0,0,2528080000,1119105000,840404000,44290000,44290000,0.45,0.45,0.17,-70349000,19744000,41188000,-8511000,62284000,10380000,30.5,34.98,26.02,0.1138,0.0528,19.92,1.58,14.52,5.27,0.2895,0.5669,0.4734,0.0621,0.85,-0.81,2.0732
2007-12-31,99285319,99285319,1,4000614000,1038021000,2089743000,560906000,1910871000,0,0,2512929000,1042223000,830224000,48545000,48545000,0.48,0.48,0.15,112547000,-19690000,-77483000,14240000,70795000,16893000,34.31,36.59,32.03,0.1169,0.0537,19.25,1.87,17.07,5.1,0.2834,0.5454,0.4776,0.0621,0.87,0.96,1.8506
2007-09-29,99470574,99470574,1,3986871000,1052341000,2158714000,542096000,1828157000,0,0,2499308000,1103023000,837834000,58044000,58044000,0.59,0.58,0.15,131417000,-18139000,-109266000,4539000,56555000,11495000,35.57,39.67,31.47,0.1152,0.0534,18.38,2,20.1,4.95,0.2928,0.6034,0.4585,0.0607,0.88,1.21,1.9412
2007-06-30,99954568,99954568,1,3973244000,1096263000,2198950000,544928000,1774294000,0,0,2444837000,1173527000,922645000,62065000,62065000,0.63,0.62,0.15,155585000,-264079000,94738000,-12214000,52016000,10996000,34.73,39.37,30.09,0.1047,0.0493,17.75,2.03,19.08,4.8,0.3257,0.6614,0.4466,0.0547,0.9,1.45,2.0118
2007-03-31,99789104,99789104,1,3740313000,1104305000,2034456000,505618000,1705857000,0,0,2215292000,1056495000,807995000,42273000,42273000,0.43,0.42,0.15,-57669000,-248117000,314697000,9410000,64230000,17536000,31.29,33.22,29.35,0.1108,0.0532,17.09,1.87,17.29,4.65,0.3096,0.6193,0.4561,0.0578,0.92,-0.75,2.1841
2006-12-31,99893254,99893254,1,3364979000,957628000,1694980000,521282000,1669999000,0,0,2005782000,721873000,743038000,38637000,38637000,0.39,0.39,0.14,105711000,-23701000,-73366000,9667000,54820000,17580000,29.87,33.49,26.25,0.1122,0.0544,16.72,1.82,17.47,4.5,0.3067,0.4323,0.4963,0.0582,0.93,0.88,1.8371
2006-09-30,99768471,99768471,1,3355173000,971821000,1714372000,472669000,1640801000,0,0,1993671000,788066000,778020000,34841000,34841000,0.35,0.34,0.14,78706000,-18386000,-64027000,-3178000,45153000,12818000,30.06,34.43,25.69,0.1088,0.0523,16.45,1.85,16.43,4.36,0.3175,0.4803,0.489,0.0557,0.94,0.66,2.056
2006-07-01,101123144,101123144,1,3390205000,1005113000,1748043000,502686000,1642162000,0,0,1992779000,801898000,862022000,68633000,68633000,0.68,0.67,0.14,139496000,-30680000,-111129000,-1906000,48331000,11021000,36.8,41.55,32.05,0.1183,0.0568,16.24,2.35,20.56,4.22,0.292,0.4883,0.4844,0.0608,0.93,1.27,1.9995
2006-04-01,101670992,101670992,1,3388683000,1020177000,1793991000,473514000,1594692000,0,0,1986781000,888015000,771389000,41620000,41620000,0.42,0.41,0.14,-92302000,-37290000,130740000,1737000,50237000,8975000,37.95,41.9,34.01,0.1182,0.0565,15.68,2.48,21.08,4.08,0.2935,0.5569,0.4706,0.061,0.93,-1,2.1545
2005-12-31,101456370,101456370,1,3253755000,895024000,1698145000,524670000,1555610000,0,0,1984740000,748477000,732113000,29847000,29847000,0.3,0.29,0.13,113598000,-146782000,33806000,-852000,48500000,6297000,34.6,38.41,30.8,0.1217,0.0577,15.33,2.27,19.55,3.94,0.2853,0.4811,0.4781,0.0628,0.92,1.06,1.7059
2005-10-01,101182879,101182879,1,3175067000,915551000,1629566000,521252000,1545501000,0,0,1881286000,685354000,716308000,47375000,47375000,0.47,0.46,0.13,87516000,-22872000,-56907000,7499000,49352000,11539000,40.64,45.17,36.11,0.1224,0.0576,15.27,2.74,22.83,3.81,0.2775,0.4435,0.4868,0.0794,0.73,0.75,1.7564
2005-07-02,101852887,101852887,1,3169498000,916002000,1659569000,509815000,1509929000,0,0,1868481000,727631000,788523000,64522000,64522000,0.64,0.63,0.13,123084000,18132000,-142337000,-1986000,41853000,6235000,41.74,46.03,37.45,0.1261,0.0538,14.82,2.88,24.55,3.68,0.2654,0.4819,0.4764,0.0835,0.64,1.15,1.7967
2005-04-02,101636049,101636049,1,3228922000,937103000,1757443000,480309000,1471479000,0,0,1875747000,848006000,709635000,43305000,43305000,0.43,0.42,0.13,-76340000,-32763000,121661000,12344000,43839000,21289000,41.36,44.32,38.39,0.1233,0.052,14.48,2.89,24.62,3.55,0.2637,0.5763,0.4557,0.0785,0.66,-0.96,1.951
2004-12-31,101276553,101276553,1,3120575000,825137000,1672781000,526879000,1447794000,0,0,1878530000,724148000,89348000,27653000,27653000,0.27,0.26,0.11,66388000,761707000,-876215000,-47299000,31495000,20314000,39.15,44.03,34.27,0.1249,0.0524,14.3,2.84,22.56,3.42,0.2528,0.5002,0.464,0.0752,0.7,0.45,1.5661
2004-10-02,100721468,100721468,1,4126805000,1262514000,2734114000,1564494000,1390019000,2672000,0,1879405000,737719000,607767000,47902000,47902000,0.48,0.47,0.11,89632000,-877442000,807521000,20547000,78794000,15213000,32.97,35.03,30.9,0.132,0.0549,13.8,2.46,19.98,3.31,0.2438,0.5307,0.3368,0.0609,0.9,0.74,0.807
2004-07-03,100364275,100364275,1,2930960000,974699000,1586192000,542746000,1344768000,0,0,1511201000,747319000,813873000,55460000,55460000,0.56,0.55,0.105,105146000,-19577000,-91354000,-5000000,58247000,6385000,31.06,33.64,28.48,0.1296,0.0591,13.4,2.4,20.17,3.2,0.2535,0.5557,0.4588,0.0561,1.05,0.98,1.7959
2004-04-03,50148871,100297742,2,2889197000,950221000,1589248000,476820000,1299949000,0,0,1480578000,829135000,767141000,40210000,40210000,0.82,0.8,0.21,2925000,-9251000,22218000,15258000,63247000,6955000,26.06,29.6,22.52,0.1247,0.0565,12.96,2.06,18.35,3.1,0.2715,0.6378,0.4499,0.0539,1.05,-0.04,1.9928
2003-12-31,49834191,99668382,2,2780677000,829451000,1519199000,497451000,1261478000,0,0,1481667000,732862000,682846000,31241000,31241000,0.66,0.63,0.21,84610000,-223455000,136336000,-2392000,47989000,13902000,20.86,23.29,18.43,0.1189,0.0535,12.66,1.72,15.01,2.99,0.2871,0.581,0.4537,0.0519,1.03,0.71,1.6674
2003-09-27,49376010,98752020,2,2587489000,860117000,1391185000,544910000,1196304000,0,0,1250621000,558610000,685014000,38375000,38375000,0.78,0.77,0.21,100677000,-15008000,-73329000,4916000,50381000,10785000,20.53,21.77,19.29,0.1202,0.0536,12.11,1.73,14.88,2.89,0.2857,0.4669,0.4623,0.0515,1.04,0.91,1.5785
2003-06-28,49362760,98725520,2,2627521000,901586000,1455978000,515134000,1171543000,0,0,1245812000,669687000,718989000,43887000,43887000,0.89,0.88,0.21,80053000,-17351000,-63091000,861000,45465000,11224000,19.31,20.95,17.68,0.1219,0.0545,11.87,1.69,14.09,2.78,0.2804,0.5716,0.4459,0.0523,1.04,0.7,1.7502
2003-03-29,49351359,98702718,2,2578187000,869675000,1452205000,473261000,1125982000,0,0,1233918000,719770000,637516000,27849000,27849000,0.56,0.56,0.19,-2401000,-24548000,33894000,4956000,44604000,7711000,17.59,18.78,16.4,0.1236,0.0554,11.41,1.57,13.48,2.68,0.2712,0.6392,0.4367,0.0521,1.06,-0.1,1.8376
2002-12-31,49345985,98691970,2,2514450000,810808000,1408726000,476200000,1105724000,0,0,1218341000,673911000,640303000,28085000,28085000,0.57,0.57,0.19,49886000,-203069000,154105000,57000,39648000,10070000,16.91,19.16,14.67,0.1205,0.0539,11.2,1.51,27.95,2.58,0.2806,0.6095,0.4397,0.0503,1.07,0.4,1.7027
2002-09-28,49227084,98454168,2,2354898000,834951000,1254623000,470147000,1100275000,0,0,1098141000,559218000,629301000,37403000,37403000,0.76,0.75,0.19,118449000,-13481000,-96052000,10302000,39591000,8399000,20.98,23.55,18.42,0.0577,0.0256,11.18,1.92,43.71,2.48,0.59,0.5083,0.4672,0.024,1.07,1.12,1.7759
2002-06-29,49234171,98468342,2,2400829000,876328000,1322692000,462483000,1078137000,0,0,1098952000,638554000,708116000,42976000,42976000,0.87,0.86,0.18,80693000,-9974000,-61588000,8343000,29289000,8295000,22.98,24.8,21.17,0.046,0.0198,10.95,2.2,67.59,2.39,0.7351,0.5923,0.4491,0.0189,1.05,0.74,1.8948
2002-03-30,49231674,98463348,2,2375698000,854644000,1348211000,444146000,1027487000,0,0,1085463000,689136000,603063000,21438000,21438000,0.44,0.43,0.18,21766000,-8088000,-35052000,-18898000,20946000,6980000,19.38,22.57,16.19,0.0325,0.0136,10.44,1.88,57.85,2.3,1.0339,0.6707,0.4325,0.0132,1.03,0.15,1.9242
2001-12-31,49178709,98357418,2,2372198000,835603000,1357196000,428433000,1015002000,0,0,1088206000,714977000,595926000,-40921000,-40921000,-0.83,-0.83,0.18,85077000,49011000,-130614000,7028000,39844000,16029000,17.25,19.64,14.87,0.0317,0.0128,10.32,1.59,36.7,2.21,1.0454,0.7044,0.4279,0.0126,1.02,0.7,1.9504
2001-09-29,49057615,98115230,2,2591577000,1045584000,1524781000,531247000,1066796000,0,0,1111992000,781885000,646559000,24671000,24671000,0.5,0.5,0.18,68732000,-16374000,-49435000,5127000,32816000,12508000,16.73,19.02,14.45,0.0449,0.0177,10.87,1.58,47.8,2.12,0.7281,0.7329,0.4116,0.0181,0.98,0.57,1.9682
2001-06-30,49080234,98160468,2,2600416000,1053989000,1558539000,578308000,1041877000,0,0,1114115000,780888000,702076000,28556000,28556000,0.58,0.58,0.17,118622000,-23970000,-98033000,-5314000,27689000,12272000,15.22,18.2,12.25,0.0336,0.0128,10.61,1.46,34.99,2.03,0.9511,0.7495,0.4007,0.0131,0.98,1.08,1.8225
2001-03-31,49021499,98042998,2,2670984000,1125721000,1647549000,662955000,1023435000,0,0,1132070000,782173000,671383000,20563000,20563000,0.42,0.42,0.17,-40097000,-19796000,55160000,-1941000,33003000,12859000,13.27,15.28,11.25,0.0414,0.0155,10.44,1.29,23.08,1.95,0.757,0.7643,0.3832,0.0157,0.99,-0.54,1.698
2000-12-31,49004429,98008858,2,2644025000,1091802000,1633434000,648792000,1010591000,0,0,1141102000,781834000,543196000,-27315000,-27315000,-0.56,-0.56,0.17,155924000,-22735000,-138052000,-18416000,34944000,22703000,12.88,15.25,10.5,0.0544,0.02,10.31,1.21,9.91,1.86,0.5661,0.7736,0.3822,0.0203,0.98,1.36,1.6828
2000-09-30,48650155,97300310,2,2827626000,1215319000,1793357000,775285000,1034269000,0,0,1164361000,828018000,715926000,12673000,12673000,0.26,0.26,0.16,31846000,-15940000,-20706000,447000,56573000,15852000,15.08,18.19,11.97,0.1234,0.0445,10.63,1.4,9.95,1.78,0.2462,0.8006,0.3658,0.0422,1.05,0.16,1.5676
2000-07-01,48529635,97059270,2,2847892000,1236271000,1803907000,775121000,1043985000,0,0,1158510000,839131000,776613000,36630000,36630000,0.75,0.75,0.16,150588000,-18244000,-119703000,12160000,56126000,18244000,19.83,22,17.66,0.1506,0.0508,10.76,1.89,13.49,1.7,0.2101,0.8038,0.3666,0.0498,1.02,1.36,1.5949
2000-04-01,48485029,96970058,2,2872549000,1256532000,1853693000,808897000,1018856000,0,0,1170846000,858790000,712278000,33899000,33899000,0.7,0.7,0.16,-153411000,-11154000,137396000,-22262000,43966000,11242000,17.81,19.72,15.9,0.1549,0.0534,10.51,1.74,15.55,1.62,0.2162,0.8429,0.3547,0.0517,1.03,-1.7,1.5534
1999-12-31,48484325,96968650,2,2802966000,1150478000,1809761000,760947000,993205000,0,0,1187525000,857296000,785117000,42975000,42975000,0.9,0.89,0.16,103568000,-31952000,-40314000,35959000,66228000,29704000,18.39,20.57,16.22,0.1303,0.0468,10.24,2.09,17.03,1.54,0.2733,0.8632,0.3543,0.0436,1.07,0.76,1.5119
1999-09-25,42694797,85389594,2,2767699000,1096953000,2018354000,778940000,749345000,0,0,1193016000,1045182000,604918000,29809000,29809000,0.7,0.69,0.16,32331000,-899182000,857484000,-11364000,30269000,11943000,21.99,23.91,20.07,0.1282,0.0492,8.78,2.59,21.25,1.46,0.2905,1.3948,0.2707,0.0439,1.11,0.24,1.4083
1999-06-26,42677375,85354750,2,1669617000,810929000,944683000,395548000,724934000,0,0,497148000,370703000,507225000,28285000,28285000,0.67,0.66,0.16,34294000,-73492000,45964000,10574000,41633000,11555000,19.96,24.44,15.47,0.124,0.0565,8.49,2.42,20.26,1.38,0.2955,0.5114,0.4342,0.0441,1.25,0.27,2.0501
1999-03-27,42604349,85208698,2,1587619000,776024000,883989000,392270000,703630000,0,0,460021000,312544000,470493000,2240000,2240000,0.05,0.05,0.16,-24178000,-7372000,18519000,-980000,31059000,7427000,18.28,20.91,15.65,0.1193,0.0557,8.26,2.2,14.86,1.29,0.301,0.4442,0.4432,0.0423,1.27,-0.37,1.9783
1998-12-31,42700169,85400338,2,1554666000,748569000,845301000,394793000,709365000,0,0,474488000,288026000,524043000,32921000,32187000,0.84,0.76,0.15,94515000,-74467000,-20292000,-1755000,32039000,24126000,17.86,20.5,15.22,0.1517,0.0709,8.31,2.02,14.23,1.21,0.2311,0.406,0.4563,0.0529,1.29,0.82,1.8961
1998-09-30,38402505,76805010,2,1505341000,730254000,825800000,381022000,679541000,0,0,435119000,282989000,476780000,25796000,24625000,0.64,0.6,0.15,40982000,-16197000,-24353000,-1549000,33794000,14148000,17.72,21.5,13.94,0.1503,0.0696,8.85,2.05,14.64,1.14,0.2297,0.4164,0.4514,0.0509,1.3,0.35,1.9166
1998-06-30,38557008,77114016,2,1480968000,727111000,814935000,339097000,666033000,0,0,425589000,322638000,471790000,24414000,23236000,0.6,0.56,0.15,49224000,-13261000,-19738000,9789000,35343000,10999000,20.75,22.88,18.63,0.1491,0.066,8.64,2.45,17.81,1.06,0.234,0.4844,0.4497,0.0489,1.28,0.5,2.1443
1998-03-31,38370265,76740530,2,1484342000,728925000,834933000,332393000,649409000,0,0,423248000,348320000,464965000,23709000,22525000,0.59,0.54,0.15,-49408000,-4582000,42850000,-8786000,25554000,4570000,19.94,22.78,17.09,0.1471,0.0644,8.46,2.42,17.8,0.99,0.2391,0.5364,0.4375,0.0481,1.27,-0.7,2.193
1997-12-31,38319608,76639216,2,1472862000,705370000,842300000,392177000,630562000,0,0,429279000,294549000,523523000,29492000,28271000,0.77,0.81,0.14,89252000,96612000,-165662000,9298000,34340000,21588000,18.45,19.82,17.07,0.1445,0.063,8.23,2.33,17.57,0.92,0.2436,0.4671,0.4281,0.0472,1.27,0.88,1.7986
1997-09-30,38080709,76161418,2,1609357000,792258000,1006226000,364025000,603131000,0,0,456015000,468098000,482089000,22207000,20995000,0.54,0.51,0.14,34973000,-148723000,113667000,-3550000,25042000,9727000,17.84,18.75,16.94,0.1365,0.06,7.92,2.29,19.08,0.84,0.2597,0.7761,0.3748,0.0457,1.24,0.33,2.1764
1997-06-30,37982011,75964022,2,1389981000,692171000,797681000,304950000,592300000,0,0,292166000,348506000,422305000,20484000,19268000,0.5,0.47,0.14,-1657000,-30854000,41490000,11322000,28592000,24606000,15.63,17.5,13.75,0.1336,0.061,7.8,2.06,17.37,0.77,0.2664,0.5884,0.4261,0.0455,1.26,-0.35,2.2698
1997-03-31,37910960,75821920,2,1339701000,655727000,765102000,318958000,574599000,0,0,298083000,301419000,411139000,19417000,18199000,0.48,0.45,0.135,-4674000,-39365000,35783000,-5703000,17270000,21540000,15.16,15.88,14.44,0.1312,0.06,7.58,2.03,17.53,0.7,0.273,0.5246,0.4289,0.045,1.25,-0.35,2.0558
1996-12-31,37863963,75727926,2,1289014000,614255000,725163000,301638000,563851000,0,0,298372000,279889000,426905000,22322000,21210000,0.56,0.67,0.13,74942000,-83336000,-3237000,-11656000,22973000,32149000,14.22,16.13,12.31,0.1292,0.0593,7.45,1.96,17.03,0.64,0.2783,0.4964,0.4374,0.0444,1.25,0.57,2.0364
1996-09-30,37603998,75207996,2,1280869000,654446000,736533000,313829000,544336000,0,0,280226000,276520000,410970000,18578000,17310000,0.45,0.28,0.13,32322000,-19276000,-4350000,11587000,34629000,17014000,13.69,15,12.38,0.1245,0.0563,7.24,1.94,17.5,0.57,0.2791,0.508,0.425,0.0429,1.22,0.2,2.0854
1996-06-30,37516011,75032022,2,1251347000,629564000,722291000,284439000,529056000,0,0,283770000,297591000,362900000,17109000,15836000,0.42,0.4,0.13,10325000,-46125000,28878000,-4995000,23042000,13068000,14.09,15.5,12.69,0.1212,0.0555,7.05,2.04,15.36,0.51,0.2748,0.5625,0.4228,0.0423,1.21,-0.04,2.2134
1996-03-31,37428992,74857984,2,1201360000,600118000,683771000,284656000,517589000,0,0,280109000,263960000,366290000,16500000,15225000,0.4,0.38,0.125,-15884000,-37769000,44266000,-8611000,28037000,9415000,12.96,14.38,11.53,0.1468,0.0667,6.91,1.93,14.28,0.44,0.2158,0.51,0.4308,0.0559,1.12,-0.34,2.1082
1995-12-31,37394754,74789508,2,1252493000,647244000,749638000,396801000,502855000,0,0,282376000,219896000,377494000,18000000,16778000,0.46,0.61,0.1,66442000,-42691000,-8977000,10025000,36648000,27985000,12.04,13.13,10.94,0.149,0.0636,6.72,1.81,15,0.38,0.2053,0.4373,0.4015,0.0513,1.16,0.51,1.6312
1995-09-30,18460138,73840552,4,1113116000,652998000,622386000,248043000,490730000,0,0,173517000,242398000,353338000,15300000,13976000,0.71,0.35,0.2,15203000,-11745000,-4519000,-5648000,26623000,13282000,11.36,11.8,10.91,0.1521,0.0623,6.65,1.73,12.98,0.33,0.2026,0.494,0.4409,0.0483,1.2,0.03,2.6326
1995-06-30,18429913,73719652,4,1128613000,668291000,645203000,255257000,483410000,0,0,177583000,246430000,212789000,28550000,27223000,1.46,1.34,0.2,3072000,195661000,-192554000,7079000,32271000,6305000,11.43,12.16,10.69,0.1555,0.0594,6.56,1.84,16.81,0.28,0.2012,0.5098,0.4283,0.045,1.23,-0.04,2.6181
1995-03-31,18335029,73340116,4,1360467000,630602000,904652000,302577000,455815000,0,0,180248000,438851000,459250000,15350000,14020000,0.76,0.72,0.2,-13979000,-12484000,17300000,-7485000,25192000,16266000,10.5,11.06,9.94,0.1241,None,6.22,1.78,16.67,0.23,0.2577,0.9628,0.335,0.0305,1.35,-0.41,2.0841
1994-12-31,18316470,73265880,4,1281496000,569219000,849522000,285691000,431974000,0,0,170965000,408503000,441911000,16900000,15578000,0.85,0.8,0.18,61224000,-46974000,-9666000,12135000,32677000,33952000,10.38,11.13,9.63,0.1194,None,5.9,1.85,None,0.18,0.2724,0.9457,0.3371,0.0292,1.33,0.37,1.9924
1994-09-30,18224524,72898096,4,1250154000,567810000,840800000,276122000,409354000,0,0,172206000,417686000,426070000,13775000,12412000,0.67,0.64,0.18,20055000,-23465000,7691000,2955000,20542000,20910000,9.88,10.69,9.06,None,None,5.62,1.83,None,0.14,None,1.0204,0.3274,None,None,-0.01,2.0564
1994-06-30,18198210,72792840,4,1213699000,545258000,819709000,263608000,393990000,0,0,169736000,408107000,391937000,11825000,10460000,0.57,0.56,0.18,23637000,-17230000,-20562000,-14155000,17587000,22920000,8.88,9.56,8.19,None,None,5.41,1.7,None,0.09,None,1.0358,0.3246,None,None,0.01,2.0684
1994-03-31,18181570,72726280,4,1209735000,548429000,830189000,265857000,379546000,0,0,169129000,420926000,389252000,11100000,9734000,0.53,0.52,0.18,6181000,-156343000,167279000,17117000,27444000,14963000,8.79,9.38,8.19,None,None,5.22,1.72,None,0.04,None,1.109,0.3137,None,None,-0.12,2.0629
1993-12-31,18172891,72691564,4,958801000,438780000,587952000,218478000,370849000,0,0,88970000,238856000,None,None,None,None,None,0,None,None,None,None,10327000,0,8.32,8.88,7.75,None,None,5.1,None,None,0,None,0.6441,0.3868,None,None,None,2.0083
