"Quarter end","Shares","Shares split adjusted","Split factor","Assets","Current Assets","Liabilities","Current Liabilities","Shareholders equity","Non-controlling interest","Preferred equity","Goodwill & intangibles","Long-term debt","Revenue","Earnings","Earnings available for common stockholders","EPS basic","EPS diluted","Dividend per share","Cash from operating activities","Cash from investing activities","Cash from financing activities","Cash change during period","Cash at end of period","Capital expenditures","Price","Price high","Price low","ROE","ROA","Book value of equity per share","P/B ratio","P/E ratio","Cumulative dividends per share","Dividend payout ratio","Long-term debt to equity ratio","Equity to assets ratio","Net margin","Asset turnover","Free cash flow per share","Current ratio"
2011-10-01,109635169,109635169,1,5967000000,1195000000,4910000000,543000000,965000000,92000000,0,394000000,657000000,974000000,6000000,6000000,0.05,0.05,0.13,120000000,-49000000,-63000000,4000000,47000000,33000000,25.3,31.58,19.03,0.0725,0.0116,8.8,2.85,14.88,22.34,0.7878,0.6808,0.1617,0.0175,0.66,0.79,2.2007
2011-07-02,108649374,108649374,1,6007000000,1208000000,4951000000,516000000,965000000,91000000,0,394000000,733000000,1016000000,19000000,19000000,0.18,0.17,0.13,121000000,-56000000,-46000000,19000000,43000000,67000000,25.68,30.38,20.98,0.1994,0.0317,8.88,2.94,15.02,22.21,0.2764,0.7596,0.1606,0.0478,0.66,0.5,2.3411
2011-04-02,108313386,108313386,1,5942000000,1157000000,4904000000,475000000,947000000,91000000,0,394000000,761000000,995000000,16000000,16000000,0.15,0.15,0.13,35000000,-75000000,35000000,-4000000,24000000,62000000,23.48,26.21,20.75,0.2091,0.0322,8.74,2.73,15.45,22.08,0.2629,0.8036,0.1594,0.0486,0.66,-0.25,2.4358
2011-01-01,108192461,108192461,1,5909000000,1136000000,4888000000,508000000,929000000,92000000,0,394000000,718000000,952000000,28000000,28000000,0.25,0.25,0.11,57000000,-80000000,-1000000,-24000000,28000000,88000000,20.48,22.94,18.02,0.1943,0.0289,8.59,2.37,12.72,21.95,0.2824,0.7729,0.1572,0.0442,0.65,-0.29,2.2362
2010-10-02,107812520,107812520,1,5879000000,1140000000,4857000000,503000000,930000000,92000000,0,394000000,709000000,966000000,125000000,125000000,1.15,1.13,0.11,109000000,-57000000,-48000000,4000000,52000000,59000000,19.23,22.98,15.48,0.2142,0.0308,8.63,2.56,17.64,21.84,0.2601,0.7624,0.1582,0.0482,0.64,0.46,2.2664
2010-07-03,107767236,107767236,1,5761000000,1060000000,4861000000,480000000,809000000,91000000,0,394000000,745000000,976000000,20000000,20000000,0.19,0.18,0.11,93000000,-44000000,-30000000,19000000,48000000,50000000,21.41,25.03,17.78,0.1487,0.0209,7.51,2.91,14.09,21.73,0.3761,0.9209,0.1404,0.0332,0.63,0.4,2.2083
2010-04-03,107577084,107577084,1,5733000000,1038000000,4851000000,454000000,791000000,91000000,0,394000000,764000000,905000000,-5000000,-5000000,-0.04,-0.04,0.11,1000000,-41000000,32000000,-7000000,29000000,33000000,19.63,23.32,15.95,0.2078,0.0288,7.35,2.66,10.39,21.62,0.2646,0.9659,0.138,0.0469,0.62,-0.3,2.2863
2010-01-02,107517197,107517197,1,5709000000,992000000,4823000000,471000000,794000000,92000000,0,394000000,710000000,845000000,38000000,38000000,0.34,0.34,0.1,200000000,-41000000,-166000000,-7000000,36000000,49000000,18.77,22.68,14.85,0.2653,0.0358,7.38,2.41,12.6,21.51,0.2065,0.8942,0.1391,0.0579,0.62,1.4,2.1062
2009-10-03,106898159,106898159,1,5783000000,1061000000,4857000000,443000000,834000000,92000000,0,394000000,878000000,885000000,67000000,67000000,0.62,0.61,0.1,188000000,-25000000,-151000000,12000000,42000000,29000000,14.9,18.9,10.9,0.2164,0.028,7.8,2.04,16.37,21.41,0.2616,1.0528,0.1442,0.044,0.64,1.49,2.395
2009-07-04,106508495,106508495,1,5802000000,1057000000,4934000000,405000000,776000000,92000000,0,394000000,1026000000,906000000,66000000,66000000,0.62,0.61,0.1,172000000,-40000000,-127000000,7000000,31000000,33000000,10.29,15.64,4.95,0.1345,0.0169,7.29,1.53,27.81,21.31,0.4303,1.3222,0.1337,0.0261,0.65,1.31,2.6099
2009-04-04,106503626,106503626,1,5835000000,1063000000,5026000000,397000000,717000000,92000000,0,394000000,1142000000,941000000,36000000,36000000,0.33,0.33,0.1,80000000,-20000000,-76000000,-17000000,24000000,19000000,4.42,6.47,2.37,0.0557,0.007,6.73,0.69,None,21.21,1.0386,1.5927,0.1229,0.0106,0.67,0.57,2.6776
2009-01-03,106503626,106503626,1,5869000000,1073000000,5092000000,446000000,686000000,91000000,0,394000000,1191000000,973000000,-6000000,-6000000,-0.06,-0.06,0.1,61000000,-48000000,-19000000,-6000000,41000000,48000000,8.88,15.42,2.34,-0.0107,-0.0014,6.44,1.24,0.83,21.11,None,1.7362,0.1169,None,0.67,0.12,2.4058
2008-09-27,106509710,106509710,1,5871000000,1143000000,5106000000,522000000,765000000,0,0,393000000,1192000000,976000000,3000000,3000000,0.03,0.03,0.1,46000000,-99000000,60000000,7000000,50000000,40000000,15.5,20.49,10.52,None,0.1996,7.18,2.12,1.41,21.01,0.9897,1.5582,0.1303,0.3022,0.66,0.06,2.1897
2008-06-28,106321325,106321325,1,5758000000,1119000000,4982000000,528000000,776000000,0,0,365000000,1073000000,991000000,8000000,8000000,0.07,0.07,0.1,50000000,-45000000,2000000,6000000,44000000,42000000,13.31,15.54,11.08,None,0.1255,7.3,1.84,1.15,20.91,0.9783,1.3827,0.1348,0.2867,0.44,0.08,2.1193
2008-03-29,106223042,106223042,1,5740000000,1097000000,4970000000,527000000,770000000,0,0,365000000,1058000000,944000000,-13000000,-13000000,-0.12,-0.12,0.1,-339000000,-35000000,183000000,-189000000,38000000,34000000,16.66,21.68,11.64,0.8216,0.096,7.25,2.27,1.39,20.8,0.9482,1.374,0.1341,0.2763,0.35,-3.51,2.0816
2007-12-29,106274170,106274170,1,5942000000,1277000000,5162000000,890000000,780000000,0,0,365000000,852000000,937000000,1165000000,1165000000,10.96,10.71,10.53,-53000000,-710000000,1127000000,364000000,227000000,77000000,43.3,57.51,29.09,0.6903,0.0785,7.34,2.01,19.07,20.7,0.9257,1.0923,0.1313,0.2655,0.3,-1.22,1.4348
2007-09-29,106071167,106071167,1,20692000000,None,18412000000,None,2280000000,0,0,536000000,1726000000,1299000000,36000000,36000000,0.34,0.33,0.28,162000000,-526000000,288000000,-76000000,238000000,64000000,57.73,66.28,49.17,0.1088,0.0121,21.5,2.69,20.54,10.17,0.4725,0.757,0.1102,0.046,0.26,0.92,None
2007-06-30,105974913,105974913,1,19895000000,None,17620000000,None,2275000000,0,0,529000000,1743000000,1358000000,66000000,66000000,0.63,0.62,0.28,147000000,77000000,-142000000,82000000,314000000,62000000,61.73,64.45,59,0.1369,0.0151,21.47,2.93,15.83,9.89,0.3695,0.7662,0.1144,0.0561,0.27,0.8,None
2007-03-31,105816730,105816730,1,19934000000,None,17707000000,None,2227000000,0,0,531000000,1853000000,1321000000,38000000,38000000,0.36,0.35,0.28,7000000,305000000,-485000000,-173000000,232000000,55000000,53.95,63.61,44.29,0.1955,0.021,21.05,2.59,12.78,9.62,0.2555,0.8321,0.1117,0.0783,0.27,-0.45,None
2006-12-30,105152306,105152306,1,20413000000,None,18224000000,None,2189000000,0,0,532000000,1729000000,1332000000,104000000,104000000,0.99,0.97,0.25,140000000,91000000,-168000000,63000000,405000000,75000000,42.28,46.71,37.84,0.2158,0.0224,20.82,2.07,12.15,9.34,0.2304,0.7899,0.1072,0.0842,0.27,0.62,None
2006-09-30,106984201,106984201,1,20517000000,None,18328000000,None,2189000000,0,0,533000000,1781000000,1409000000,96000000,96000000,0.88,0.87,0.25,260000000,557000000,-762000000,56000000,342000000,76000000,42.63,45.48,39.78,0.1812,0.0183,20.46,2.12,14.5,9.09,0.2731,0.8136,0.1067,0.0713,0.26,1.72,None
2006-07-01,108751440,108751440,1,21133000000,None,18942000000,None,2191000000,0,0,546000000,1885000000,1433000000,192000000,192000000,1.75,1.71,0.25,241000000,167000000,-470000000,-62000000,286000000,54000000,42.9,47.68,38.12,0.1554,0.0155,20.15,2.25,23.44,8.84,0.3165,0.8603,0.1037,0.0629,0.25,1.72,None
2006-04-01,110491122,110491122,1,21694000000,None,19588000000,None,2106000000,0,0,554000000,1935000000,1384000000,76000000,76000000,0.68,0.67,0.25,329000000,-46000000,-375000000,-92000000,349000000,46000000,44.38,47.92,40.83,0.0981,0.0099,19.06,2.37,28.63,8.59,0.4961,0.9188,0.0971,0.0408,0.24,2.56,None
2005-12-31,110857380,110857380,1,21633000000,None,19553000000,None,2080000000,0,0,426000000,1709000000,1212000000,24000000,24000000,0.2,0.23,0.22,45000000,-997000000,916000000,-36000000,444000000,79000000,40.49,45.28,35.7,0.0836,0.0086,18.76,2.15,22.56,8.34,0.5696,0.8216,0.0961,0.036,0.24,-0.31,None
2005-10-01,112232790,112232790,1,20656000000,None,18538000000,None,2118000000,0,0,400000000,1684000000,1218000000,38000000,38000000,0.34,0.33,0.225,314000000,-1225000000,968000000,57000000,480000000,59000000,38.68,41.06,36.3,0.0982,0.0103,18.87,2.05,21.14,8.12,0.7424,0.7951,0.1025,0.0425,0.24,2.27,None
2005-07-02,112982776,112982776,1,19833000000,None,17698000000,None,2135000000,0,0,400000000,1705000000,1255000000,69000000,69000000,0.61,0.6,0.225,208000000,110000000,-155000000,163000000,423000000,63000000,34.97,37.6,32.34,0.0998,0.0105,18.9,1.87,20.27,7.89,0.7075,0.7986,0.1076,0.0434,0.24,1.28,None
2005-04-02,111922484,111922484,1,19735000000,None,17646000000,None,2089000000,0,0,400000000,1793000000,1203000000,45000000,45000000,0.4,0.39,0.225,79000000,150000000,-341000000,-112000000,260000000,64000000,36.97,42.36,31.58,0.0944,0.0097,18.66,2.02,25.41,7.67,0.727,0.8583,0.1059,0.041,0.24,0.13,None
2005-01-01,57217459,114434918,2,20119000000,None,18027000000,None,2092000000,0,0,388000000,1691000000,1190000000,55000000,55000000,0.97,0.95,1.36,99000000,570000000,-733000000,-64000000,372000000,117000000,31.61,34.59,28.63,0.0799,0.008,18.28,1.68,50.58,7.44,0.8361,0.8083,0.104,0.0347,0.23,-0.16,None
2004-10-02,55991644,111983288,2,20506000000,None,18402000000,None,2104000000,0,0,387000000,1655000000,1194000000,41000000,41000000,0.73,0.73,0.36,178000000,-72000000,-90000000,16000000,436000000,65000000,33.59,35.01,32.18,0.0349,0.0034,18.79,1.81,146.04,6.76,1.1091,0.7866,0.1026,0.015,0.23,1.01,None
2004-07-03,55723917,111447834,2,20507000000,None,18442000000,None,2065000000,0,0,393000000,1756000000,1218000000,56000000,56000000,1,0.99,0.36,114000000,376000000,-402000000,88000000,420000000,45000000,32.23,34.7,29.76,0.0134,0.0013,18.53,1.78,27.55,6.58,2.8533,0.8504,0.1007,0.0057,0.22,0.62,None
2004-04-03,55354332,110708664,2,20864000000,None,18860000000,None,2004000000,0,0,395000000,1849000000,1148000000,13000000,13000000,0.24,0.24,0.36,69000000,-390000000,254000000,-67000000,332000000,37000000,31.02,33.24,28.8,0.0628,0.006,18.1,1.72,34.85,6.4,0.5936,0.9227,0.0961,0.0272,0.22,0.29,None
2004-01-03,54704858,109409716,2,21143000000,None,19175000000,None,1968000000,0,0,384000000,1850000000,1166000000,-39000000,-39000000,-0.71,-0.71,0.34,288000000,-520000000,158000000,-74000000,399000000,134000000,27.69,31.43,23.95,0.048,0.0045,17.99,1.47,19.43,6.22,0.7691,0.94,0.0931,0.0206,0.22,1.41,None
2003-09-27,54268508,108537016,2,21354000000,None,19308000000,None,2046000000,0,0,387000000,1954000000,1170000000,-3000000,-3000000,-0.06,-0.06,0.34,435000000,229000000,-549000000,115000000,456000000,14000000,23.65,26.25,21.05,0.0771,0.0071,18.85,1.24,14.83,6.05,0.4705,0.955,0.0958,0.0334,0.21,3.88,None
2003-06-28,54150400,108300800,2,21560000000,None,19494000000,None,2066000000,0,0,388000000,1985000000,1182000000,156000000,156000000,2.87,2.87,0.34,-84000000,398000000,-300000000,14000000,341000000,6000000,21.28,24.03,18.53,0.0859,0.0079,19.08,1.2,69.77,5.88,0.4139,0.9608,0.0958,0.0374,0.21,-0.83,None
2003-03-29,54042894,108085788,2,21718000000,None,19794000000,None,1924000000,0,0,392000000,2069000000,1135000000,-18000000,-18000000,-0.32,-0.32,0.34,260000000,-271000000,-100000000,-111000000,327000000,5000000,21.51,24.59,18.43,0.0155,0.0014,17.8,1.19,42.59,5.71,2.2561,1.0754,0.0886,0.0067,0.22,2.36,None
2002-12-28,53797916,107595832,2,21760000000,None,19811000000,None,1949000000,0,0,397000000,2064000000,1120000000,19000000,19000000,0.36,0.36,0.32,164000000,-805000000,719000000,78000000,455000000,114000000,20.53,24.72,16.34,0.0266,0.0025,18.11,1.07,34.5,5.54,1.2714,1.059,0.0896,0.0117,0.22,0.46,None
2002-09-28,53717073,107434146,2,21745000000,None,19677000000,None,2068000000,0,0,318000000,2184000000,1168000000,15000000,15000000,0.28,0.28,0.32,-193000000,-977000000,1116000000,-54000000,374000000,6000000,24.07,29.05,19.09,0.0303,0.003,19.25,1.25,26.6,5.38,1.0995,1.0561,0.0951,0.0136,0.22,-1.85,None
2002-06-29,53627101,107254202,2,20405000000,None,18337000000,None,2068000000,0,0,298000000,2231000000,1202000000,15000000,15000000,0.29,0.29,0.32,117000000,-397000000,268000000,-12000000,428000000,3000000,27.56,29.25,25.88,0.046,0.0046,19.28,1.44,26.25,5.22,0.7255,1.0788,0.1013,0.0208,0.22,1.06,None
2002-03-30,49432009,98864018,2,19677000000,None,17787000000,None,1890000000,0,0,444000000,1604000000,1028000000,4000000,4000000,0.08,0.08,0.32,175000000,-88000000,-234000000,-147000000,440000000,2000000,27.59,30,25.18,0.0547,0.0055,19.12,1.44,24.86,5.06,0.6133,0.8487,0.0961,0.0248,0.22,1.75,None
2001-12-29,49371261,98742522,2,18687000000,None,16791000000,None,1896000000,0,0,186000000,1553000000,1000000000,26000000,26000000,0.54,0.54,0.32,-44000000,-330000000,734000000,360000000,590000000,26000000,26.3,29.77,22.84,0.0583,0.006,19.2,1.37,22.1,4.9,0.5791,0.8191,0.1015,0.0261,0.23,-0.71,None
2001-09-29,49348946,98697892,2,17886000000,None,15997000000,None,1889000000,0,0,0,1656000000,1057000000,44000000,44000000,0.9,0.9,0.32,-240000000,482000000,-262000000,-20000000,231000000,-40000000,26.51,31.07,21.95,0.0636,0.0065,19.14,1.41,22.56,4.74,0.5346,0.8767,0.1056,0.0274,0.24,-2.03,None
2001-06-30,49266384,98532768,2,18164000000,None,16311000000,None,1853000000,0,0,0,1811000000,1062000000,29000000,29000000,0.58,0.58,0.32,267000000,148000000,-542000000,-127000000,250000000,55000000,24.69,28.4,20.98,0.0639,0.0065,18.81,1.32,16.63,4.58,0.5387,0.9773,0.102,0.0272,0.24,2.15,None
2001-03-31,49259781,98519562,2,18535000000,None,16691000000,None,1844000000,0,0,0,1683000000,1053000000,10000000,10000000,0.2,0.2,0.32,-158000000,-50000000,263000000,55000000,377000000,67000000,24.44,28.69,20.18,0.0821,0.0084,18.72,1.31,12.83,4.42,0.4239,0.9127,0.0995,0.0348,0.24,-2.28,None
2000-12-30,49260508,98521016,2,18142000000,None,16309000000,None,1833000000,0,0,0,1591000000,1140000000,35000000,35000000,0.7,0.7,0.32,22000000,-608000000,580000000,-6000000,322000000,-1000000,22.54,27.75,17.32,0.1065,0.0111,18.61,1.23,10.76,4.26,0.3312,0.868,0.101,0.0455,0.24,0.23,None
2000-09-30,49172708,98345416,2,17604000000,None,15807000000,None,1797000000,0,0,0,1630000000,1049000000,43000000,43000000,0.87,0.87,0.32,127000000,-220000000,102000000,9000000,328000000,128000000,21.18,23.82,18.53,0.1181,0.0128,18.27,1.18,14.31,4.1,0.2999,0.9071,0.1021,0.0561,0.23,-0.01,None
2000-07-01,50987331,101974662,2,17381000000,None,15546000000,None,1835000000,0,0,0,1550000000,1064000000,62000000,62000000,1.2,1.2,0.32,133000000,-34000000,-8000000,91000000,319000000,48000000,24.61,28.75,20.47,0.082,0.0092,17.99,1.39,19.69,3.94,0.4347,0.8447,0.1056,0.0409,0.22,0.83,None
2000-04-01,52420645,104841290,2,17344000000,None,15483000000,None,1861000000,0,0,0,1580000000,1033000000,55000000,55000000,1.04,1.04,0.32,197000000,-1234000000,981000000,-56000000,228000000,60000000,27.86,33.84,21.88,0.0692,0.008,17.75,1.52,31.13,3.78,0.5139,0.849,0.1073,0.0359,0.22,1.31,None
2000-01-01,52668387,105336774,2,16186000000,None,14259000000,None,1927000000,0,0,0,1465000000,757000000,59000000,59000000,1.08,1.08,0.32,91000000,625000000,-748000000,-32000000,284000000,10000000,30.16,33.5,26.82,0.0499,0.0059,18.29,1.7,177.41,3.62,0.7114,0.7602,0.1191,0.0269,0.22,0.77,None
1999-10-02,55852175,111704350,2,17001000000,None,15016000000,None,1985000000,0,0,0,1941000000,964000000,-20000000,-20000000,-0.36,-0.36,0.32,242000000,-31000000,-128000000,83000000,316000000,36000000,34.5,40,29,0.0093,0.0011,17.77,1.9,60.53,3.46,3.8378,0.9778,0.1168,0.0048,0.23,1.84,None
1999-07-03,55843041,111686082,2,17259000000,None,15234000000,None,2025000000,0,0,0,2084000000,1005000000,41000000,41000000,0.74,0.74,0.32,257000000,-371000000,184000000,70000000,233000000,54000000,34.59,38.5,30.69,0.0312,0.0039,18.13,1.92,67.82,3.3,1.1318,1.0291,0.1173,0.0165,0.24,1.82,None
1999-04-03,55711043,111422086,2,16134000000,None,14131000000,None,2003000000,0,0,0,1974000000,956000000,19000000,19000000,0.34,0.33,0.32,40000000,-352000000,231000000,-81000000,163000000,49000000,30.86,33.5,28.22,0.0281,0.0037,17.98,1.72,53.21,3.14,1.2583,0.9855,0.1241,0.0151,0.24,-0.08,None
1999-01-02,55663155,111326310,2,15990000000,None,13992000000,None,1998000000,0,0,0,1793000000,911000000,-21400000,-21400000,-0.37,-0.37,0.32,158700000,-1054000000,947400000,52100000,244000000,37900000,26.17,29.81,22.53,0.0316,0.0042,17.95,1.43,30.79,2.98,1.1146,0.8974,0.125,0.0171,0.25,1.09,None
1998-10-03,55598796,111197592,2,14938000000,None,12899000000,None,2039000000,0,0,0,1804000000,943700000,24400000,24400000,0.44,0.44,0.32,167700000,-364700000,117900000,-79100000,192400000,56300000,24.66,27.97,21.34,0.0466,0.0065,18.34,1.35,33.32,2.82,0.7522,0.8847,0.1365,0.0253,0.26,1,None
1998-07-04,55597108,111194216,2,14695000000,None,12665000000,None,2030000000,0,0,0,1763000000,940700000,34600000,34600000,0.62,0.62,0.32,139500000,75800000,-139600000,75700000,271500000,48600000,29.84,33.63,26.06,0.0399,0.0056,18.26,1.64,52.35,2.66,0.8626,0.8685,0.1381,0.0222,0.25,0.82,None
1998-04-04,56064641,112129282,2,14914000000,None,12873000000,None,2041000000,0,0,0,1743000000,944600000,26400000,26400000,0.47,0.47,0.32,-119900000,-316100000,443300000,7300000,195800000,43200000,28.73,32.47,25,0.0301,0.0043,18.2,1.58,63.14,2.5,1.1237,0.854,0.1369,0.0173,0.25,-1.45,None
1998-01-03,56048867,112097734,2,14364000000,None,12319000000,None,2045000000,0,0,0,1605000000,927800000,9600000,9600000,0.17,None,0.32,158000000,453700000,-642700000,-31000000,188000000,16200000,28.89,32.94,24.84,0.024,0.0036,18.24,1.47,54,2.34,1.41,0.7848,0.1424,0.0141,0.25,1.26,None
1997-09-27,56561185,113122370,2,14976000000,None,12758000000,None,2218000000,0,0,0,1653000000,938400000,12600000,12600000,0.22,None,0.32,21000000,74800000,-64200000,31600000,219700000,59400000,31.39,34.72,28.06,0.0283,0.0043,19.61,1.6,43.6,2.18,1.1972,0.7453,0.1481,0.0168,0.26,-0.34,None
1997-06-28,56769513,113539026,2,14932000000,None,12698000000,None,2234000000,0,0,0,1724000000,907900000,15600000,15600000,0.28,None,0.32,193400000,-271000000,129900000,52300000,188100000,66200000,27.93,31.06,24.81,0.0387,0.0059,19.68,1.55,31.21,2.02,0.8918,0.7717,0.1496,0.0229,0.26,1.12,None
1997-03-29,55334532,110669064,2,13151000000,None,11151000000,None,2000000000,0,0,0,1758000000,850900000,13200000,13200000,0.24,None,0.32,-20400000,-315500000,243000000,-92900000,135800000,56200000,27.25,28.5,26,0.0497,0.0076,18.07,1.5,22.8,1.86,0.6996,0.879,0.1521,0.0289,0.26,-0.69,None
1996-12-28,55437073,110874146,2,12947000000,None,10932000000,None,2015000000,0,0,0,1655000000,876900000,18500000,18500000,0.33,None,0.32,198600000,-173200000,-233800000,-208400000,228000000,0,25.94,27.69,24.19,0.0663,0.0102,18.17,1.43,16.16,1.7,0.5171,0.8213,0.1556,0.0384,0.26,1.79,None
1996-09-28,55418415,110836830,2,13195000000,None,11182000000,None,2013000000,0,0,0,1665000000,851100000,32700000,32700000,0.59,None,0.32,101800000,-37500000,-4300000,60000000,421500000,0,25.04,26.57,23.5,0.09,0.0138,18.16,1.39,12.13,1.54,0.3772,0.8271,0.1526,0.052,0.26,0.92,None
1996-06-29,55448614,110897228,2,13121000000,None,11121000000,None,2000000000,0,0,0,1726000000,872100000,35400000,35400000,0.63,None,0.3,11200000,-50800000,106200000,66600000,361500000,0,24.34,25.94,22.75,0.117,0.0178,18.03,1.36,10.14,1.38,0.2884,0.863,0.1524,0.0668,0.27,0.1,None
1996-03-30,55562415,111124830,2,13013000000,None,11020000000,None,1993000000,0,0,0,1684000000,859900000,46400000,46400000,0.84,None,0.3,-85600000,-110500000,147900000,-48200000,294900000,0,22,24.13,19.88,0.1379,0.0208,17.93,1.24,8.8,1.23,0.2427,0.845,0.1532,0.0772,0.27,-0.77,None
1995-12-30,55560184,111120368,2,12764000000,None,10789000000,None,1975000000,0,0,0,1602000000,866600000,65000000,65000000,1.15,None,0.3,370700000,-180700000,-259000000,-69000000,358000000,379700000,23.88,26.63,21.13,0.1471,0.0218,17.77,1.37,10.12,1.08,0.227,0.8111,0.1547,0.0812,0.27,-0.08,None
1995-09-30,56096039,112192078,2,13064100000,None,11113000000,None,1951100000,0,0,0,1543400000,869700000,84800000,84800000,1.51,None,0.3,44400000,116800000,-78400000,82800000,413800000,0,25.75,27.88,23.63,0.142,0.0207,17.39,1.53,13.55,0.93,0.2355,0.791,0.1493,0.079,0.26,0.4,None
1995-07-01,56114437,112228874,2,13029100000,None,11141000000,None,1888100000,0,0,0,1517700000,889000000,72900000,72900000,1.3,None,0.27,-43800000,-192700000,163300000,-73200000,331000000,0,22.44,24.13,20.75,0.1173,0.017,16.82,1.38,15.06,0.78,0.2793,0.8038,0.1449,0.0658,0.26,-0.39,None
1995-04-01,56086639,112173278,2,12700200000,None,10872500000,None,1827700000,0,0,0,1363200000,834700000,58300000,58300000,1.04,None,0.27,103700000,-297400000,296100000,102400000,404200000,0,23.63,25.57,21.69,0.0938,None,16.29,1.49,20.11,0.65,0.3496,0.7459,0.1439,0.0543,0.25,0.92,None
1994-12-31,56085135,112170270,2,12251000000,None,10468000000,None,1783000000,0,0,0,1398000000,751600000,48400000,48400000,0.87,None,0.27,133000000,-390400000,106800000,-150600000,315000000,117100000,24.94,28.38,21.5,0.0751,None,15.9,1.59,None,0.51,0.4347,0.7841,0.1455,0.0446,0.24,0.14,None
1994-10-01,55854911,111709822,2,12081900000,None,10328800000,None,1753100000,0,0,0,1397400000,755000000,33100000,33100000,0.59,None,0.25,140800000,-308200000,-56200000,-223600000,465500000,116800000,25.91,28.38,23.44,None,None,15.69,1.67,None,0.38,None,0.7971,0.1451,None,None,0.21,None
1994-07-02,55725454,111450908,2,12093200000,None,10363400000,None,1729800000,0,0,0,1377800000,725100000,26600000,26600000,0.48,None,0.25,248600000,88900000,-336300000,1200000,689100000,92000000,23.63,25.38,21.88,None,None,15.52,1.53,None,0.25,None,0.7965,0.143,None,None,1.41,None
1994-04-02,55634396,111268792,2,12096200000,None,10383100000,None,1713100000,0,0,0,1309100000,706300000,22900000,22900000,0.41,None,0.25,126600000,149700000,246700000,523000000,687900000,138100000,25.13,27.38,22.88,None,None,15.4,1.64,None,0.13,None,0.7642,0.1416,None,None,-0.1,None
1994-01-01,55590588,111181176,2,11959260000,None,10259080000,None,1700180000,0,0,0,1121025000,None,None,None,None,None,0,None,None,None,None,164916000,0,22.13,25.63,18.63,None,None,15.29,None,None,0,None,0.6594,0.1422,None,None,None,None
