"Quarter end","Shares","Shares split adjusted","Split factor","Assets","Current Assets","Liabilities","Current Liabilities","Shareholders equity","Non-controlling interest","Preferred equity","Goodwill & intangibles","Long-term debt","Revenue","Earnings","Earnings available for common stockholders","EPS basic","EPS diluted","Dividend per share","Cash from operating activities","Cash from investing activities","Cash from financing activities","Cash change during period","Cash at end of period","Capital expenditures","Price","Price high","Price low","ROE","ROA","Book value of equity per share","P/B ratio","P/E ratio","Cumulative dividends per share","Dividend payout ratio","Long-term debt to equity ratio","Equity to assets ratio","Net margin","Asset turnover","Free cash flow per share","Current ratio"
2019-03-31,180725731,180725731,1,5806265000,2227109000,5719909000,1774758000,86356000,0,1000,1977264000,3047661000,868402000,-2659000,-2667000,-0.01,-0.01,0.05,69728000,-34887000,-63992000,-28357000,838905000,28754000,7.07,8.32,5.82,0.8661,0.028,0.48,5.57,5.94,26.08,0.6881,35.2922,0.0149,0.0491,0.57,0.23,1.2549
2018-12-31,188243432,188243432,1,5972903000,2324218000,5733431000,1857140000,239472000,0,1000,1993648000,3066073000,1066339000,44985000,44977000,0.23,0.24,0.19,101636000,57559000,-40497000,108970000,869227000,50911000,7.04,8.56,5.51,0.9918,0.0366,1.27,5.25,4.96,26.03,0.6321,12.8035,0.0401,0.0635,0.58,0.27,1.2515
2018-09-30,187621135,187621135,1,5913935000,2151100000,5662269000,1809351000,251666000,0,1000,2003250000,3076968000,832856000,76953000,76945000,0.41,0.41,0.1875,115592000,303511000,-346104000,70387000,760257000,40511000,8.09,9.3,6.88,None,0.0427,1.34,7.78,6.13,25.84,0.5253,12.2264,0.0426,0.0766,0.56,0.4,1.1889
2018-06-30,188021682,188021682,1,6246751000,2469938000,6050834000,2011957000,195917000,0,1000,2016973000,3237810000,640003000,48214000,48206000,0.26,0.26,0.1875,92362000,-63084000,-39501000,-30005000,689870000,57099000,9.64,11.17,8.11,None,0.0383,1.04,8.38,7.3,25.65,0.5659,16.5265,0.0314,0.0708,0.54,0.19,1.2276
2018-03-31,187550191,187550191,1,6319618000,2289033000,6104725000,2004226000,214893000,0,1000,2227302000,3248713000,983182000,53513000,53505000,0.29,0.28,0.1875,82672000,-38242000,-340317000,-289146000,719875000,42923000,12.82,14.8,10.84,None,0.0387,1.15,12.69,9.22,25.46,0.5634,15.1179,0.034,0.0675,0.57,0.21,1.1421
2017-12-31,186779761,186779761,1,6678715000,2636508000,6490154000,2054993000,188561000,0,1000,2224630000,3559278000,1049117000,89948000,89940000,0.48,0.47,0.19,165236000,-507305000,-347315000,-687882000,1009021000,51428000,11.92,14.34,9.5,None,0.0414,1.01,22.07,25.91,25.28,0.5376,18.8761,0.0282,0.0736,0.56,0.61,1.283
2017-09-30,186728127,186728127,1,6781407000,3220557000,6680574000,2264730000,100833000,0,1000,1762344000,3562672000,842820000,57358000,57349000,0.31,0.31,0.1875,145930000,69076000,623691000,856339000,1696903000,37483000,13.86,15.31,12.4,None,0.0143,0.54,86.63,27.72,25.09,1.6136,35.3328,0.0149,0.0257,0.56,0.58,1.422
2017-06-30,186681977,186681977,1,6037348000,2491577000,6007975000,2633107000,29373000,0,1000,1756339000,2543476000,821371000,48901000,48891000,0.26,0.26,0.1875,30641000,-155921000,210874000,101011000,840564000,40701000,14.75,16.26,13.24,None,0.0159,0.16,None,28.37,24.9,1.4734,86.5953,0.0049,0.0281,0.57,-0.05,0.9462
2017-03-31,186500998,186500998,1,5747171000,2233134000,5793509000,2448440000,-46338000,0,1000,1742502000,2499025000,836640000,65133000,65124000,0.35,0.35,0.1875,154006000,-68870000,-119503000,-24969000,739553000,35920000,14.46,16.6,12.31,None,0.0168,-0.25,None,30.77,24.71,1.4022,None,None,0.0294,0.57,0.63,0.9121
2016-12-31,186399332,186399332,1,5837133000,2325183000,5940793000,2327619000,-103660000,0,1000,1736507000,2750405000,887069000,-84343000,-84352000,-0.46,-0.46,0.19,199763000,-40689000,-345590000,-217200000,764522000,45299000,16.21,18.2,14.22,None,0.0154,-0.56,23.16,11.83,24.52,1.5136,None,None,0.0272,0.57,0.83,0.999
2016-09-30,185758673,185758673,1,6258874000,2501608000,5832052000,2165420000,130452000,296370000,1000,1940639000,2831767000,839031000,65512000,65502000,0.35,0.35,0.1875,137342000,-58357000,237511000,316117000,992089000,44173000,18.1,19.33,16.88,None,0.0432,0.7,43.1,12.4,24.33,0.5368,21.7075,0.0208,0.0762,0.57,0.5,1.1553
2016-06-30,185589844,185589844,1,5963577000,2285520000,5588394000,2131674000,78813000,296370000,1000,1925499000,2623764000,835886000,53590000,53581000,0.29,0.28,0.1875,95221000,43472000,-60157000,62985000,675972000,13184000,19.05,21.81,16.28,None,0.0474,0.42,29.31,9.87,24.15,0.4998,33.2914,0.0132,0.0824,0.58,0.44,1.0722
2016-03-31,188620368,188620368,1,6005822000,2214184000,5586184000,1965101000,123268000,296370000,1000,1949049000,2775213000,844589000,58046000,58036000,0.3,0.3,0.1875,58366000,-59979000,-55863000,-37570000,612987000,40504000,18.92,21.6,16.24,None,0.0628,0.65,20.34,9.32,23.96,0.3804,22.5138,0.0205,0.1091,0.58,0.09,1.1268
2015-12-31,191560676,191560676,1,6141462000,2319808000,5666370000,2279051000,178722000,296370000,1000,1933335000,2507912000,936947000,86279000,86269000,0.44,0.44,0.19,163924000,-99391000,-98908000,-40392000,650557000,-15784000,20.44,21.76,19.12,None,0.0662,0.93,28.39,10.76,23.77,0.3653,14.0326,0.0291,0.114,0.58,0.94,1.0179
2015-09-30,197050227,197050227,1,6141781000,2297748000,5703384000,2333584000,142027000,296370000,1000,1946206000,2471055000,869541000,89282000,89272000,0.45,0.44,0.1875,150384000,-44494000,-134618000,-38195000,715976000,40708000,20.12,21.64,18.59,None,0.0615,0.72,21.18,9.54,23.58,0.3929,17.3986,0.0231,0.106,0.58,0.56,0.9846
2015-06-30,201918974,201918974,1,6254157000,2363547000,5766423000,2406972000,191364000,296370000,1000,1971270000,2473087000,880891000,151770000,151760000,0.75,0.75,0.1875,96444000,-94763000,-125229000,-117516000,754171000,6387000,22.36,23.93,20.79,None,0.0676,0.95,82.81,12.29,23.39,0.3551,12.9235,0.0306,0.1155,0.59,0.45,0.982
2015-03-31,201683304,201683304,1,6109443000,2498482000,5758138000,2387518000,54935000,296370000,1000,1707343000,2554317000,890681000,80612000,80601000,0.4,0.4,0.1875,103887000,-64440000,-211970000,-207458000,871687000,43908000,22.88,24.6,21.15,None,0.0577,0.27,60.21,13.95,23.21,0.4108,46.4979,0.009,0.0979,0.59,0.3,1.0465
2014-12-31,201622001,201622001,1,6485693000,2760120000,6112064000,2360623000,77259000,296370000,1000,1754894000,2927127000,983913000,62528000,62520000,0.31,0.31,0.19,258094000,-61612000,-29516000,155469000,1079145000,59286000,24.03,25.68,22.38,None,0.0511,0.38,17.41,13.58,23.02,0.4555,37.8877,0.0119,0.0873,0.58,0.99,1.1692
2014-09-30,200989991,200989991,1,6424037000,2692102000,5849321000,2256394000,278346000,296370000,1000,1786784000,2962997000,941644000,132289000,132278000,0.65,0.65,0.1875,116985000,-93656000,-86124000,-82225000,923676000,48920000,26.5,28.37,24.63,None,0.0547,1.38,19.06,24.31,22.83,0.4213,10.6451,0.0433,0.0934,0.59,0.34,1.1931
2014-06-30,202811576,202811576,1,6596083000,2793302000,6017957000,2410491000,281756000,296370000,1000,1831145000,2964843000,958450000,94265000,94254000,0.47,0.46,0.1875,174831000,71095000,-146285000,102559000,1005901000,42207000,26.14,28.23,24.06,None,0.0329,1.39,27.81,45.07,22.64,0.6841,10.5228,0.0427,0.065,0.51,0.65,1.1588
2014-03-31,202640173,202640173,1,6631336000,2815292000,6145188000,2389735000,189778000,296370000,1000,1837474000,3066690000,937497000,44673000,44659000,0.22,0.22,0.1875,105616000,-59088000,-49919000,-4464000,903342000,30143000,23.82,26.63,21.01,None,0.0173,0.94,25.61,34.52,22.45,1.2726,16.1594,0.0286,0.033,0.53,0.37,1.1781
2013-12-31,202535480,202535480,1,6772708000,2838212000,6287935000,2227755000,188403000,296370000,4000,1855258000,3346295000,1031187000,90089000,90089000,0.45,0.44,0.19,131264000,367915000,-346394000,148170000,907806000,34120000,21.2,24.18,18.21,None,0.0199,0.93,353.33,26.84,22.27,1.332,17.7617,0.0278,0.0369,0.54,0.48,1.274
2013-09-30,201992623,201992623,1,7149932000,3204604000,6842325000,2629097000,11237000,296370000,4000,1857766000,3351020000,513051000,-5527000,-5527000,-0.03,-0.03,0.19,214525000,-31156000,-34971000,151068000,759636000,29951000,16.29,18.82,13.76,None,0.0219,0.06,148.09,13.57,22.08,1.3998,298.3192,0.0016,0.0405,0.54,0.91,1.2189
2013-06-30,201812523,201812523,1,7133202000,2754027000,6814491000,2286737000,22341000,296370000,4000,2156203000,3654032000,1158207000,-9233000,-9233000,-0.05,-0.05,0.1875,146875000,-21489000,-420202000,-301096000,608568000,34602000,14.77,16.43,13.12,None,0.0328,0.11,41.03,8.44,21.89,1.0818,163.5865,0.0031,0.0519,0.63,0.56,1.2043
2013-03-31,201473817,201473817,1,7616106000,3061778000,7246549000,2635715000,73187000,296370000,4000,2268890000,3657634000,1166956000,67506000,67506000,0.34,0.33,0.375,132160000,-64529000,-66495000,-3612000,909664000,38839000,13.14,15.56,10.71,None,0.0471,0.36,23.89,5.95,21.7,0.8548,49.9793,0.0096,0.0735,0.64,0.46,1.1616
2012-12-31,201346302,201346302,1,7859891000,3212127000,7452890000,2877037000,110631000,296370000,4000,2302352000,3642375000,1186864000,110337000,110337000,0.55,0.54,0.38,220555000,9340000,257841000,488487000,913276000,48770000,12.54,14.73,10.34,None,0.0583,0.55,20.23,4.22,21.32,0.6787,32.9248,0.0141,0.0908,0.64,0.85,1.1165
2012-09-30,200751672,200751672,1,7274166000,2674072000,6853163000,2687682000,124633000,296370000,4000,2303109000,3305504000,1215677000,76533000,76533000,0.38,0.38,0.375,69466000,-80731000,-72542000,-74983000,424789000,39065000,13.96,15.27,12.64,None,0.0769,0.62,34.05,4.06,20.94,0.5057,26.5228,0.0171,0.1171,0.66,0.15,0.9949
2012-06-30,200638510,200638510,1,7344997000,2721316000,6967361000,2773303000,81266000,296370000,4000,2322216000,3306473000,1245818000,99623000,99623000,0.5,0.5,0.375,274172000,-11370000,-659890000,-415781000,499772000,38722000,15.34,17.87,12.81,None,0.0868,0.41,34.09,4.47,20.57,0.433,40.689,0.0111,0.1339,0.65,1.17,0.9813
2012-03-31,200214743,200214743,1,8062258000,3294259000,7674845000,3042333000,91043000,296370000,4000,2364580000,3682798000,1255656000,158670000,158670000,0.79,0.79,0.375,95995000,-3971000,-45049000,59315000,915553000,50029000,18.55,19.65,17.45,None,0.0843,0.45,None,6.06,20.19,0.4315,40.453,0.0113,0.1324,0.64,0.23,1.0828
2011-12-31,199787708,199787708,1,8147104000,3259858000,7889720000,3091862000,-38986000,296370000,4000,2359691000,3683909000,1340707000,257474000,257474000,1.29,1.3,0.37,169737000,51877000,-80592000,141044000,856238000,32268000,19.27,21.2,17.33,None,0.0744,-0.2,None,9.35,19.82,0.4826,None,None,0.117,0.64,0.69,1.0543
2011-09-30,199637576,199637576,1,8163067000,3069675000,7911980000,2458381000,-45283000,296370000,4000,2492291000,4243547000,1299724000,172767000,172767000,0.86,0.85,0.37,301055000,-31202000,-121546000,136746000,715194000,35012000,20.73,23.47,18,None,0.0495,-0.23,None,12.64,19.45,0.7187,None,None,0.0771,0.64,1.33,1.2487
2011-06-30,202143443,202143443,1,8368954000,2990969000,8073753000,2464326000,-1169000,296370000,4000,2610626000,4239965000,1314474000,100935000,100935000,0.5,0.49,0.37,152640000,-55922000,-173256000,-73621000,578448000,53341000,24.2,26.36,22.05,None,0.0393,-0.01,None,16.69,19.08,0.9023,None,None,0.0609,0.64,0.49,1.2137
2011-03-31,203853433,203853433,1,8496854000,3082013000,8225574000,2517116000,-25090000,296370000,4000,2617708000,4236437000,1323069000,86304000,86304000,0.42,0.42,0.37,296761000,-53375000,-79623000,167706000,652069000,34676000,24.8,26.15,23.46,None,0.0352,-0.12,None,17.59,18.71,1.0115,None,None,0.0546,0.64,1.29,1.2244
2010-12-31,203785248,203785248,1,8444023000,3008241000,8244234000,2553579000,-96581000,296370000,4000,2604236000,4239248000,1434042000,53887000,53887000,0.31,0.3,0.36,285224000,-25202000,-162271000,98317000,484363000,16996000,22.99,24.79,21.19,None,0.035,-0.47,None,14.55,18.34,1.0219,None,None,0.0539,0.65,1.32,1.178
2010-09-30,203353768,203353768,1,8315907000,2845317000,8089477000,2422106000,-69940000,296370000,4000,2616490000,4242845000,1345742000,88935000,88935000,0.43,0.43,0.365,243085000,-140224000,-185274000,-73405000,386046000,31538000,22.03,25,19.06,None,0.0428,-0.34,None,13.35,17.98,0.8371,None,None,0.0658,0.65,1.04,1.1747
2010-06-30,206693115,206693115,1,8277067000,2949998000,8101378000,2416048000,-120681000,296370000,4000,2492373000,4233469000,1297237000,65924000,65924000,0.3,0.3,0.365,117654000,-95321000,-33178000,-17489000,459451000,30272000,23.64,26,21.28,None,0.0442,-0.58,None,12.31,17.61,0.8059,None,None,0.0683,0.65,0.42,1.221
2010-03-31,207528336,207528336,1,8368349000,2942796000,8077638000,2403720000,-5659000,296370000,4000,2548129000,4215728000,1348233000,83633000,83633000,0.38,0.38,0.365,306148000,-40746000,-199245000,64203000,476940000,28367000,22.78,24.76,20.8,None,0.0499,-0.03,325.43,11.17,17.25,0.7062,None,None,0.0766,0.65,1.34,1.2243
2009-12-31,207450919,207450919,1,8533911000,2971236000,8223878000,2566447000,13663000,296370000,4000,2603321000,4213640000,1454305000,120022000,120022000,0.47,0.47,0.36,91644000,-18393000,-100002000,-28391000,412737000,40219000,24.43,26.41,22.44,None,0.0521,0.07,66.03,12.66,16.88,0.67,308.4882,0.0016,0.0799,0.65,0.25,1.1577
2009-09-30,207138862,207138862,1,8544021000,2945244000,8092361000,2429768000,77495000,374165000,4000,2613634000,4218646000,1356820000,103227000,103227000,0.5,0.5,0.36,249037000,-64057000,-194672000,-4134000,441128000,36319000,22.98,25.57,20.38,None,0.0465,0.37,None,12.09,16.52,0.7412,54.4405,0.0091,0.0704,0.66,1.03,1.2122
2009-06-30,207053403,207053403,1,8568179000,2995611000,8224314000,2609388000,-30300000,374165000,7000,2617763000,4209129000,1378462000,117262000,117262000,0.57,0.57,0.36,206916000,-27230000,-167511000,22045000,445262000,42414000,23.48,26.25,20.71,None,0.0448,-0.15,None,12.1,16.16,0.7444,None,None,0.0672,0.67,0.79,1.148
2009-03-31,206388687,206388687,1,8485122000,2925567000,8313286000,2689572000,-202329000,374165000,0,2563202000,4227697000,1379584000,104402000,104402000,0.51,0.5,0.36,276471000,-62290000,-163676000,46546000,423217000,47776000,22.54,27.46,17.62,None,0.0447,-0.98,None,11.27,15.8,0.7193,None,None,0.0668,0.67,1.11,1.0877
2008-12-31,206320872,206320872,1,8736431000,3032613000,8550145000,3243118000,-187879000,374165000,0,2627652000,3934865000,1552589000,73952000,73952000,0.36,0.36,0.35,248735000,-32632000,-288860000,-82115000,376671000,67330000,27.13,33.44,20.83,None,0.0449,-0.91,14.91,19.8,15.44,0.6902,None,None,0.067,0.67,0.88,0.9351
2008-09-30,206128495,206128495,1,9374378000,3299912000,8624500000,3568710000,375713000,374165000,0,2722674000,3872580000,1547673000,98229000,98229000,0.47,0.47,0.35,280848000,-66883000,-176152000,29374000,458786000,54632000,35.59,39.98,31.2,0.5442,0.0301,1.82,13.58,24.05,15.09,0.8435,10.3073,0.0401,0.0452,0.67,1.1,0.9247
2008-06-30,207753345,207753345,1,9653639000,3388638000,8725756000,3489063000,543718000,384165000,0,2832634000,4013910000,1588086000,128509000,128509000,0.62,0.61,0.35,212517000,-63244000,-117377000,31626000,429412000,58413000,36.48,39.39,33.56,0.4924,0.0331,2.62,13.66,23.54,14.74,0.7634,7.3823,0.0563,0.0501,0.66,0.74,0.9712
2008-03-31,207575943,207575943,1,9629550000,3379322000,8691751000,3451198000,553634000,384165000,0,2787169000,4047013000,1573957000,119103000,119103000,0.56,0.56,0.35,248337000,-71359000,-159469000,20610000,397786000,56933000,35.5,38.35,32.64,0.4869,0.036,2.67,11.64,21.65,14.39,0.7089,7.3099,0.0575,0.0542,0.66,0.92,0.9792
2007-12-31,211088288,211088288,1,9549943000,3319613000,8522475000,3556439000,643303000,384165000,0,2757046000,3802075000,1664247000,-57929000,-57929000,-0.27,-0.27,0.12,363697000,13359000,-341810000,38413000,377176000,62643000,41.73,47.07,36.4,0.5033,0.0399,3.05,10.81,15.81,14.04,0.6588,5.9102,0.0674,0.0598,0.67,1.43,0.9334
2007-09-30,216887629,216887629,1,9516879000,3270686000,8295509000,3522588000,837205000,384165000,0,2676782000,3793974000,1508277000,127675000,127675000,0.58,0.58,0.33,289792000,-104023000,-101189000,86796000,338763000,73592000,45.97,48.91,43.04,0.7863,0.0655,3.86,13.1,16.9,13.92,0.4911,4.5317,0.088,0.0978,0.67,1,0.9285
2007-06-30,218925040,218925040,1,9190875000,3094311000,8038667000,3457908000,768043000,384165000,0,2633605000,3636998000,1543034000,152239000,152239000,0.69,0.68,0.33,186751000,-539165000,369884000,19722000,251967000,60850000,47.46,49.7,45.22,0.7829,0.068,3.51,15.66,105.47,13.59,0.4732,4.7354,0.0836,0.1026,0.66,0.58,0.8949
2007-03-31,219643740,219643740,1,8474503000,2913902000,7423838000,2731482000,666500000,384165000,0,2175533000,3738074000,1414237000,144796000,144796000,0.66,0.65,0.33,220225000,-96510000,-131253000,-6857000,232245000,67571000,46.78,48.95,44.61,0.1201,0.0107,3.03,14.76,99.53,13.26,2.9485,5.6085,0.0786,0.0168,0.64,0.7,1.0668
2006-12-31,220296320,220296320,1,8480420000,2918670000,7397066000,2746833000,699189000,384165000,0,2156349000,3847617000,1503373000,159273000,159273000,0.73,0.73,0.32,-622364000,707752000,-74684000,10749000,239102000,84019000,46.08,47.97,44.19,0.1081,0.011,3.17,10.69,307.2,12.93,2.6903,5.503,0.0824,0.0184,0.6,-3.21,1.0626
2006-09-30,221879663,221879663,1,9420939000,3518070000,8153811000,4050533000,957128000,310000000,0,2166360000,3348990000,1433331000,148620000,148620000,0.67,0.66,0.32,-60555000,-132794000,200235000,6550000,202865000,81430000,42.75,45.12,40.38,0.0353,0.0039,4.31,10.58,388.64,12.61,7.1325,3.499,0.1016,0.007,0.56,-0.64,0.8685
2006-06-30,221534416,221534416,1,9712621000,3911066000,8507748000,4345644000,894873000,310000000,0,2129638000,3363665000,1389210000,-356074000,-356074000,-1.61,-1.59,0.32,110111000,262976000,-348827000,26328000,196315000,79413000,42.21,44.24,40.18,0.0288,0.0034,4.04,6.94,18.35,12.29,7.9952,3.7588,0.0921,0.0063,0.55,0.14,0.9
2006-03-31,221976882,221976882,1,10588462000,2793454000,8929863000,2930213000,1348599000,310000000,0,1996447000,3778208000,1404104000,153528000,153528000,0.68,0.67,0.32,286234000,-118461000,-216421000,-48168000,195341000,83015000,42.82,44.63,41.01,0.3962,0.0511,6.08,7.46,18.86,11.97,0.5336,2.8016,0.1274,0.0951,0.54,0.92,0.9533
2005-12-31,226982727,226982727,1,10621382000,2742315000,9009441000,2910897000,1301941000,310000000,0,1959200000,3849623000,1457787000,93644000,93644000,0.41,0.41,0.31,106994000,-65070000,-91682000,-51018000,243509000,76104000,41.56,42.77,40.34,0.3952,0.0517,5.74,6.92,18.81,11.65,0.5381,2.9568,0.1226,0.0959,0.54,0.14,0.9421
2005-09-30,228116410,228116410,1,10155268000,2786460000,8474739000,2993413000,1370529000,310000000,0,1984090000,3351732000,1356434000,144299000,144299000,0.63,0.62,0.31,218490000,-37702000,-161958000,17643000,294527000,67766000,43.1,45.13,41.07,0.3878,0.0516,6.01,7.39,19.86,11.34,0.5473,2.4456,0.135,0.0955,0.54,0.66,0.9309
2005-06-30,228856583,228856583,1,10162467000,2756781000,8517437000,3537665000,1335030000,310000000,0,2018961000,2881637000,1360174000,139031000,139031000,0.61,0.6,0.31,21750000,-346406000,279868000,-45660000,276884000,68141000,43.86,46.09,41.62,0.3932,0.0516,5.83,7.63,20.4,11.03,0.555,2.1585,0.1314,0.0966,0.53,-0.2,0.7793
2005-03-31,230026808,230026808,1,9818720000,2716434000,8186148000,2893277000,1322572000,310000000,0,1753272000,3176025000,1317788000,149604000,149604000,0.65,0.64,0.31,192359000,-23014000,-163241000,6327000,322544000,79539000,45.15,47.5,42.8,0.4055,0.0526,5.75,8.08,22.02,10.72,0.5588,2.4014,0.1347,0.0987,0.53,0.49,0.9389
2004-12-31,230838230,230838230,1,9820580000,2693086000,8220499000,3294477000,1290081000,310000000,0,1735118000,2798894000,1362095000,82698000,82698000,0.36,0.35,0.3,216821000,-232668000,-17796000,-30305000,316217000,90757000,44.2,46.97,41.44,0.4014,0.0511,5.59,8.37,18.97,10.41,0.5839,2.1695,0.1314,0.0969,0.53,0.55,0.8175
2004-09-30,230619759,230619759,1,9545011000,2615729000,8016849000,3027725000,1218162000,310000000,0,1588720000,2823286000,1217522000,136516000,136516000,0.59,0.58,0.305,213856000,-375531000,178990000,18240000,346522000,79378000,42.62,44.62,40.62,0.4751,0.0594,5.28,8.68,18.94,10.11,0.516,2.3177,0.1276,0.1132,0.52,0.58,0.8639
2004-06-30,231129359,231129359,1,9082366000,2555770000,7636631000,3035522000,1135735000,310000000,0,1211613000,2463928000,1205901000,134718000,134718000,0.58,0.58,0.305,238984000,-79356000,-126642000,29571000,328282000,72378000,43.7,45.21,42.2,0.4871,0.0588,4.91,8.83,20.14,9.81,0.5333,2.1695,0.125,0.1113,0.53,0.72,0.842
2004-03-31,231127806,231127806,1,9181932000,2574103000,7727578000,2934960000,1144354000,310000000,0,1201174000,2691094000,1171922000,126594000,126594000,0.55,0.54,0.305,274978000,-84632000,-228146000,4899000,298711000,74469000,41.33,43.78,38.88,0.4913,0.0574,4.95,8.83,19.59,9.5,0.5492,2.3516,0.1246,0.1097,0.52,0.87,0.877
2003-12-31,232536114,232536114,1,8891388000,2513175000,7494026000,2646969000,1087362000,310000000,0,1159890000,2840943000,1215017000,146864000,146864000,0.63,0.63,0.3,175418000,-66766000,-106818000,8558000,293812000,71543000,40.38,42.75,38,0.5096,0.0565,4.68,9.85,23.48,9.2,0.5627,2.6127,0.1223,0.1088,0.52,0.45,0.9495
2003-09-30,233595539,233595539,1,8651709000,2490628000,7384405000,2468293000,957304000,310000000,0,899023000,3004287000,1137149000,118454000,118454000,0.51,0.5,0.3,250007000,34743000,-353800000,-72913000,285254000,75783000,38.3,40.38,36.23,0.4434,0.0464,4.1,9.23,20.93,8.9,0.6836,3.1383,0.1106,0.09,0.52,0.75,1.009
2003-06-30,233995163,233995163,1,8872320000,2595140000,7592348000,2446482000,969972000,310000000,0,911347000,3240110000,1133878000,118896000,118896000,0.51,0.5,0.3,208988000,13244000,-244893000,-17486000,358167000,70013000,35.6,39.6,31.6,0.4795,0.0495,4.15,9.32,18.54,8.6,0.6383,3.3404,0.1093,0.0968,0.51,0.59,1.0608
2003-03-31,234223029,234223029,1,8848939000,2655608000,7643330000,3344537000,895609000,310000000,0,892096000,2422424000,1090809000,113903000,113903000,0.48,0.48,0.3,216848000,-15225000,-145143000,60497000,375653000,68342000,31.9,34.34,29.45,0.5142,0.0531,3.82,8.76,16.19,8.3,0.605,2.7048,0.1012,0.1034,0.51,0.63,0.794
2002-12-31,234522527,234522527,1,8732314000,2552625000,7568987000,3350309000,853327000,310000000,0,827241000,2316844000,1164854000,56244000,56244000,0.23,0.24,0.29,729000,60046000,-15638000,46669000,315156000,70063000,32.67,36.8,28.55,0.5331,0.0559,3.64,8.42,15.56,8,0.5866,2.7151,0.0977,0.1079,0.52,-0.3,0.7619
2002-09-30,236537774,236537774,1,8756451000,2759075000,7528601000,3449887000,917850000,310000000,0,809690000,2379565000,1114071000,146886000,146886000,0.62,0.61,0.295,174567000,-241010000,92925000,27844000,268487000,57832000,35.16,40.33,29.98,0.5651,0.0606,3.88,9.18,17.94,7.71,0.5518,2.5925,0.1048,0.1176,0.52,0.49,0.7998
2002-06-30,238382449,238382449,1,8306558000,2644396000,7083650000,3316684000,912908000,310000000,0,668552000,2129027000,1081325000,143103000,143103000,0.6,0.59,0.295,118486000,-98266000,-46316000,-23680000,240643000,56398000,41.4,44.41,38.39,0.4854,0.058,3.83,11.25,19.9,7.41,0.5879,2.3321,0.1099,0.1125,0.52,0.26,0.7973
2002-03-31,240624775,240624775,1,8250364000,2588890000,7054952000,3213152000,885412000,310000000,0,668908000,2233844000,1049508000,129517000,129517000,0.54,0.53,0.295,208777000,-21679000,-153725000,32735000,264323000,40541000,40.79,44.15,37.43,0.4742,0.0625,3.68,11.08,20.71,7.12,0.5509,2.5229,0.1073,0.1222,0.51,0.7,0.8057
2001-12-31,241924200,241924200,1,8318471000,2556608000,7117116000,3083042000,891355000,310000000,0,2001000,2419150000,1090807000,90163000,90163000,0.37,0.37,0.29,51190000,-424768000,274582000,-99636000,231588000,68178000,38.17,42.44,33.91,0.4154,0.0601,3.68,7.35,17.59,6.82,0.5809,2.714,0.1072,0.1185,0.51,-0.07,0.8292
2001-09-30,243848538,243848538,1,8229906000,2721031000,6653787000,2660472000,1266119000,310000000,0,0,2436358000,1044480000,117214000,117214000,0.48,0.47,0.29,255290000,-31510000,-92434000,131615000,292312000,71890000,41.17,44.7,37.65,0.4253,0.0675,5.19,7.83,17.67,6.53,0.5221,1.9243,0.1538,0.1536,0.44,0.75,1.0228
2001-06-30,245647809,245647809,1,8103744000,2599522000,6501840000,3010051000,1291904000,310000000,0,0,2006964000,1020864000,177029000,177029000,0.72,0.71,0.29,567755000,-409508000,-151361000,5223000,199609000,59465000,37.57,42.41,32.73,0.4526,0.0741,5.26,7.4,16.62,6.24,0.4846,1.5535,0.1594,0.1626,0.46,2.07,0.8636
2001-03-31,246791148,246791148,1,7873653000,2627012000,6311108000,2837334000,1252545000,310000000,0,0,1911636000,966323000,103937000,103937000,0.42,0.42,0.29,161652000,26264000,-193642000,-3869000,194386000,56671000,35.2,38.4,32,0.4381,0.0735,5.08,6.78,14.61,5.95,0.4966,1.5262,0.1591,0.1535,0.48,0.43,0.9259
2000-12-31,247562695,247562695,1,7901266000,2626708000,6306291000,2881577000,1284975000,310000000,0,2000000,1881947000,496555000,143603000,143603000,0.58,0.57,0.28,199411000,-222972000,-40744000,-67148000,198255000,79421000,31.69,39.38,24,0.4537,0.0797,5.19,5.92,12.73,5.66,0.4616,1.4646,0.1626,0.1604,0.5,0.48,0.9116
2000-09-30,252137450,252137450,1,7768900000,2540629000,6109119000,2541488000,1349781000,310000000,0,0,2070058000,1121312000,161433000,161433000,0.63,0.63,0.285,223010000,22278000,-277164000,-31292000,265403000,63087000,37.09,40.44,33.75,0.4508,0.0833,5.35,6.95,14.55,5.38,0.4356,1.5336,0.1737,0.1447,0.58,0.63,0.9997
2000-06-30,255279513,255279513,1,7759189000,2600524000,6086898000,2375953000,1362291000,310000000,0,0,2201591000,1161034000,165957000,165957000,0.64,0.64,0.285,233744000,4318000,-157175000,77632000,296695000,73579000,41.31,47,35.63,0.4509,0.0861,5.34,7.13,17.28,5.1,0.4137,1.6161,0.1756,0.1512,0.57,0.63,1.0945
2000-03-31,257738910,257738910,1,7818661000,2694704000,6016540000,2523830000,1492121000,310000000,0,0,2037860000,1101967000,151553000,151553000,0.58,0.57,0.285,216079000,340696000,-590700000,-35207000,219063000,52490000,47.56,54.13,41,0.4138,0.0815,5.79,7.67,20.32,4.81,0.4299,1.3657,0.1908,0.145,0.56,0.63,1.0677
1999-12-31,262192195,262192195,1,8222672000,3342574000,6287062000,2872764000,1625610000,310000000,0,1999000,1997856000,1155529000,178123000,178123000,0.67,0.65,0.26,217359000,-148808000,33036000,102213000,254270000,70593000,52.34,63.81,40.88,0.4018,0.0802,6.2,8.86,23.06,4.53,0.4284,1.229,0.1977,0.1435,0.56,0.56,1.1635
1999-09-30,265256152,265256152,1,7881426000,2630271000,6003583000,2745797000,1567843000,310000000,0,0,1847808000,1089825000,186077000,186077000,0.7,0.69,0.255,322105000,-129077000,-174463000,19364000,152057000,60987000,64.13,72.5,55.75,0.391,0.0797,5.91,11.04,30.68,4.27,0.4245,1.1786,0.1989,0.1427,0.56,0.98,0.9579
1999-06-30,267575341,267575341,1,7773127000,2548013000,5909020000,2627244000,1554107000,310000000,0,0,1898942000,1105432000,129741000,129741000,0.48,0.48,0.255,231092000,-38178000,-188665000,3006000,132693000,81521000,67.44,73.31,61.56,0.355,0.0732,5.81,11.43,31.81,4.01,0.4463,1.2219,0.1999,0.1336,0.55,0.56,0.9698
1999-03-31,268611404,268611404,1,7842303000,2705057000,5946927000,2932377000,1585376000,310000000,0,0,1710427000,1081822000,142271000,142271000,0.53,0.52,0.255,210530000,-221439000,16140000,4003000,129687000,91797000,65.63,71.19,60.06,0.3531,0.0741,5.9,10.74,31.86,3.76,0.426,1.0789,0.2022,0.1373,0.54,0.44,0.9225
1998-12-31,269561366,269561366,1,7661039000,2508963000,5702940000,2721812000,1648002000,310097000,0,1998000,1712937000,1077022000,163104000,163104000,0.6,0.58,0.22,108879000,675762000,-804980000,-19290000,125684000,78519000,56.75,66.38,47.13,0.331,0.0714,6.11,9.04,28.52,3.5,0.4232,1.0394,0.2151,0.1366,0.52,0.11,0.9218
1998-09-30,272640700,272640700,1,8232345000,3115141000,6221334000,3214803000,1711011000,300000000,0,0,1710533000,1052403000,141586000,141586000,0.52,0.51,0.225,282107000,-271865000,20990000,29652000,144974000,50392000,52.41,58.19,46.63,0.3118,0.069,6.28,8.32,27.3,3.28,0.4291,0.9997,0.2078,0.1315,0.52,0.85,0.969
1998-06-30,274445810,274445810,1,8072968000,2571615000,6044465000,3123462000,1728503000,300000000,0,0,1627127000,1079518000,142017000,142017000,0.52,0.51,0.225,104004000,146577000,-252805000,-1878000,115322000,90430000,48.5,52.19,44.81,0.2929,0.0672,6.3,7.07,26.15,3.06,0.4315,0.9414,0.2141,0.1294,0.52,0.05,0.8233
1998-03-31,273568575,273568575,1,8313598000,2676559000,6136384000,3203101000,1877214000,300000000,0,0,1626870000,1011574000,129687000,129687000,0.46,0.46,0.225,272128000,-468280000,177973000,-19873000,117200000,79074000,47.08,51.94,42.22,0.2738,0.0655,6.86,7.03,26.16,2.83,0.4328,0.8666,0.2258,0.1291,0.51,0.71,0.8356
1997-12-31,279334236,279334236,1,7893389000,2463515000,5720812000,3373233000,1872577000,300000000,0,1997000,1068395000,1120255000,147206000,147206000,0.51,None,0.2,125718000,452849000,-567899000,11933000,137073000,41486000,41.59,45.75,37.44,0.2602,0.0645,6.7,5.93,24.39,2.61,0.4346,0.5705,0.2372,0.1283,0.5,0.3,0.7303
1997-09-30,141828297,283656594,2,8242294000,2419017000,5953499000,3513749000,1988795000,300000000,0,0,1171301000,1012728000,127805000,127805000,0.88,None,0.4,195591000,12937000,-211846000,-5603000,125140000,69206000,38.75,42.5,35,0.2397,0.0616,7.01,5.35,23.41,2.41,0.4398,0.589,0.2413,0.1254,0.49,0.45,0.6884
1997-06-30,144281005,288562010,2,8288497000,2266322000,5899666000,3514281000,2088831000,300000000,0,0,1172053000,1006111000,131071000,131071000,0.89,None,0.4,182488000,-172628000,-23706000,-11975000,130743000,73122000,32.69,37.44,27.94,0.2294,0.0608,7.24,4.46,20.37,2.21,0.4385,0.5611,0.252,0.1246,0.49,0.38,0.6449
1997-03-31,145753938,291507876,2,8184794000,2283824000,5848281000,3363115000,2136513000,200000000,0,0,1299155000,961370000,119945000,119945000,0.81,None,0.4,199616000,-66586000,-124093000,7447000,142718000,60251000,29.28,31.75,26.81,0.2223,0.06,7.33,3.85,18.89,2.01,0.4369,0.6081,0.261,0.1234,0.49,0.48,0.6791
1996-12-31,147050608,294101216,2,8155722000,2222066000,5716676000,3305289000,2239046000,200000000,0,1996000,1300434000,1058663000,127666000,127666000,0.83,None,0.34,205770000,-86667000,-119344000,1239000,135271000,56842000,28.47,30.69,26.25,0.2168,0.0589,7.61,3.89,19.11,1.81,0.4352,0.5808,0.2745,0.1217,0.48,0.51,0.6723
1996-09-30,148449856,296899712,2,7983258000,2233198000,5609704000,3233697000,2173554000,200000000,0,0,1300221000,950714000,116705000,116705000,0.78,None,0.345,104480000,-37781000,-26469000,41245000,134032000,80381000,24.44,27.25,21.63,0.214,0.0576,7.32,3.41,12.63,1.64,0.4385,0.5982,0.2723,0.1203,0.48,0.08,0.6906
1996-06-30,149118964,298237928,2,7888458000,2190927000,5549946000,3694080000,2138512000,200000000,0,0,801455000,942937000,118533000,118533000,0.79,None,0.345,215351000,-138330000,-72461000,4276000,92787000,64986000,24.5,25.75,23.25,0.2823,0.0758,7.17,3.48,12.89,1.46,0.3264,0.3748,0.2711,0.1601,0.47,0.5,0.5931
1996-03-31,149693251,299386502,2,7860043000,2155646000,5551462000,3684848000,2108581000,200000000,0,0,849172000,906265000,106509000,106509000,0.7,None,0.345,114319000,-29812000,-81134000,3159000,88511000,69763000,23.38,25.82,20.94,0.2865,0.0752,7.04,3.38,12.31,1.29,0.3215,0.4027,0.2683,0.161,0.47,0.15,0.585
1995-12-31,149835860,299671720,2,7844648000,2101097000,5573548000,3501576000,2071100000,200000000,0,1995000,1048515000,977108000,112631000,112631000,0.71,None,0.3,191937000,-251547000,9648000,-49805000,85352000,85035000,22.25,24.13,20.38,0.298,0.076,6.91,3.24,11.8,1.12,0.3107,0.5063,0.264,0.164,0.46,0.36,0.6
1995-09-30,151596027,303192054,2,7689475000,2065951000,5406344000,3411156000,2083131000,200000000,0,0,1051016000,876131000,255174000,255174000,1.67,None,0.3,126683000,214732000,-342220000,-1648000,135157000,93813000,20.38,21.69,19.07,0.308,0.0764,6.87,3.28,15.04,0.97,0.3038,0.5045,0.2709,0.1799,0.42,0.11,0.6056
1995-06-30,151516947,303033894,2,7651921000,2128024000,5571268000,3601848000,1880653000,200000000,0,0,1051528000,862603000,109024000,109024000,0.72,None,0.3,127872000,-77233000,-295000,50246000,136805000,72972000,18.72,20,17.44,0.2309,0.0567,6.21,3.15,14.34,0.82,0.4075,0.5591,0.2458,0.1332,0.43,0.18,0.5908
1995-03-31,150996229,301992458,2,7494537000,2103001000,5702153000,4027232000,1792384000,0,0,0,777819000,838912000,106311000,106311000,0.7,None,0.3,62040000,-107464000,56019000,11453000,86559000,85898000,16.75,18.5,15,0.2268,None,5.94,2.9,19.25,0.67,0.4069,0.434,0.2392,0.1262,0.45,-0.08,0.5222
1994-12-31,150905707,301811414,2,7399720000,2083744000,5654651000,3978469000,1745069000,0,0,1994000,779217000,632534000,107084000,107084000,0.68,None,0.26,162997000,-293153000,138471000,10089000,75106000,117888000,16.44,18.25,14.63,0.1522,None,5.78,2.8,None,0.52,0.5906,0.4465,0.2358,0.0838,0.47,0.15,0.5238
1994-09-30,155874794,311749588,2,6971766000,1967563000,5139649000,3466161000,1832117000,0,0,0,803235000,806441000,96027000,96027000,0.61,None,0.26,80383000,-156126000,61227000,-14776000,65017000,80926000,18.44,19.63,17.25,None,None,5.88,3.18,None,0.39,None,0.4384,0.2628,None,None,-0,0.5676
1994-06-30,157536593,315073186,2,6835724000,1968840000,5008111000,3278020000,1827613000,0,0,0,803489000,954861000,98618000,98618000,0.62,None,0.26,93665000,-123637000,13017000,-16273000,79793000,78217000,19.84,21.19,18.5,None,None,5.8,3.49,None,0.26,None,0.4396,0.2674,None,None,0.05,0.6006
1994-03-31,158188833,316377666,2,6743214000,1955357000,4944679000,3107572000,1798535000,0,0,0,945609000,876777000,-27670000,-27670000,-0.17,None,0.26,131384000,51088000,-141022000,41413000,96066000,68562000,21.57,23.19,19.94,None,None,5.68,3.64,None,0.13,None,0.5258,0.2667,None,None,0.2,0.6292
1993-12-31,158164139,316328278,2,6793816000,1936749000,4922221000,3273381000,1871595000,0,0,1993000,847316000,None,None,None,None,None,0,None,None,None,None,54653000,0,20,21.88,18.13,None,None,5.92,None,None,0,None,0.4527,0.2755,None,None,None,0.5917
