"Quarter end","Shares","Shares split adjusted","Split factor","Assets","Current Assets","Liabilities","Current Liabilities","Shareholders equity","Non-controlling interest","Preferred equity","Goodwill & intangibles","Long-term debt","Revenue","Earnings","Earnings available for common stockholders","EPS basic","EPS diluted","Dividend per share","Cash from operating activities","Cash from investing activities","Cash from financing activities","Cash change during period","Cash at end of period","Capital expenditures","Price","Price high","Price low","ROE","ROA","Book value of equity per share","P/B ratio","P/E ratio","Cumulative dividends per share","Dividend payout ratio","Long-term debt to equity ratio","Equity to assets ratio","Net margin","Asset turnover","Free cash flow per share","Current ratio"
2008-06-30,89944301,89944301,1,12348800000,None,8938100000,None,3384900000,25800000,0,0,0,1518000000,149500000,149500000,1.65,1.65,0.4,200200000,90900000,-121400000,169700000,544300000,0,None,None,None,0.1827,0.0501,37.63,None,None,16.99,0.2311,0,0.2741,0.1019,0.49,2.23,None
2008-03-31,89908568,89908568,1,12297200000,None,8947000000,None,3332300000,17900000,0,0,0,1501600000,141800000,141800000,1.57,1.57,0.4,38100000,-2300000,-193200000,-157400000,374600000,0,None,None,None,0.1849,0.0513,37.06,None,None,16.59,0.2259,0,0.271,0.1075,0.48,0.42,None
2007-12-31,89742213,89742213,1,12640400000,None,9226300000,None,3392600000,21500000,0,0,0,1524400000,144500000,144500000,1.63,1.67,0.4,210600000,146200000,-490600000,-133800000,532000000,0,57.79,62.4,53.18,0.1865,0.0526,37.8,1.48,7.86,16.19,0.2071,0,0.2684,0.114,0.46,2.35,None
2007-09-30,94549621,94549621,1,13070500000,None,9363000000,None,3689200000,18300000,0,0,0,1638200000,194400000,194400000,1.93,1.93,0.4,286000000,881400000,-1197100000,-29700000,665800000,0,59.36,64.26,54.46,0.1984,0.0563,39.02,1.52,7.79,15.79,0.1826,0,0.2823,0.1254,0.45,3.02,None
2007-06-30,102554653,102554653,1,13974400000,None,9944500000,None,4015300000,14600000,0,0,0,1539600000,186400000,186400000,1.75,1.75,0.4,227900000,572300000,-397100000,403100000,695500000,0,64,67.32,60.68,0.2064,0.059,39.15,1.66,8.48,15.39,0.1655,0,0.2873,0.1348,0.44,2.22,None
2007-03-31,106181608,106181608,1,14172000000,None,10077000000,None,4083800000,11200000,0,0,0,1506600000,182500000,182500000,1.71,1.71,0.3,38500000,-3000000,-30700000,4800000,292400000,0,63.29,69.15,57.43,0.2106,0.0596,38.46,1.7,8.41,14.99,0.1558,0,0.2882,0.137,0.43,0.36,None
2006-12-31,105567542,105567542,1,14199000000,None,10254800000,None,3927900000,16300000,0,0,0,1532500000,216400000,216400000,1.99,1.96,0.3,253400000,-146400000,-443900000,-336900000,287600000,0,61.36,64.85,57.88,0.218,0.0611,37.21,1.66,8.65,14.69,0.1489,0,0.2766,0.1399,0.44,2.4,None
2006-09-30,115454124,115454124,1,14625100000,None,10355200000,None,4269900000,0,0,0,0,1659900000,255700000,255700000,2.2,2.2,0.3,198600000,-23600000,-96300000,78700000,624500000,0,55.45,59.15,51.75,0.2091,0.0586,36.98,1.64,9.75,14.39,0.1524,0,0.292,0.1345,0.44,1.72,None
2006-06-30,116357002,116357002,1,14338300000,None,10393500000,None,3944800000,0,0,0,0,1536000000,199700000,199700000,1.68,1.68,0.3,197900000,195900000,-224600000,169200000,545800000,0,53.27,57.44,49.09,0.1741,0.048,33.9,1.59,9.74,14.09,0.1807,0,0.2751,0.1115,0.43,1.7,None
2006-03-31,119195698,119195698,1,14426600000,None,10424900000,None,4001700000,0,0,0,0,1561500000,208200000,208200000,1.71,1.69,0.25,79700000,30300000,-289700000,-179700000,376600000,0,54.5,58.86,50.14,0.168,0.0467,33.57,1.63,10.04,13.79,0.1786,0,0.2774,0.1085,0.43,0.67,None
2005-12-31,123273975,123273975,1,14887000000,None,10762400000,None,4124600000,0,0,0,0,1594300000,190700000,190700000,1.54,1.52,0.25,280600000,-15000000,-52600000,213000000,556300000,0,56.78,58.34,55.22,0.1691,0.0469,33.46,1.75,10.71,13.54,0.1751,0,0.2771,0.1088,0.43,2.28,None
2005-09-30,123537417,123537417,1,14652800000,None,10645200000,None,4007600000,0,0,0,0,1585600000,101100000,101100000,0.81,0.8,0.25,259400000,-26400000,-269700000,-36700000,343300000,0,53.66,56.21,51.11,0.1685,0.0464,32.44,1.59,14.35,13.29,0.1737,0,0.2735,0.1074,0.43,2.1,None
2005-06-30,125083168,125083168,1,14939500000,None,10710800000,None,4228700000,0,0,0,0,1590700000,187300000,187300000,1.47,1.46,0.25,318400000,-262300000,-30900000,25200000,380000000,0,53.81,56.06,51.57,0.1205,0.0326,33.81,1.72,13.29,13.04,0.241,0,0.2831,0.0757,0.43,2.55,None
2005-03-31,127476794,127476794,1,14486800000,None,10497200000,None,3989600000,0,0,0,0,1580500000,212000000,212000000,1.67,1.65,0.22,162700000,-41200000,-18600000,102900000,354800000,0,48.86,52.28,45.43,0.129,0.0269,31.3,1.58,11.95,12.79,0.2038,0,0.2754,0.0857,0.31,1.28,None
2004-12-31,127175344,127175344,1,14586100000,None,10665200000,None,3920900000,0,0,0,0,1574400000,179800000,179800000,1.41,1.39,0.22,245400000,-295800000,-25300000,-75700000,251900000,0,49.17,52.64,45.7,0.1234,0.022,30.83,1.67,12.67,12.57,0.191,0,0.2688,0.0908,0.24,1.93,None
2004-09-30,126830466,126830466,1,14665700000,None,10941500000,None,3724200000,0,0,0,0,1566900000,-101100000,-101100000,-0.77,-0.76,0.22,-71000000,912600000,-972300000,-130700000,327600000,0,47.14,49.39,44.89,0.1135,0.0177,29.36,1.3,10.64,12.35,0.4411,0,0.2539,0.0836,0.21,-0.56,None
2004-06-30,139143594,139143594,1,36303300000,None,31251900000,None,5051400000,0,0,0,0,1555800000,247500000,247500000,1.78,1.77,0.185,None,None,None,63200000,382100000,0,43.75,46,41.51,0.1209,0.0171,36.3,1.1,12.61,12.13,0.3862,0,0.1391,0.0916,0.19,None,None
2004-03-31,139309813,139309813,1,36915700000,None,31381000000,None,5534700000,0,0,0,0,1498300000,236200000,236200000,1.7,1.69,0.185,331900000,-10300000,-206800000,76100000,317500000,0,41.97,45.99,37.95,0.094,0.0134,39.73,1.16,17.27,11.94,0.4938,0,0.1499,0.0684,0.2,2.38,None
2003-12-31,139028980,139028980,1,35845100000,None,30821800000,None,5023300000,0,0,0,0,1944800000,166200000,166200000,1.2,1.18,1.17,533900000,-510400000,-93500000,-70000000,197400000,0,35.72,38.94,32.5,0.069,0.0094,36.13,1,21.14,11.76,0.7061,0,0.1401,0.0461,0.2,3.84,None
2003-09-30,138562607,138562607,1,35839100000,None,30905700000,None,4933400000,0,0,0,0,1780000000,-28900000,-28900000,-0.21,-0.21,0.185,492100000,-424600000,700000,68200000,267400000,0,36.06,38.87,33.25,0.0482,0.0065,35.6,0.97,14.48,10.59,0.4481,0,0.1377,0.0321,0.2,3.55,None
2003-06-30,138482061,138482061,1,36593300000,None,30595000000,None,5154300000,844000000,0,0,0,1871000000,111900000,111900000,0.81,0.81,0.185,356500000,-235200000,-137400000,-16100000,199200000,0,36.8,39.75,33.85,0.0734,0.0095,37.22,1.12,14.72,10.4,0.3026,0,0.1409,0.0465,0.2,2.57,None
2003-03-31,138384390,138384390,1,35446100000,None,30040200000,None,4562000000,843900000,0,0,0,1762300000,90000000,90000000,0.65,0.65,0.185,182700000,-365300000,209400000,26800000,215300000,0,35.59,39.39,31.78,0.0782,0.0096,32.97,1.11,15.14,10.22,0.3027,0,0.1287,0.046,0.21,1.32,None
2002-12-31,138216691,138216691,1,34656000000,None,29380600000,None,4431600000,843800000,0,0,0,1759600000,57100000,57100000,0.44,0.44,0.19,265000000,-573100000,315300000,7200000,188500000,0,34.36,37.98,30.75,0.0768,0.0091,32.06,1.08,17.44,10.03,0.3227,0,0.1279,0.0426,0.21,1.92,None
2002-09-30,127743059,127743059,1,33742900000,None,28841000000,None,4058200000,843700000,0,0,0,1794600000,75200000,75200000,0.59,0.59,0.185,254900000,-320000000,120300000,55200000,181300000,0,29.19,34.89,23.49,0.0679,0.0079,31.77,1.01,49.47,9.84,0.5589,0,0.1203,0.036,0.22,2,None
2002-06-30,127791131,127791131,1,32534800000,None,27996700000,None,3694500000,843600000,0,0,0,1798300000,105200000,105200000,0.82,0.82,0.185,180700000,-420300000,81000000,-158600000,126100000,0,32.73,35.93,29.52,0.0211,0.0025,28.91,1.2,None,9.66,1.5306,0,0.1136,0.0111,0.22,1.41,None
2002-03-31,127805773,127805773,1,31870700000,None,27538600000,None,3488600000,843500000,0,145500000,0,1712600000,63600000,63600000,0.5,0.5,0.185,153300000,-122800000,-15100000,15400000,284700000,0,31.76,34.64,28.87,-0.0117,-0.0014,27.3,1.12,None,9.47,None,0,0.1095,None,0.23,1.2,None
2001-12-31,127760084,127760084,1,30092500000,None,25614500000,None,3634600000,843400000,0,95000000,0,1705800000,8600000,8600000,0.06,0.06,0.55,137200000,120600000,12800000,117600000,269300000,0,30.55,32.94,28.16,-0.2642,-0.0336,28.45,1.04,None,9.29,None,0,0.1208,None,0.23,1.07,None
2001-09-30,127770630,127770630,1,29832100000,None,25224500000,None,3764300000,843300000,0,98300000,0,1708100000,-100600000,-100600000,-0.79,-0.79,0,281600000,-1315500000,161700000,-27700000,151700000,0,28.4,31.87,24.93,-0.2464,-0.0331,29.46,0.98,None,8.74,None,0,0.1262,None,0.23,2.2,None
2001-06-30,127770463,127770463,1,29025500000,None,24485500000,None,3696800000,843200000,0,94000000,0,1715700000,-14400000,-14400000,-0.12,-0.12,0,53700000,168200000,-200400000,-67800000,179400000,0,27.91,30.65,25.17,-0.2033,-0.0279,28.93,0.92,None,8.74,None,0,0.1274,None,0.23,0.42,None
2001-03-31,127746347,127746347,1,28975400000,None,24254300000,None,3878000000,843100000,0,91200000,0,1732900000,-882800000,-882800000,-6.91,-6.91,0.185,56300000,667700000,-389100000,60900000,247200000,0,27.07,32.63,21.5,-0.1871,-0.026,30.36,0.74,30.08,8.74,None,0,0.1338,None,0.23,0.44,None
2000-12-31,127649087,127649087,1,31511500000,None,25972700000,None,4695800000,843000000,0,1307400000,0,1780100000,10200000,10200000,0.08,0.08,1.11,213000000,312500000,-494600000,30900000,196200000,0,29.31,35.69,22.94,0.0263,0.0037,36.79,0.87,25.05,8.55,1.6484,0,0.149,0.0161,0.23,1.67,None
2000-09-30,127634407,127634407,1,31265300000,None,26133300000,None,4289100000,842900000,0,1336400000,0,1808600000,45500000,45500000,0.36,0.36,0,203100000,15800000,-148000000,70900000,165300000,0,24.22,27.63,20.81,0.0349,0.0048,33.6,0.74,26.04,7.44,1.2422,0,0.1372,0.0211,0.23,1.59,None
2000-06-30,127629632,127629632,1,31182100000,None,26144500000,None,4194800000,842800000,0,1331000000,0,1768000000,29100000,29100000,0.23,0.23,0,127500000,-44700000,-93700000,-10900000,94400000,0,23.09,26.31,19.88,0.0276,0.0039,32.87,0.69,18.62,7.44,1.5696,0,0.1345,0.0173,0.22,1,None
2000-03-31,127617967,127617967,1,31134300000,None,26021200000,None,4270400000,842700000,0,1340800000,0,1761700000,29800000,29800000,0.23,0.23,0.37,115000000,-268800000,146800000,-7000000,105300000,0,22.56,26.56,18.56,0.0362,0.0053,33.46,0.68,12,7.44,1.1472,0,0.1372,0.024,0.22,0.9,None
1999-12-31,128739419,128739419,1,30572700000,None,25436100000,None,4294100000,842500000,0,1354900000,0,1712300000,44500000,44500000,0.35,0.35,1.07,236800000,-353600000,142200000,25400000,112300000,0,26.25,30.5,22,0.0524,0.0082,33.35,0.75,11.72,7.07,0.7457,0,0.1405,0.0375,0.22,1.84,None
1999-09-30,130012454,130012454,1,30284200000,None,24883900000,None,4557900000,842400000,0,1320700000,0,1672200000,16100000,16100000,0.11,0.12,0.02,68100000,58900000,-189100000,-62100000,86900000,0,35.65,44.38,26.91,0.0592,0.0099,35.06,0.94,13.5,6,0.6095,0,0.1505,0.0457,0.22,0.52,None
1999-06-30,131528092,131528092,1,30833100000,None,25022300000,None,4968500000,842300000,0,1334000000,0,1666300000,73100000,73100000,0.55,0.54,0,381300000,-184100000,-184800000,12400000,149000000,0,42.56,46.44,38.69,0.0674,0.0118,37.78,1.07,16.43,5.98,0.5148,0,0.1611,0.055,0.21,2.9,None
1999-03-31,136327641,136327641,1,31067300000,None,24791800000,None,5433300000,842200000,0,1348200000,0,1666300000,118500000,118500000,0.87,0.87,0.35,76800000,-136000000,120900000,61700000,136600000,0,40.38,43.38,37.38,0.0646,0.0117,39.85,0.99,16.09,5.98,0.5204,0,0.1749,0.0549,0.21,0.56,None
1998-12-31,136279790,136279790,1,30891700000,None,24473800000,None,5575800000,842100000,0,1359000000,0,1639600000,96200000,96200000,0.71,0.71,0.99,210000000,-141500000,-48600000,19900000,74900000,0,42.84,45.81,39.88,0.0628,0.0115,40.91,1.05,17.56,5.63,0.5234,0,0.1805,0.0545,0.21,1.54,None
1998-09-30,136256423,136256423,1,30560900000,None,24167300000,None,5551600000,842000000,0,1335900000,0,1626700000,74900000,74900000,0.53,0.52,0.03,115000000,-173700000,57300000,-1400000,55000000,0,44.69,48.75,40.63,0.0601,0.0111,40.74,1.11,15.52,4.64,0.526,0,0.1817,0.0527,0.21,0.84,None
1998-06-30,141225536,141225536,1,30292400000,None,23781300000,None,5669200000,841900000,0,1345400000,0,1600100000,69200000,69200000,0.49,0.49,0,177100000,-152100000,-90900000,-65900000,56400000,0,48.97,54.81,43.13,0.0716,0.0134,40.14,1.23,14.75,4.61,0.4619,0,0.1871,0.0653,0.2,1.25,None
1998-03-31,141187820,141187820,1,30342800000,None,23886100000,None,5614900000,841800000,0,1324100000,0,1585700000,111600000,111600000,0.79,0.79,0.32,155500000,-498400000,73800000,-269100000,122300000,0,50.63,55,46.25,0.0858,0.0164,39.77,1.31,14.85,4.61,0.4103,0,0.185,0.0815,0.2,1.1,None
1997-12-31,141180121,141180121,1,29467800000,None,23164400000,None,5461700000,841700000,0,1332600000,0,1551100000,79500000,79500000,0.64,None,0.9,217700000,19100000,62300000,299100000,391400000,0,50.27,54.47,46.06,0.0933,0.0181,38.69,1.54,13.93,4.29,0.3905,0,0.1853,0.0913,0.2,1.54,None
1997-09-30,141148266,141148266,1,24244800000,None,18810400000,None,4592800000,841600000,0,0,0,1111894000,121763000,121763000,0.96,None,0.03,246121000,-2803017000,2568697000,11801000,92300000,0,50.03,54.25,45.81,0.1069,0.0214,32.54,1.45,14.01,3.39,0.3162,0,0.1894,0.1093,0.2,1.74,None
1997-06-30,126343401,126343401,1,21051021000,None,16680388000,None,4370633000,0,0,0,0,1031320000,117212000,117212000,0.93,None,0,177100000,-326629000,181261000,31732000,80497000,0,43.83,48.91,38.75,0.11,0.0225,34.59,1.38,12.59,3.36,0.3165,0,0.2076,0.1111,0.2,1.4,None
1997-03-31,126315553,126315553,1,20069349000,None,16059693000,None,4009656000,0,0,0,0,1014986000,111525000,111525000,0.88,None,0.29,69979000,-312454000,235742000,-6733000,48765000,0,39.91,43.06,36.75,0.1113,0.0226,31.74,1.22,11.47,3.36,0.3246,0,0.1998,0.1099,0.21,0.55,None
1996-12-31,126322327,126322327,1,19917673000,None,15802333000,None,4115340000,0,0,0,0,1019247000,106279000,106279000,0.84,None,0.82,214666000,-368591000,152170000,-1755000,55498000,0,38.41,41.63,35.19,0.1128,0.023,32.58,1.24,10.76,3.07,0.3178,0,0.2066,0.1107,0.21,1.7,None
1996-09-30,126055213,126055213,1,19283699000,None,15373740000,None,3909959000,0,0,0,0,992499000,115986000,115986000,0.92,None,0.02,231959000,-338090000,117759000,11628000,57253000,0,33.75,35.5,32,0.1163,0.0239,31.02,1.13,9.48,2.25,0.2934,0,0.2028,0.1151,0.21,1.84,None
1996-06-30,126050278,126050278,1,18727198000,None,14956138000,None,3771060000,0,0,0,0,976021000,105983000,105983000,0.84,None,0,156243000,-252116000,90568000,-5305000,45625000,0,33.13,35.38,30.88,0.1183,0.0243,29.92,1.11,9.37,2.23,0.2941,0,0.2014,0.1162,0.21,1.24,None
1996-03-31,126033341,126033341,1,18494887000,None,14720982000,None,3773905000,0,0,0,0,977602000,110703000,110703000,0.88,None,0.265,81465000,-119430000,23418000,-14547000,50930000,0,36.16,39.19,33.13,0.1199,0.0245,29.94,1.14,11.39,2.23,0.2963,0,0.2041,0.1169,0.21,0.65,None
1995-12-31,125998253,125998253,1,18767843000,None,14785197000,None,3982646000,0,0,0,0,955078000,116193000,116193000,0.93,None,0.76,146456000,-435797000,299478000,10137000,65477000,0,34.44,37.63,31.25,0.1121,0.0225,31.61,1.2,11.46,1.97,0.3237,0,0.2122,0.1072,0.21,1.16,None
1995-09-30,62984415,125968830,2,17778811000,None,14168429000,None,3610382000,0,0,0,0,944289000,114857000,114857000,1.82,None,0.04,202221000,-55932000,-149008000,-2719000,55340000,0,30.81,33.56,28.06,0.1158,0.0222,28.66,1.12,11.54,1.21,0.3194,0,0.2031,0.1029,0.22,1.61,None
1995-06-30,62992338,125984676,2,17548122000,None,14085394000,None,3462728000,0,0,0,0,925790000,102699000,102699000,1.63,None,0,212234000,-262188000,61198000,11244000,58059000,0,28.5,29.75,27.25,0.1085,0.0203,27.49,1.13,11.09,1.19,0.3596,0,0.1973,0.0924,0.22,1.68,None
1995-03-31,62978743,125957486,2,16870645000,None,13693070000,None,3177575000,0,0,0,0,897527000,65210000,65210000,1.04,None,0.49,141225000,-498983000,341069000,-16689000,46815000,0,26.59,27.94,25.25,0.1089,None,25.23,1.18,10.66,1.19,0.3736,0,0.1883,0.0905,0.22,1.12,None
1994-12-31,62961710,125923420,2,15901729000,None,13072250000,None,2829479000,0,0,0,0,912869000,95787000,95787000,1.52,None,1.39,238395000,-324412000,102174000,16157000,63504000,0,24.84,26,23.69,0.1066,None,22.47,1.07,None,0.94,0.3765,0,0.1779,0.0889,0.23,1.89,None
1994-09-30,62995413,125990826,2,15805235000,None,12880147000,None,2925088000,0,0,0,0,901796000,72512000,72512000,1.15,None,0.04,242753000,-298344000,63528000,7937000,47347000,0,27.13,29.44,24.82,None,None,23.22,1.16,None,0.24,None,0,0.1851,None,None,1.93,None
1994-06-30,62982453,125964906,2,15541667000,None,12585410000,None,2956257000,0,0,0,0,864583000,90049000,90049000,1.43,None,0,187540000,-219348000,30067000,-1741000,39410000,0,27.41,29.82,25,None,None,23.47,1.12,None,0.23,None,0,0.1902,None,None,1.49,None
1994-03-31,62965914,125931828,2,15629373000,None,12545155000,None,3084218000,0,0,0,0,857825000,56026000,56026000,0.89,None,0.45,84333000,-216285000,105270000,-26682000,41151000,0,28,29.63,26.38,None,None,24.49,1.27,None,0.23,None,0,0.1973,None,None,0.67,None
1993-12-31,62943607,125887214,2,14807291000,None,12032900000,None,2774391000,0,0,0,0,None,None,None,None,None,0,None,None,None,None,67833000,0,29.84,32.69,27,None,None,22.04,None,None,0,None,0,0.1874,None,None,None,None
