"Quarter end","Shares","Shares split adjusted","Split factor","Assets","Current Assets","Liabilities","Current Liabilities","Shareholders equity","Non-controlling interest","Preferred equity","Goodwill & intangibles","Long-term debt","Revenue","Earnings","Earnings available for common stockholders","EPS basic","EPS diluted","Dividend per share","Cash from operating activities","Cash from investing activities","Cash from financing activities","Cash change during period","Cash at end of period","Capital expenditures","Price","Price high","Price low","ROE","ROA","Book value of equity per share","P/B ratio","P/E ratio","Cumulative dividends per share","Dividend payout ratio","Long-term debt to equity ratio","Equity to assets ratio","Net margin","Asset turnover","Free cash flow per share","Current ratio"
2019-06-30,270048477,270048477,1,3393200000,1119400000,3107600000,437400000,285600000,0,0,0,2104500000,743200000,160800000,160800000,0.59,0.57,0.06,262300000,-166800000,-150100000,-53000000,377200000,165400000,9.77,11.07,8.46,None,0.3552,1.06,10.51,2.52,7.38,0.0379,7.3687,0.0842,0.5203,0.68,0.36,2.5592
2019-03-31,282845060,282845060,1,3306300000,1126000000,3044600000,394000000,261700000,0,0,0,2087000000,157000000,-22100000,-22100000,-0.08,-0.08,0.05,-111200000,-125600000,-157800000,-393000000,430200000,135500000,9.85,12.26,7.44,None,0.3659,0.93,6.79,2.69,7.32,0.0242,7.9748,0.0792,0.5289,0.69,-0.87,2.8579
2018-12-31,292607474,292607474,1,3529600000,1479600000,3105400000,468200000,424200000,0,0,0,2092900000,637300000,609500000,609500000,2.07,1.99,0.05,289800000,-99400000,-267500000,-77100000,823200000,207400000,10.17,12.94,7.4,None,0.359,1.45,None,3.77,7.27,0.013,4.9338,0.1202,0.4837,0.74,0.28,3.1602
2018-09-30,298018441,298018441,1,3125000000,1650600000,3211200000,380700000,-86200000,0,0,0,2300000000,741800000,437800000,437800000,1.47,1.41,0,238000000,-73900000,-82000000,80800000,897100000,76400000,10.61,13.1,8.11,None,0.2763,-0.29,None,7.22,7.22,0,None,None,0.3608,0.77,0.54,4.3357
2018-06-30,297953281,297953281,1,3051500000,1546900000,3357800000,474900000,-306300000,0,0,0,2297000000,714300000,165100000,165100000,0.55,0.55,0,93600000,-28400000,-18700000,45300000,802500000,-30600000,7.9,9.14,6.65,None,0.1646,-1.03,None,7.75,7.22,0,None,None,0.1971,0.83,0.42,3.2573
2018-03-31,297733061,297733061,1,2862900000,1412400000,3347700000,424900000,-485000000,200000,0,0,2308200000,239000000,-84300000,-84300000,-0.29,-0.29,0,-142900000,-71400000,-7000000,-221100000,786600000,130400000,7.72,9.15,6.3,None,0.1273,-1.63,None,6.43,7.22,0,None,None,0.1475,0.86,-0.92,3.3241
2017-12-31,297400968,297400968,1,2953400000,1544600000,3397500000,452200000,-444300000,200000,0,0,2304200000,600900000,309900000,309900000,1.06,1.03,0,131400000,-71600000,687500000,746900000,1007700000,145600000,6.67,7.73,5.6,None,0.1662,-1.49,None,13.34,7.22,0,None,None,0.1575,1.06,-0.05,3.4157
2017-09-30,296510023,296510023,1,1923300000,791100000,2756400000,417500000,-833300000,200000,0,0,1689400000,698400000,53400000,53400000,0.18,0.18,0,138900000,-36100000,-164800000,-60700000,260800000,59000000,7.61,8.77,6.45,None,0.0698,-2.81,None,38.05,7.22,0,None,None,0.0548,1.27,0.27,1.8949
2017-06-30,296506003,296506003,1,2030100000,908300000,2696800000,413300000,-789100000,122400000,0,0,1611800000,569300000,31800000,31800000,0.1,0.1,0,92900000,-20900000,-46800000,26200000,321500000,43000000,7.31,9.06,5.56,None,0.0298,-2.66,None,43,7.22,0,None,None,0.0244,1.22,0.17,2.1977
2017-03-31,296401897,296401897,1,1925700000,813200000,2628700000,309300000,-830100000,127100000,0,53600000,1642900000,461600000,-28100000,-28100000,-0.11,-0.11,0,-25100000,-27400000,23000000,-28100000,295300000,55800000,10.04,12.37,7.7,None,0.0203,-2.8,None,11.16,7.22,0,None,None,0.0168,1.21,-0.27,2.6292
2016-12-31,233074091,233074091,1,1923900000,824600000,3254400000,391100000,-1464300000,133800000,0,55800000,2175100000,754000000,79100000,79100000,0.35,0.33,0,230900000,-18400000,-20400000,191200000,323400000,23300000,7.91,10.9,4.91,None,0.0937,-6.28,None,43.94,7.22,0,None,None,0.0826,1.13,0.89,2.1084
2016-09-30,230599846,230599846,1,1772900000,699600000,3173400000,323500000,-1544300000,143800000,0,56900000,2195900000,553300000,-25800000,-25800000,-0.12,-0.12,0,91400000,-25200000,-43500000,24000000,132200000,25600000,6.82,8.45,5.19,None,0.0182,-6.7,None,34.1,7.22,0,None,None,0.019,0.96,0.29,2.1626
2016-06-30,183870057,183870057,1,1851000000,779200000,3529900000,376100000,-1830700000,151800000,0,57800000,2489700000,496200000,12800000,12800000,0.07,0.07,0,107200000,-9400000,-49100000,48300000,108200000,9800000,4.3,5.83,2.77,None,0.0349,-9.96,None,8.27,7.22,0,None,None,0.0243,0.92,0.53,2.0718
2016-03-31,181923985,181923985,1,1886300000,792000000,3583000000,439800000,-1859400000,162700000,0,59100000,2499100000,305500000,108000000,108000000,0.62,0.62,0,-126500000,-4900000,-93400000,-225300000,59900000,10400000,2.48,3.75,1.2,None,0.0532,-10.22,None,None,7.22,0,None,None,0.0496,0.84,-0.75,1.8008
2015-12-31,180111831,180111831,1,2135500000,982700000,3947100000,581700000,-1981400000,169800000,0,60200000,2699400000,476000000,-60300000,-60300000,-0.39,-0.39,0,97400000,-46000000,-37200000,15000000,285200000,22900000,2.58,3.73,1.42,None,-0.3084,-11,None,None,7.22,None,None,None,None,0.83,0.41,1.6894
2015-09-30,153422672,153422672,1,2271500000,1075900000,4031000000,669900000,-1932000000,172500000,0,60900000,2721600000,593200000,10600000,-15000000,-0.1,-0.1,0,188700000,-23200000,-170200000,-6000000,270200000,23500000,3.41,4.53,2.28,None,-0.7348,-12.59,None,None,7.22,None,None,None,None,1.05,1.08,1.6061
2015-06-30,153404804,153404804,1,2609400000,1382200000,4349600000,758400000,-1923800000,183600000,0,62300000,2887400000,498100000,60200000,60200000,0.39,0.39,0,-20000000,-18300000,-41600000,-79500000,276200000,18500000,5.57,6.87,4.27,None,-2.3675,-12.54,None,None,7.22,None,None,None,None,1.06,-0.25,1.8225
2015-03-31,153279552,153279552,1,2702600000,1524400000,4484700000,846500000,-1995700000,213600000,0,63200000,2880900000,446000000,-759800000,-772600000,-5.04,-4.26,0,-228200000,-15700000,310000000,64800000,355700000,15900000,6.76,9.39,4.12,None,-1.3311,-13.02,None,None,7.22,None,None,None,None,0.69,-1.59,1.8008
2014-12-31,153279552,153279552,1,3164000000,1448900000,4898300000,958600000,-1431300000,-303000000,0,64700000,2962300000,1284700000,-1285200000,-1298000000,-8.47,-8.47,0.15,254900000,104300000,-305700000,46900000,290900000,50900000,8.66,11.7,5.63,None,-0.843,-9.34,43.3,None,7.22,None,None,None,None,0.54,1.33,1.5115
2014-09-30,153195289,153195289,1,4811200000,1360600000,4988500000,1118300000,30700000,-208000000,0,79400000,3012500000,1298200000,-5879600000,-5892400000,-38.49,-38.49,0.15,227900000,-59600000,-273300000,-115900000,244000000,68900000,14.3,18.41,10.19,None,-0.5331,0.2,0.36,37.63,7.07,None,98.127,0.0064,None,0.44,1.04,1.2167
2014-06-30,153182488,153182488,1,13102400000,1663800000,6272800000,1037500000,6027600000,802000000,0,170200000,3293000000,1100800000,10900000,-1900000,-0.01,-0.01,0.15,-41900000,-57600000,92800000,-4100000,359900000,61000000,17.43,21.25,13.6,0.0083,0.0076,39.35,0.44,14.4,6.92,1.8525,0.5463,0.46,0.0097,0.39,-0.67,1.6037
2014-03-31,153181056,153181056,1,13202800000,1672300000,6367200000,1043100000,6019500000,816100000,0,171100000,3194800000,940000000,-70300000,-83100000,-0.54,-0.54,0.15,-82000000,-90700000,197900000,28500000,364000000,103300000,22.02,26.63,17.4,0.0314,0.0177,39.3,0.56,9.14,6.77,0.4977,0.5307,0.4559,0.0336,0.41,-1.21,1.6032
2013-12-31,153087255,153087255,1,13121900000,1560000000,6237600000,1085500000,6069500000,814800000,0,169900000,3022600000,1515800000,43300000,30300000,0.19,0.27,0.15,460000000,-76900000,-333900000,36700000,335500000,119400000,24.43,28.98,19.88,0.0629,0.0306,39.65,0.65,None,6.62,0.2518,0.498,0.4625,0.0641,0.42,2.22,1.4371
2013-09-30,153124101,153124101,1,13566700000,1669600000,6632100000,1060500000,5779700000,1154900000,0,269400000,3319600000,1546600000,117200000,104300000,0.68,0.66,0.15,297000000,-234100000,-31300000,35500000,298800000,241000000,20.68,25.95,15.41,-0.2361,-0.0915,37.75,0.56,None,6.47,None,0.5744,0.426,None,0.41,0.37,1.5744
2013-06-30,153125504,153125504,1,13594900000,1665900000,6811100000,1154600000,5631200000,1152600000,0,272200000,3323300000,1488500000,146000000,133100000,0.87,0.82,0.15,414300000,-271900000,-152600000,-23900000,263300000,270800000,19.63,23.75,15.5,-0.2337,-0.091,36.78,0.53,None,6.32,None,0.5902,0.4142,None,0.4,0.94,1.4428
2013-03-31,153095713,153095713,1,13821900000,1823900000,6962900000,1101400000,5704600000,1154400000,0,292100000,3433000000,1140500000,107000000,97100000,0.66,0.66,0.15,-25400000,-228400000,345900000,92000000,287200000,230400000,29.17,40.4,17.95,-0.2052,-0.0807,37.26,0.9,None,6.17,None,0.6018,0.4127,None,0.4,-1.67,1.656
2012-12-31,142506400,142506400,1,13574900000,1650000000,7814000000,1381500000,4632700000,1128200000,0,296400000,4713700000,1437100000,-1618300000,-1618300000,-11.36,-11.36,0.62,239000000,-177100000,92400000,155700000,195200000,333900000,37.27,46.5,28.05,-0.1537,-0.061,32.51,0.84,5.81,6.02,None,1.0175,0.3413,None,0.4,-0.67,1.1944
2012-09-30,142496147,142496147,1,15296800000,1665400000,7607600000,1714300000,6336800000,1352400000,0,1301000000,3514300000,1544900000,85100000,85100000,0.6,0.59,0.63,308300000,-263800000,-164400000,-119700000,39500000,276600000,41.57,50.89,32.25,0.1494,0.0612,44.47,0.94,4.2,5.4,0.2825,0.5546,0.4143,0.1504,0.41,0.22,0.9715
2012-06-30,142492567,142492567,1,15194300000,1742600000,7586800000,1534300000,6295000000,1312500000,0,1304000000,3614100000,1626000000,258000000,258000000,1.81,1.81,0.63,96200000,-268900000,212800000,36900000,159200000,275900000,58,71.6,44.4,0.2375,0.0971,44.18,1.35,5.27,4.77,0.1473,0.5741,0.4143,0.2123,0.46,-1.26,1.1358
2012-03-31,142479076,142479076,1,14893300000,1587300000,7459400000,1384600000,6140000000,1293900000,0,1309900000,3588400000,1264700000,375800000,375800000,2.64,2.63,0.28,-129000000,-252000000,-21200000,-399300000,122300000,241100000,69.13,78.85,59.4,0.271,0.1102,43.09,1.7,6.02,4.14,0.0892,0.5844,0.4123,0.2286,0.48,-2.6,1.1464
2011-12-31,142013534,142013534,1,14541700000,1790700000,7502000000,1493300000,5785000000,1254700000,0,1299100000,5477900000,1662500000,198500000,198500000,1.41,1.38,0.28,743100000,-385800000,-391500000,-23500000,521600000,401800000,60.84,74.38,47.31,0.3037,0.1267,40.74,1.52,4.75,3.86,0.0736,0.9469,0.3978,0.2383,0.53,2.4,1.1992
2011-09-30,143011700,143011700,1,13945300000,1904800000,7093500000,1299400000,5723400000,1128400000,0,1387000000,4810700000,2142800000,589500000,589500000,4.09,4.07,0.28,820700000,-197800000,-292800000,307000000,545100000,234400000,76.54,102,51.08,0.3691,0.1614,40.02,2.02,7.02,3.58,0.055,0.8405,0.4104,0.2705,0.6,4.1,1.4659
2011-06-30,146016897,146016897,1,13671700000,1688300000,7151700000,1191000000,5546200000,973800000,0,1386800000,3903900000,1805800000,407700000,407700000,2.93,2.92,0.14,618100000,-4683400000,2032000000,-2029600000,238100000,178800000,91.43,102.48,80.37,0.3501,0.1597,37.98,2.9,9.23,3.3,0.0517,0.7039,0.4057,0.2574,0.62,3.01,1.4175
2011-03-31,135649021,135649021,1,8952300000,3713900000,4678400000,1107200000,4273000000,900000,0,369000000,2417500000,1183200000,423400000,423400000,3.12,3.11,0.14,106900000,-37400000,627400000,701000000,2267700000,65700000,90.39,101.62,79.15,0.3709,0.1834,31.5,3.18,12.07,3.16,0.0562,0.5658,0.4773,0.2599,0.71,0.3,3.3543
2010-12-31,135462509,135462509,1,7778200000,2583700000,3939500000,1028700000,3845900000,-7200000,0,372300000,1713100000,1480400000,368300000,368300000,2.72,2.7,0.14,689000000,-75100000,-25000000,597300000,1566700000,116800000,71.17,80.4,61.93,0.3111,0.1568,28.39,2.81,12.69,3.02,0.0674,0.4454,0.4944,0.2178,0.72,4.22,2.5116
2010-09-30,135459499,135459499,1,7078900000,2022900000,3627600000,690000000,3436900000,14400000,0,378500000,1713000000,1346000000,297400000,297400000,2.2,2.18,0.14,395300000,-935400000,964900000,441900000,969400000,87100000,56.52,68.83,44.2,0.2573,0.1328,25.37,2.55,14.57,2.88,0.0815,0.4984,0.4855,0.1889,0.7,2.28,2.9317
2010-06-30,135441226,135441226,1,5636300000,1630600000,2645400000,714300000,2999800000,-8900000,0,258000000,725000000,1184300000,260700000,260700000,1.93,1.92,0.14,169000000,-162300000,-26500000,-22900000,527500000,44100000,61.28,76.17,46.4,0.1934,0.1026,22.15,2.93,26.41,2.74,0.0925,0.2417,0.5322,0.1559,0.66,0.92,2.2828
2010-03-31,135431974,135431974,1,5531900000,1470500000,2705700000,746300000,2830300000,-4100000,0,270900000,725000000,671500000,93500000,93500000,0.69,0.69,0.0875,66700000,-194900000,174200000,47700000,550400000,18900000,56.54,73.95,39.13,0.1219,0.0645,20.9,3.01,36.24,2.6,0.1127,0.2562,0.5116,0.1201,0.54,0.35,1.9704
2009-12-31,135224028,135224028,1,4639300000,1161200000,2102300000,570400000,2542800000,-5800000,0,189400000,325000000,820500000,108400000,108200000,0.83,0.82,0.09,191100000,-29700000,-20000000,142800000,502700000,20500000,38.73,48.41,29.05,0.0917,0.047,18.8,2.11,32.01,2.52,0.1589,0.1278,0.5481,0.0876,0.54,1.26,2.0358
2009-09-30,130975068,130975068,1,4511200000,1016300000,2104300000,560000000,2405700000,1200000,0,189300000,525000000,666400000,58800000,58800000,0.45,0.45,0.04,154900000,-69600000,-2800000,85300000,359900000,35300000,27.51,35.57,19.44,0.0741,0.0356,18.37,1.59,11.61,2.43,0.2329,0.2182,0.5333,0.062,0.58,0.91,1.8148
2009-06-30,130992512,130992512,1,4296400000,949200000,2030900000,540400000,2265100000,400000,0,115100000,525000000,390300000,45500000,45500000,0.36,0.36,0.04,-115500000,-48800000,333600000,177300000,274600000,30100000,24.66,32.14,17.18,0.1436,0.0637,17.29,1.61,5.38,2.39,0.1493,0.2318,0.5272,0.0902,0.71,-1.11,1.7565
2009-03-31,113725151,113725151,1,4025800000,792500000,2281800000,780600000,1737600000,6400000,0,107400000,325000000,464800000,-7600000,-7400000,-0.07,-0.07,0.0875,-44800000,-31200000,-6500000,-81700000,97300000,30400000,22.14,32.48,11.8,0.2882,0.1192,15.28,1.44,4.6,2.35,0.0895,0.187,0.4316,0.1373,0.87,-0.66,1.0152
2008-12-31,113527411,113527411,1,4111100000,861700000,2357100000,844900000,1750500000,3500000,0,109600000,0,916400000,54000000,54200000,0.48,0.47,0.13,271000000,-422400000,-20800000,-209300000,179000000,34800000,33.52,53.3,13.73,0.3253,0.1308,15.42,2.25,6.42,2.26,0.0738,0,0.4258,0.1426,0.92,2.08,1.0199
2008-09-30,113502463,113502463,1,4309200000,1212200000,2551500000,1143800000,1688300000,69400000,0,112800000,0,1189700000,174900000,174900000,1.67,1.61,0.0875,499300000,-216000000,-171900000,67900000,388300000,88600000,80.13,118.1,42.16,0.3853,0.1508,14.87,5.2,19.29,2.13,0.0526,0,0.3918,0.1592,0.94,3.62,1.0598
2008-06-30,106720100,106720100,1,4046900000,1443100000,2196000000,515300000,1644200000,206700000,0,0,0,1008600000,270200000,269800000,2.75,2.57,0.0875,202900000,-146100000,71300000,133900000,320400000,24900000,89.64,121.95,57.32,0.3435,0.1298,15.41,6.51,37.12,2.04,0.0562,0,0.4063,0.1493,0.86,1.67,2.8005
2008-03-31,45246581,90493162,2,3301000000,961300000,1810700000,384600000,1246600000,243700000,0,0,0,494400000,16700000,15800000,0.35,0.32,0.0875,-120000000,-11100000,153800000,29400000,186500000,34200000,51.26,63.89,38.63,0.2317,0.0872,13.78,3.98,19.98,1.95,0.0809,0,0.3776,0.1021,0.84,-1.7,2.4995
2007-12-31,45167824,90335648,2,3075800000,754600000,1659600000,399600000,1163700000,252500000,0,0,0,782500000,93700000,92700000,2.14,1.77,0.13,207900000,-31700000,-158200000,17500000,157100000,135000000,44.95,53.15,36.75,0.2759,0.1041,12.88,3.77,19.17,1.91,0.0806,0,0.3783,0.1164,0.88,0.81,1.8884
2007-09-30,41832680,83665360,2,3061800000,844600000,1761500000,381400000,996900000,303400000,0,0,0,619600000,56900000,55500000,1.34,1.08,0.125,118700000,-409600000,295400000,10300000,139600000,18300000,36.6,45,28.2,0.2814,0.1067,11.92,3.34,13.84,1.84,0.0933,0,0.3256,0.1179,0.88,1.2,2.2145
2007-06-30,41018451,82036902,2,2221000000,774700000,1028100000,322600000,900100000,292800000,0,0,0,547600000,86900000,85500000,2.1,1.66,0.125,58900000,-120800000,68500000,10500000,129300000,13600000,39.06,46.03,32.1,0.3433,0.1389,10.97,4.12,15.14,1.78,0.082,0,0.4053,0.1363,1,0.55,2.4014
2007-03-31,41020105,82040210,2,2011600000,694300000,961000000,341800000,778100000,272500000,0,0,0,325500000,32500000,31100000,0.77,0.62,0.125,-96600000,-183300000,44400000,-232900000,118800000,32600000,27.71,32.42,23,0.3619,0.1442,9.48,3.05,10.61,1.72,0.0835,0,0.3868,0.1387,1.02,-1.57,2.0313
2006-12-31,41026089,82052178,2,1939700000,782300000,935800000,374900000,745800000,258100000,0,0,0,549000000,70000000,68600000,1.69,1.33,0.17,200100000,-34600000,-22100000,148500000,351700000,36200000,21.57,24.73,18.41,0.3822,0.1518,9.09,2.35,8.48,1.66,0.0712,0,0.3845,0.1428,1.04,2,2.0867
2006-09-30,41189924,82379848,2,1849100000,704400000,802700000,373600000,755900000,290500000,0,0,0,580100000,89100000,87700000,2.13,1.68,0.125,136000000,-25100000,-31600000,79600000,203200000,27400000,18.31,20.05,16.58,0.391,0.1543,9.18,2.2,7.41,1.57,0.0624,0,0.4088,0.1475,1.02,1.32,1.8854
2006-06-30,41661253,83322506,2,1820500000,681600000,854500000,371600000,694600000,271400000,0,0,0,486200000,83100000,81700000,1.91,1.53,0.125,97800000,-24900000,-87600000,-13100000,123600000,26000000,20.45,25.21,15.7,0.4051,0.1576,8.34,2.67,7.85,1.51,0.0604,0,0.3815,0.151,1.02,0.86,1.8342
2006-03-31,22057674,88230696,4,1771300000,648700000,841100000,360400000,676600000,253600000,0,0,0,306400000,37900000,36500000,1.67,1.37,0.1,-5100000,-42800000,-7100000,-56100000,136700000,43300000,23.86,27.59,20.13,0.4576,0.1729,7.67,3.21,9.58,1.45,0.0462,0,0.382,0.1605,1.06,-0.55,1.7999
2005-12-31,21918001,87672004,4,1746700000,636000000,850900000,362700000,651600000,244200000,0,0,0,468500000,67100000,65700000,3.02,2.39,0.2,125400000,-22800000,-5900000,94900000,192800000,29700000,21.27,24.82,17.73,0.4812,0.1725,7.43,2.99,6.98,1.42,0.0483,0,0.373,0.1564,1.08,1.09,1.7535
2005-09-30,21929466,87717864,4,1607500000,611500000,700600000,305400000,624300000,282600000,0,0,0,514100000,85600000,84200000,3.86,3.07,0.2,60800000,-25200000,-53300000,-17700000,97900000,25900000,18.19,22.17,14.21,0.8042,0.2832,7.12,2.97,5.58,1.37,0.0267,0,0.3884,0.2583,1.08,0.4,2.0023
2005-06-30,21882764,87531056,4,1592300000,577700000,795800000,335200000,536200000,260300000,0,0,0,485300000,99700000,98300000,4.53,3.59,0.1,128900000,-93400000,-28000000,7500000,116000000,31600000,15.83,18.88,12.79,0.9707,0.312,6.13,3.09,5.81,1.32,0.0159,0,0.3367,0.2898,1.06,1.11,1.7234
2005-03-31,21874123,87496492,4,1492400000,548800000,781200000,359300000,448800000,262400000,0,0,0,271600000,25200000,23800000,1.1,0.91,0.1,194300000,-376300000,73600000,-108400000,108500000,19100000,16.89,22.09,11.7,0.9975,0.2933,5.13,3.45,6.82,1.3,0.0127,0,0.3007,0.2778,1.04,2,1.5274
2004-12-31,21641999,86567996,4,1161100000,733800000,534600000,257100000,424000000,202500000,0,0,0,311400000,203900000,202500000,9.43,4.62,0.1,-152100000,103700000,-500000,-48700000,216900000,21800000,10.87,13.39,8.34,None,0.3017,4.9,3.31,8.95,1.27,0.0068,0,0.3652,0.2638,1.12,-2.01,2.8541
2004-09-30,10794495,86355960,8,1092000000,603100000,609100000,242300000,283400000,199500000,0,0,0,348900000,87500000,86100000,8.05,7.84,0,None,None,None,67700000,265600000,18100000,8.16,10.06,6.26,0.4482,0.1101,3.28,3.14,46.3,1.25,0,0,0.2595,0.0935,1.14,None,2.4891
2004-06-30,10700888,85607104,8,1019000000,496900000,600400000,197500000,222400000,196200000,0,0,0,305600000,32800000,31400000,2.97,2.9,0,20700000,-3400000,900000,18200000,197900000,8200000,6.7,8.46,4.93,0.0878,0.0202,2.6,2.61,None,1.25,0,0,0.2183,0.0156,1.13,0.15,2.5159
2004-03-31,10695136,85561088,8,1018700000,445500000,603900000,191100000,220200000,194600000,0,0,0,240800000,-600000,-1700000,-0.16,-0.16,0,-36100000,-1600000,149600000,111900000,179700000,12600000,6.92,8.51,5.32,-0.2576,-0.0425,2.57,2.56,None,1.25,None,0,0.2162,None,1.12,-0.57,2.3312
2003-12-31,10572823,84582584,8,895200000,313300000,646900000,225900000,228100000,20200000,0,0,35000000,248300000,-8900000,-8900000,-0.86,-0.86,0,25100000,-6800000,-18100000,200000,67800000,5300000,5,6.8,3.2,-0.3032,-0.0429,2.7,7.04,None,1.25,None,0.1534,0.2548,None,1.12,0.23,1.3869
2003-09-30,10318352,82546816,8,723100000,304400000,647000000,214500000,58400000,17700000,0,0,35000000,234200000,-4800000,-4800000,-0.47,-0.47,0,29400000,-3600000,200000,26000000,67600000,5100000,2.79,3.41,2.17,None,-0.1493,0.71,3.72,None,1.25,None,0.5993,0.0808,None,1.11,0.29,1.4191
2003-06-30,10322352,82578816,8,703900000,286000000,621400000,186700000,61700000,20800000,0,0,35000000,213700000,-21200000,-21200000,-2.07,-2.07,0,-2000000,-5800000,-4500000,-12300000,41600000,7300000,2.17,2.49,1.84,None,-0.264,0.75,2.15,None,1.25,None,0.5673,0.0877,None,1.04,-0.11,1.5319
2003-03-31,10322403,82579224,8,728900000,308300000,628800000,200800000,83200000,16900000,0,0,35000000,161500000,2200000,2200000,0.21,0.21,0,-9800000,1500000,400000,-7900000,53900000,3900000,2.51,2.7,2.32,-0.8676,-0.2211,1.01,2.59,None,1.25,None,0.4207,0.1141,None,0.92,-0.17,1.5354
2002-12-31,10192023,81536184,8,730100000,300500000,630900000,204800000,79300000,19900000,0,0,35000000,189300000,-83900000,-83900000,-8.38,-8.38,0,None,None,None,-123700000,61800000,3500000,2.56,3.17,1.96,-0.6984,-0.2285,0.97,0.77,None,1.25,None,0.4414,0.1086,None,0.75,None,1.4673
2002-09-30,10185083,81480664,8,792900000,389000000,520700000,246000000,272200000,0,0,0,70000000,207700000,-92200000,-92200000,-9.12,-9.12,0,56400000,-14200000,100000,42300000,185500000,-500000,3.15,3.59,2.71,-0.2939,-0.119,3.34,0.7,None,1.25,None,0.2572,0.3433,None,0.65,0.7,1.5813
2002-06-30,10184846,81478768,8,883900000,360900000,519600000,224800000,364300000,0,0,0,70000000,159400000,600000,600000,0.06,0.06,0,14000000,-13000000,100000,1100000,143200000,2800000,3.39,4.03,2.75,-0.0281,-0.0123,4.47,0.76,None,1.25,None,0.1921,0.4122,None,0.56,0.14,1.6054
2002-03-31,10180680,81445440,8,889200000,378800000,526600000,214800000,362600000,0,0,0,70000000,60700000,-12800000,-12800000,-1.27,-1.27,0,-34000000,-8300000,600000,-41700000,142100000,4800000,2.37,2.76,1.98,-0.0699,-0.0317,4.45,0.51,None,1.25,None,0.1931,0.4078,None,0.5,-0.48,1.7635
2001-12-31,10152423,81219384,8,825000000,362700000,424900000,189800000,374200000,25900000,0,0,70000000,123600000,3500000,3500000,0.35,0.35,0.1,38800000,-5300000,49100000,82600000,183800000,2500000,2,2.29,1.71,-0.0601,-0.0289,4.61,0.42,None,1.25,None,0.1871,0.4536,None,0.49,0.45,1.911
2001-09-30,10143509,81148072,8,795300000,329600000,386300000,193300000,381900000,27100000,0,0,70000000,130800000,-1700000,-1700000,-0.16,-0.16,0.1,39800000,6400000,-500000,45700000,101200000,2300000,2.05,2.36,1.75,-0.057,-0.0288,4.71,0.44,None,1.24,None,0.1833,0.4802,None,0.5,0.46,1.7051
2001-06-30,10143113,81144904,8,781200000,314300000,377800000,184400000,375600000,27800000,0,0,70000000,100000000,-15100000,-15100000,-1.5,-1.5,0.1,-34900000,-300000,35200000,0,55500000,600000,2.42,2.81,2.04,-0.0358,-0.019,4.63,0.5,17.44,1.22,None,0.1864,0.4808,None,0.55,-0.44,1.7044
2001-03-31,10152672,81221376,8,765900000,292700000,346500000,153800000,391500000,27900000,0,0,70000000,33200000,-9600000,-9600000,-0.95,-0.95,0.1,-36900000,-6700000,69200000,25600000,55500000,7800000,2.25,2.8,1.71,0.0299,0.0168,4.82,0.45,10.34,1.21,1.0552,0.1788,0.5112,0.0265,0.63,-0.55,1.9031
2000-12-31,10128796,81030368,8,727800000,248000000,325800000,102200000,402000000,0,0,0,70000000,123100000,4300000,4300000,0.43,0.42,0.38,2000000,-18300000,-3400000,-19700000,29900000,13900000,2.68,2.9,2.46,0.0449,0.0262,4.96,0.54,12.11,1.2,0.8655,0.1741,0.5523,0.0398,0.66,-0.15,2.4266
2000-09-30,10292356,82338848,8,686100000,231100000,281400000,85500000,404700000,0,0,0,70000000,147600000,6300000,6300000,0.6,0.6,0.375,44000000,-7700000,-10200000,26100000,49600000,4400000,3.12,3.41,2.82,0.0465,0.0277,4.92,0.64,118.86,1.15,0.8441,0.173,0.5899,0.0393,0.71,0.48,2.7029
2000-06-30,10502367,84018936,8,683700000,228700000,276600000,79900000,407100000,0,0,0,70000000,149000000,11000000,11000000,1.04,1.04,0.375,4800000,-7100000,-9500000,-11800000,23500000,3700000,3.01,3.28,2.74,0.0044,0.0027,4.85,0.65,None,1.1,8.9747,0.1719,0.5954,0.0043,0.62,0.01,2.8623
2000-03-31,10714796,85718368,8,663300000,207100000,263600000,65600000,399700000,0,0,0,70000000,35300000,-3500000,-3500000,-0.32,-0.32,0.375,-22800000,-5500000,-4000000,-32300000,35300000,1400000,3.33,3.92,2.75,-0.0034,-0.002,4.66,0.7,61.95,1.06,None,0.1751,0.6026,None,0.54,-0.28,3.157
1999-12-31,10665756,85326048,8,679700000,217100000,272400000,73700000,407300000,0,0,0,70000000,146700000,5000000,5000000,0.45,0.45,0.38,58600000,-8000000,-16100000,34500000,67600000,4600000,3.67,3.99,3.35,0.0113,0.0069,4.77,0.78,16.68,1.01,3.4601,0.1719,0.5992,0.0133,0.52,0.63,2.9457
1999-09-30,11053349,88426792,8,688600000,223100000,269900000,77100000,418700000,0,0,0,70000000,91800000,-10700000,-10700000,-0.96,-0.96,0.375,26200000,-7400000,-9400000,9400000,33100000,3900000,4.04,4.31,3.76,0.0455,0.0278,4.73,0.82,7.18,0.96,0.8536,0.1672,0.608,0.0567,0.49,0.25,2.8936
1999-06-30,11217651,89741208,8,715300000,248000000,275600000,79600000,439700000,0,0,0,70000000,97900000,7800000,7800000,0.7,0.7,0.375,-30400000,-8600000,-4200000,-43200000,23700000,6500000,4.58,5.18,3.98,0.1165,0.0709,4.9,0.94,6.94,0.92,0.3337,0.1592,0.6147,0.1171,0.61,-0.41,3.1156
1999-03-31,11209734,89677872,8,707200000,242000000,272000000,76600000,435200000,0,0,0,70000000,25000000,2700000,2700000,0.24,0.24,0.375,-50400000,-8800000,-4200000,-63400000,66900000,5800000,4.79,5.45,4.12,0.1395,0.0844,4.85,0.98,7.54,0.87,0.2834,0.1608,0.6154,0.1214,0.7,-0.63,3.1593
1998-12-31,11209734,89677872,8,723500000,259900000,285900000,89200000,437600000,0,0,0,70000000,132500000,19900000,19900000,1.79,1.78,0.38,32500000,-13500000,-4200000,14800000,130300000,-6000000,4.94,5.24,4.63,0.1367,0.0823,4.88,1.05,8.1,0.82,0.2853,0.16,0.6048,0.1139,0.72,0.43,2.9137
1998-09-30,11148453,89187624,8,702600000,254100000,281900000,87000000,420700000,0,0,0,70000000,175700000,20100000,20100000,1.8,1.78,0.375,74000000,-17800000,-12400000,43600000,115500000,17800000,5.86,7.21,4.51,0.1343,0.0802,4.72,1.28,9.45,0.77,0.2844,0.1664,0.5988,0.1056,0.76,0.63,2.9207
1998-06-30,11325347,90602776,8,690600000,249000000,274600000,78000000,416000000,0,0,0,70000000,157900000,16900000,16900000,1.49,1.48,0.375,29800000,-10400000,-6300000,13300000,71700000,10400000,6.7,7.16,6.23,0.1387,0.0823,4.59,1.5,11.6,0.73,0.2708,0.1683,0.6024,0.1133,0.73,0.21,3.1923
1998-03-31,11353655,90829240,8,674600000,236900000,268700000,72200000,405900000,0,0,0,70000000,37800000,500000,500000,0.04,0.04,0.325,-44200000,-8200000,-4900000,-57300000,58600000,9500000,6.12,6.9,5.34,0.1319,0.0775,4.47,1.37,10.12,0.68,0.281,0.1725,0.6017,0.1134,0.68,-0.59,3.2812
1997-12-31,11361732,90893856,8,694300000,265800000,286900000,91800000,407400000,0,0,0,70000000,153400000,17900000,17900000,1.58,None,0.32,51600000,-15100000,-6900000,29500000,115900000,15200000,5.5,5.89,5.11,0.1415,0.082,4.48,1.26,9,0.64,0.2682,0.1718,0.5868,0.1205,0.68,0.4,2.8954
1997-09-30,11380357,91042856,8,680600000,251100000,283900000,90200000,396700000,0,0,0,70000000,148900000,21100000,21100000,1.86,None,0.325,51300000,-22500000,-3700000,24900000,86400000,22500000,5.35,5.61,5.09,0.146,0.0833,4.36,1.29,8.79,0.6,0.2665,0.1765,0.5829,0.122,0.68,0.32,2.7838
1997-06-30,11379448,91035584,8,654700000,248700000,276100000,81200000,378600000,0,0,0,70000000,122100000,12900000,12900000,1.14,None,0.325,-23100000,-23300000,-3700000,-49900000,61500000,25800000,5.22,5.44,5,0.1507,0.0843,4.16,1.29,7.95,0.56,0.2654,0.1849,0.5783,0.1179,0.71,-0.54,3.0628
1997-03-31,11366478,90931824,8,647600000,268500000,278600000,86400000,369000000,0,0,0,70000000,31300000,3000000,3000000,0.26,None,0.325,-37500000,-11100000,-5400000,-54000000,98300000,13400000,5.46,5.74,5.19,0.1676,0.0925,4.06,1.34,8.26,0.52,0.2451,0.1897,0.5698,0.1234,0.75,-0.56,3.1076
1996-12-31,11389541,91116328,8,673700000,300800000,303100000,105500000,370600000,0,0,0,70000000,150800000,18300000,18300000,1.63,None,0.32,27200000,-12000000,-7600000,7300000,152300000,16400000,5.26,5.77,4.75,0.1724,0.0941,4.07,1.35,8.59,0.48,0.2448,0.1889,0.5501,0.1177,0.8,0.12,2.8512
1996-09-30,11367717,90941736,8,658600000,305500000,303900000,108600000,354700000,0,0,0,70000000,166700000,21300000,21300000,1.84,None,0.325,67400000,-8900000,-14500000,43900000,145000000,8900000,4.78,5.02,4.53,0.1652,0.0894,3.9,1.28,8.48,0.44,0.2631,0.1973,0.5386,0.1116,0.8,0.64,2.8131
1996-06-30,11604917,92839336,8,632200000,279500000,285000000,90200000,347200000,0,0,0,70000000,140800000,17800000,17800000,1.52,None,0.325,1900000,-7300000,-12600000,-18000000,101100000,7300000,5.13,5.53,4.72,0.156,0.0844,3.74,1.41,8.66,0.4,0.286,0.2016,0.5492,0.1085,0.78,-0.06,3.0987
1996-03-31,11757217,94057736,8,627600000,274900000,284800000,85800000,342800000,0,0,0,70000000,59800000,3600000,3600000,0.3,None,0.325,-13100000,-4100000,-3800000,-20800000,119100000,4100000,5.45,5.86,5.03,0.1683,0.0901,3.64,1.51,8.99,0.36,0.272,0.2042,0.5462,0.1202,0.75,-0.18,3.204
1995-12-31,11832767,94662136,8,644600000,292700000,302000000,103500000,342600000,0,0,0,70000000,146000000,14600000,14600000,1.24,None,0.32,25600000,-2700000,-15500000,7400000,139900000,6600000,4.88,5.14,4.63,0.177,0.0934,3.62,1.39,8,0.32,0.2666,0.2043,0.5315,0.1222,0.76,0.2,2.828
1995-09-30,11898467,95187736,8,622000000,276300000,287800000,96700000,334200000,0,0,0,57900000,144600000,17300000,17300000,1.45,None,0.325,17600000,-3400000,-3800000,10500000,132500000,4900000,5.33,5.84,4.83,0.1838,0.0958,3.51,1.58,9.15,0.28,0.2665,0.1732,0.5373,0.1245,0.77,0.13,2.8573
1995-06-30,11893967,95151736,8,610700000,257500000,290200000,94600000,320500000,0,0,0,57900000,118900000,20900000,20900000,1.75,None,0.325,10100000,-9100000,-16600000,-15800000,122000000,7300000,4.8,5.08,4.52,0.1807,0.0927,3.37,1.49,10.19,0.23,0.2741,0.1807,0.5248,0.1284,0.72,0.03,2.722
1995-03-31,11965842,95726736,8,598600000,249900000,289600000,85200000,309000000,0,0,0,70000000,63600000,5000000,5000000,0.41,None,0.325,4700000,-2900000,-4100000,-2800000,137800000,3700000,4.79,5.02,4.56,0.151,None,3.23,1.49,10.82,0.19,0.3319,0.2265,0.5162,0.1132,0.69,0.01,2.9331
1994-12-31,12104892,96839136,8,616500000,269100000,305100000,99600000,311400000,0,0,0,70000000,143400000,15400000,15400000,1.27,None,0.33,35400000,2500000,-8300000,30100000,140600000,5300000,4.63,5.02,4.25,0.1453,None,3.22,1.49,None,0.15,0.3474,0.2248,0.5051,0.1101,0.68,0.31,2.7018
1994-09-30,12091310,96730480,8,594600000,241300000,293800000,90100000,300800000,0,0,0,70000000,111000000,14800000,14800000,1.23,None,0.3,89300000,-75300000,-3300000,10900000,110500000,2500000,4.86,5.27,4.45,None,None,3.11,1.64,None,0.11,None,0.2327,0.5059,None,None,0.9,2.6781
1994-06-30,12081060,96648480,8,542500000,248400000,256000000,59200000,286500000,0,0,0,70000000,85000000,10400000,10400000,0.86,None,0.3,41900000,-3200000,-3600000,36000000,99600000,2200000,4.83,5.36,4.3,None,None,2.96,1.67,None,0.07,None,0.2443,0.5281,None,None,0.41,4.1959
1994-03-31,12080060,96640480,8,531000000,237800000,251800000,50300000,279200000,0,0,0,75000000,49500000,2200000,2200000,0.18,None,0.3,1300000,-1900000,-3300000,-4300000,63600000,900000,5.12,5.69,4.55,None,None,2.89,1.77,None,0.04,None,0.2686,0.5258,None,None,0,4.7276
1993-12-31,12079085,96632680,8,545400000,250000000,264700000,64000000,280700000,0,0,0,75000000,None,None,None,None,None,0,None,None,None,None,67900000,0,4.29,4.69,3.88,None,None,2.9,None,None,0,None,0.2672,0.5147,None,None,None,3.9063
