"Quarter end","Shares","Shares split adjusted","Split factor","Assets","Current Assets","Liabilities","Current Liabilities","Shareholders equity","Non-controlling interest","Preferred equity","Goodwill & intangibles","Long-term debt","Revenue","Earnings","Earnings available for common stockholders","EPS basic","EPS diluted","Dividend per share","Cash from operating activities","Cash from investing activities","Cash from financing activities","Cash change during period","Cash at end of period","Capital expenditures","Price","Price high","Price low","ROE","ROA","Book value of equity per share","P/B ratio","P/E ratio","Cumulative dividends per share","Dividend payout ratio","Long-term debt to equity ratio","Equity to assets ratio","Net margin","Asset turnover","Free cash flow per share","Current ratio"
2019-03-31,869753584,869753584,1,512922000000,None,450829000000,None,60787000000,1306000000,485000000,0,35776000000,12456000000,654000000,654000000,0.75,0.75,0,-976000000,-1979000000,2764000000,-179000000,3179000000,0,41.84,45,38.67,-0.0049,-0.0006,69.33,0.65,None,99.85,None,0.5933,0.1176,None,0.1,-1.12,None
2018-12-31,869486334,869486334,1,491984000000,None,434675000000,None,56361000000,948000000,0,4442000000,34540000000,12560000000,-622000000,-622000000,-0.7,-0.7,0.32,99000000,694000000,-539000000,235000000,3358000000,0,45.3,54.44,36.16,-0.0001,-0,64.82,0.68,None,99.85,None,0.6128,0.1146,None,0.1,0.11,None
2018-09-30,884648470,884648470,1,504860000000,None,445683000000,None,58586000000,591000000,0,0,34594000000,11486000000,-1259000000,-1259000000,-1.41,-1.41,0.32,302000000,553000000,-90000000,743000000,3123000000,0,53.8,56.36,51.23,-0.0976,-0.0121,66.23,0.78,None,99.53,None,0.5905,0.116,None,0.09,0.34,None
2018-06-30,888446269,888446269,1,496829000000,None,435032000000,None,61186000000,611000000,0,0,33784000000,11631000000,937000000,937000000,1.04,1.02,0.32,598000000,502000000,-1063000000,9000000,2380000000,0,53.18,56.79,49.57,-0.0997,-0.0131,68.87,0.76,None,99.21,None,0.5522,0.1232,None,0.1,0.67,None
2018-03-31,897683367,897683367,1,499143000000,None,435786000000,None,62792000000,565000000,0,0,33619000000,11712000000,938000000,938000000,1.03,1.01,0.32,-938000000,-1972000000,2486000000,-366000000,2371000000,0,59.2,65.05,53.34,-0.0924,-0.0127,69.95,0.82,None,98.89,None,0.5354,0.1258,None,0.1,-1.04,None
2017-12-31,902468889,902468889,1,498301000000,None,432593000000,None,65171000000,537000000,0,1594000000,31640000000,12635000000,-6660000000,-6660000000,-7.35,-7.35,0.32,610000000,-103000000,-571000000,-71000000,2362000000,0,61.62,65.13,58.11,-0.0853,-0.0122,72.21,0.76,None,98.57,None,0.4855,0.1308,None,0.1,0.68,None
2017-09-30,898959371,898959371,1,503073000000,None,430061000000,None,72468000000,544000000,0,0,31039000000,11751000000,-1739000000,-1739000000,-1.91,-1.91,0.32,90000000,-145000000,-99000000,-84000000,2433000000,0,62.17,66.06,58.27,-0.0332,-0.0049,80.61,0.76,None,98.25,None,0.4283,0.1441,None,0.1,0.1,None
2017-06-30,903405681,903405681,1,499762000000,None,425438000000,None,73732000000,592000000,0,0,31812000000,12502000000,1130000000,1130000000,1.22,1.19,0.32,1074000000,432000000,-979000000,599000000,2517000000,0,61.61,64.25,58.98,-0.0034,-0.0005,81.62,0.77,198.74,97.93,None,0.4315,0.1475,None,0.1,1.19,None
2017-03-31,925772114,925772114,1,500162000000,None,425495000000,None,74069000000,598000000,0,0,30747000000,12632000000,1185000000,1185000000,1.21,1.18,0.32,-10359000000,14487000000,-4048000000,50000000,1918000000,0,64.03,67.2,60.85,0.0063,0.001,80.01,0.82,None,97.61,2.4682,0.4151,0.1481,0.0098,0.11,-11.19,None
2016-12-31,979560020,979560020,1,498264000000,None,421406000000,None,76300000000,558000000,0,1528000000,30912000000,13010000000,-3041000000,-3041000000,-2.97,-2.97,0.32,630000000,4419000000,-5536000000,-523000000,1868000000,0,62.04,66.7,57.38,-0.0099,-0.0017,77.89,0.72,141,97.29,None,0.4051,0.1531,None,0.1,0.64,None
2016-09-30,1027135119,1027135119,1,514568000000,None,425403000000,None,88663000000,502000000,0,0,32277000000,12854000000,462000000,462000000,0.43,0.42,0.32,1182000000,589000000,-1107000000,714000000,2498000000,0,55.53,59.86,51.21,0.0039,0.0007,86.32,0.66,None,96.97,3.8497,0.364,0.1723,0.0066,0.11,1.15,None
2016-06-30,1070659944,1070659944,1,510349000000,None,419812000000,None,89946000000,591000000,0,0,33329000000,14724000000,1913000000,1913000000,1.72,1.68,0.32,1539000000,-649000000,-643000000,285000000,1784000000,0,53.55,58.32,48.79,-0.0037,-0.0007,84.01,0.68,None,96.65,None,0.3705,0.1762,None,0.11,1.44,None
2016-03-31,1119032377,1119032377,1,502777000000,None,413696000000,None,88518000000,563000000,0,0,31952000000,11779000000,-183000000,-183000000,-0.16,-0.16,0.32,-968000000,385000000,453000000,-130000000,1499000000,0,55.42,60.64,50.2,-0.0048,-0.0009,79.1,0.71,39.03,96.33,None,0.361,0.1761,None,0.11,-0.87,None
2015-12-31,1149448256,1149448256,1,496943000000,None,406733000000,None,89658000000,552000000,0,0,0,13831000000,-1841000000,-1841000000,-1.5,-1.5,0.28,643000000,1782000000,-2365000000,60000000,1629000000,0,60.52,64.12,56.92,0.0219,0.0043,78,0.76,17.91,96.01,0.4538,0,0.1804,0.0376,0.11,0.56,None
2015-09-30,1237012512,1237012512,1,501985000000,None,402366000000,None,98999000000,620000000,0,0,0,12822000000,-231000000,-231000000,-0.18,-0.18,0.28,1741000000,1394000000,-3498000000,-368000000,1569000000,0,60.1,64.54,55.66,0.0449,0.0092,80.03,0.75,11.83,95.73,0.1818,0,0.1972,0.0782,0.12,1.41,None
2015-06-30,1293886920,1293886920,1,509987000000,None,405345000000,None,104258000000,384000000,0,0,0,15699000000,1800000000,1800000000,1.35,1.32,0.125,105000000,4972000000,-4962000000,114000000,1937000000,0,59.06,63.32,54.81,0.0665,0.0137,80.58,0.73,10.08,95.45,0.0958,0,0.2044,0.1114,0.12,0.08,None
2015-03-31,1333395436,1333395436,1,520701000000,None,412334000000,None,107979000000,388000000,0,0,0,15975000000,2468000000,2468000000,1.81,1.78,0.125,388000000,314000000,-604000000,65000000,1823000000,0,52.64,56.42,48.87,0.0777,0.016,80.98,0.68,10.18,95.33,0.0833,0,0.2074,0.1305,0.12,0.29,None
2014-12-31,1372435893,1372435893,1,515581000000,None,408309000000,None,106898000000,374000000,0,1454000000,0,15535000000,655000000,655000000,0.48,0.46,0.13,650000000,9417000000,-10187000000,-175000000,1758000000,0,52.95,56.51,49.4,0.0705,0.0142,77.89,0.68,8.75,95.2,0.0946,0,0.2073,0.1169,0.12,0.47,None
2014-09-30,1399912329,1399912329,1,527190000000,None,418207000000,None,108581000000,402000000,0,0,0,16654000000,2192000000,2192000000,1.54,1.52,0.125,2716000000,1205000000,-3799000000,106000000,1933000000,0,54.16,56.33,51.98,0.0841,0.0165,77.56,0.71,9.04,95.07,0.0769,0,0.206,0.1273,0.13,1.94,None
2014-06-30,1426883895,1426883895,1,529109000000,None,420528000000,None,108161000000,420000000,0,0,0,16105000000,3073000000,3073000000,2.13,2.1,0.125,878000000,-121000000,-1513000000,-663000000,1827000000,0,52.56,55.72,49.4,0.0859,0.0164,75.8,0.73,9.17,94.95,0.0739,0,0.2044,0.1304,0.13,0.62,None
2014-03-31,1446648914,1446648914,1,547111000000,None,442691000000,None,103833000000,587000000,0,0,0,16112000000,1609000000,1609000000,1.1,1.09,0.125,763000000,3783000000,-4289000000,249000000,2490000000,0,49.55,52.22,46.88,0.0848,0.0157,71.77,0.72,8.08,94.82,0.0559,0,0.1898,0.1232,0.13,0.53,None
2013-12-31,1464067641,1464067641,1,541329000000,None,440218000000,None,100470000000,641000000,0,1475000000,0,20649000000,1978000000,1978000000,1.35,1.34,0.1,1917000000,581000000,-2286000000,183000000,2241000000,0,49.8,52.3,47.3,0.0917,0.0168,68.62,0.74,23.49,94.7,0.0323,0,0.1856,0.1323,0.13,1.31,None
2013-09-30,1472346407,1472346407,1,540744000000,None,441229000000,None,98793000000,722000000,0,0,0,14826000000,2170000000,2170000000,1.47,1.46,0.1,2274000000,447000000,-2417000000,296000000,2058000000,0,47.39,50.57,44.22,0.032,0.0058,67.1,0.72,26.47,94.6,0.0468,0,0.1827,0.0521,0.11,1.54,None
2013-06-30,1476350909,1476350909,1,537438000000,None,439203000000,None,97463000000,772000000,0,0,0,17315000000,2731000000,2731000000,1.85,1.84,0,1823000000,2107000000,-3337000000,535000000,1762000000,0,41.95,46.21,37.69,0.0286,0.0052,66.02,0.62,32.77,94.5,0,0,0.1813,0.0448,0.12,1.23,None
2013-03-31,1476345165,1476345165,1,548880000000,None,448309000000,None,99520000000,1051000000,0,0,0,15888000000,2206000000,2206000000,1.49,1.49,0,-149000000,3964000000,-3718000000,76000000,1227000000,0,37.21,39.58,34.84,0.0241,0.0044,67.41,0.56,24.97,94.5,0,0,0.1813,0.0386,0.11,-0.1,None
2012-12-31,1476322473,1476322473,1,548633000000,None,449630000000,None,98002000000,1001000000,0,1469000000,0,12442000000,-3958000000,-3958000000,-2.67,-2.67,0,837000000,-2546000000,1290000000,-394000000,1151000000,0,33.95,37.21,30.68,0.0337,0.0062,66.38,0.49,2.33,94.5,0,0,0.1786,0.0524,0.12,0.57,None
2012-09-30,1476304497,1476304497,1,550723000000,None,448150000000,None,101666000000,907000000,0,0,0,17648000000,1856000000,1856000000,1.13,1.13,0,1207000000,8287000000,-9133000000,376000000,1608000000,0,32.59,35.02,30.15,0.2623,0.0491,68.87,0.54,2.89,94.5,0,0,0.1846,0.3851,0.13,0.82,None
2012-06-30,1728479651,1728479651,1,555383000000,None,449742000000,None,104709000000,932000000,0,0,0,17123000000,2332000000,2332000000,1.33,1.33,0,1743000000,685000000,-2489000000,-83000000,1232000000,0,30.98,34.76,27.21,0.2127,0.0384,60.58,0.54,2.83,94.5,0,0,0.1885,0.3232,0.12,1.01,None
2012-03-31,1794014435,1794014435,1,554403000000,None,449938000000,None,103451000000,1014000000,0,0,0,18443000000,3208000000,3208000000,1.7,1.7,0,-111000000,10186000000,-10232000000,-159000000,1315000000,0,27.18,30.83,23.54,0.2143,0.0365,57.66,0.49,3.06,94.5,0,0,0.1866,0.3178,0.11,-0.06,None
2011-12-31,1896865688,1896865688,1,555773000000,None,441444000000,None,104951000000,9378000000,0,1373000000,0,17409000000,19798000000,19798000000,10.4,10.4,0,1118000000,304000000,-1482000000,-68000000,1474000000,0,23.2,26.34,20.07,0.1843,0.0306,55.33,0.51,0.8,94.5,1.3455,0,0.1888,0.2644,0.11,0.59,None
2011-09-30,1899224304,1899224304,1,544257000000,None,448047000000,None,86031000000,10179000000,0,0,0,12716000000,-4109000000,-4109000000,-2.16,-2.16,0,2381000000,-1720000000,-1730000000,-1048000000,1542000000,0,25.91,30.21,21.61,0.0204,0.0153,45.3,0.53,1.94,94.5,16.209,0,0.1581,0.0205,0.11,1.25,None
2011-06-30,1897972600,1897972600,1,616798000000,None,511593000000,None,92681000000,12524000000,0,0,0,16676000000,1840000000,1840000000,1,1,0,1848000000,-1869000000,771000000,789000000,2590000000,0,31.12,35,27.23,0.0625,0.016,48.83,0.66,3.69,94.5,7.3158,0,0.1503,0.0416,0.11,0.97,None
2011-03-31,1796747575,1796747575,1,611247000000,None,513800000000,None,85026000000,12421000000,0,0,0,17436000000,269000000,-543000000,-0.35,-0.35,12.72,-5312000000,39617000000,-34485000000,243000000,1801000000,0,48.06,61.18,34.95,0.0265,0.0088,47.32,6.47,4.39,94.5,30.6362,0,0.1391,0.0095,0.1,-2.96,None
2010-12-31,1795503716,1795503716,1,683443000000,None,569770000000,None,85319000000,28354000000,71983000000,1333000000,0,21898000000,11386000000,4222000000,30.39,30.36,0,1795000000,-2698000000,-489000000,-110000000,1558000000,33000000,49.12,59.38,38.86,0.1932,0.0095,7.43,0.75,None,81.78,0,0,0.0195,0.0205,0.09,0.98,None
2010-09-30,135143176,135143176,1,871965000000,None,761225000000,None,80842000000,29898000000,71983000000,1447000000,0,19091000000,-2395000000,-2395000000,-17.62,-17.62,0,5344000000,-1460000000,-4245000000,-1172000000,1668000000,61000000,37.37,41.64,33.1,None,-0.0145,65.55,0.91,None,81.78,None,0,0.0102,None,0.09,39.09,None
2010-06-30,135126343,135126343,1,850531000000,None,745884000000,None,75470000000,29177000000,69949000000,2640000000,0,19982000000,-2656000000,-538000000,-3.96,-3.96,0,6576000000,-1551000000,-4261000000,707000000,2840000000,109000000,39.28,44.51,34.05,None,-0.0113,40.86,1.05,None,81.78,None,0,0.0065,None,0.1,47.86,None
2010-03-31,135070621,135070621,1,863697000000,None,760038000000,None,75001000000,28658000000,69949000000,2565000000,0,16330000000,1451000000,294000000,2.16,2.16,0,3195000000,-4516000000,-266000000,-2267000000,2133000000,64000000,29.2,36.24,22.16,-0.3867,-0.0061,37.4,97.33,None,81.78,None,0,0.0058,None,0.11,23.18,None
2009-12-31,134926293,134926293,1,847585000000,None,748550000000,None,69824000000,29211000000,69784000000,6195000000,0,19972000000,-8873000000,-7282000000,-53.82,-53.82,0,6610000000,-3371000000,-3994000000,-417000000,4400000000,102000000,36.98,45.9,28.06,-0.4501,-0.0131,0.3,0.98,None,81.78,None,0,0,None,0.11,48.23,None
2009-09-30,134607379,134607379,1,844344000000,None,766649000000,None,72712000000,4983000000,67646000000,5847000000,0,26049000000,455000000,92000000,0.68,0.68,0,3938000000,1615000000,-6562000000,-845000000,4957000000,150000000,29.85,50.23,9.48,None,-0.076,37.64,0.07,None,81.78,None,0,0.006,None,None,28.14,None
2009-06-30,134575809,134575809,1,830412000000,None,767207000000,None,57958000000,5247000000,4000000,6439000000,0,29525000000,1822000000,311000000,2.3,2.3,0,4038000000,6976000000,-9443000000,1773000000,5802000000,125000000,30.6,40.2,21,None,-0.1004,430.64,0.09,None,81.78,None,0,0.0698,None,None,29.08,None
2009-03-31,2690808696,134540434,0.05,819758000000,None,765536000000,None,45759000000,8463000000,0,6798000000,0,20458000000,-4353000000,-5365000000,-1.98,-1.98,0,3998000000,558000000,-8998000000,-4613000000,4029000000,127000000,20.9,34.8,7,None,-0.1022,340.11,0.05,None,81.78,None,0,0.0558,None,None,28.77,None
2008-12-31,2690747320,134537366,0.05,860418000000,None,807708000000,None,52710000000,0,0,6952000000,0,None,-61659000000,-61659000000,-22.97,-22.97,0,-1427000000,54944000000,-63478000000,-9928000000,8642000000,255000000,53.5,80,27,None,-0.0997,391.79,0.1,None,81.78,None,0,0.0613,None,None,-12.5,None
2008-09-30,2689938313,134496915,0.05,1022237000000,None,950955000000,None,71182000000,100000000,0,10334000000,0,898000000,-24468000000,-24468000000,-9.05,-9.05,0.2,-14407000000,14503000000,16285000000,16341000000,18570000000,371000000,321.5,602,41,-0.5286,-0.041,529.25,0.55,None,81.78,None,0,0.0696,None,0.05,-109.88,None
2008-06-30,2688833724,134441686,0.05,1049876000000,None,971688000000,None,78088000000,100000000,0,10661000000,0,19933000000,-5357000000,-5357000000,-2.06,-2.06,0.22,8296000000,-25492000000,16949000000,-260000000,2229000000,426000000,755,980.8,529.2,-0.1719,-0.0145,580.83,1.18,None,77.78,None,0,0.0744,None,0.08,58.54,None
2008-03-31,2492061043,124603052,0.05,1051086000000,None,971283000000,None,79703000000,100000000,0,10182000000,0,14031000000,-7805000000,-7805000000,-3.09,-3.09,0.2,8293000000,3529000000,-11675000000,205000000,2489000000,237000000,991.2,1186.4,796,-0.0598,-0.0054,639.66,1.3,21.18,73.38,None,0,0.0758,None,0.09,64.65,None
2007-12-31,2522336771,126116838,0.05,1060505000000,None,964604000000,None,95801000000,100000000,0,9414000000,0,18433000000,-5292000000,-5292000000,-2.07,-2.07,0.16,8115000000,-2078000000,-6044000000,35000000,2284000000,-134000000,1214.4,1402.2,1026.6,0.0609,0.006,759.62,1.48,10.6,69.38,0.2987,0,0.0903,0.0563,0.11,65.41,None
2007-09-30,2536238141,126811907,0.05,1072105000000,None,967938000000,None,104067000000,100000000,0,8909000000,0,29836000000,3085000000,3085000000,1.2,1.19,0.2,11985000000,-28056000000,16658000000,614000000,2249000000,538000000,1320.8,1408.8,1232.8,0.1446,0.0146,820.64,1.62,10.74,66.18,0.1231,0,0.0971,0.1228,0.12,90.27,None
2007-06-30,2564389291,128219464,0.05,1033866000000,None,929436000000,None,104330000000,100000000,0,8590000000,0,31150000000,4277000000,4277000000,1.64,1.64,0.2,6438000000,-21010000000,14514000000,-67000000,1635000000,207000000,1391.4,1453,1329.8,0.1586,0.0163,813.68,1.75,12.16,62.18,0.1095,0,0.1009,0.1328,0.12,48.6,None
2007-03-31,2594237019,129711850,0.05,999747000000,None,896592000000,None,103055000000,100000000,0,8687000000,0,30645000000,4130000000,4130000000,1.58,1.58,0.165,8633000000,-16863000000,8352000000,112000000,1702000000,259000000,1389.2,1443,1335.4,0.1542,0.0157,794.49,1.78,12.96,58.18,0.1119,0,0.1031,0.1285,0.12,64.56,None
2006-12-31,2601583676,130079183,0.05,979414000000,None,877546000000,None,101677000000,191000000,0,8628000000,0,29993000000,3439000000,3439000000,1.32,1.32,0.15,825000000,-15640000000,14925000000,165000000,1590000000,-308000000,1391.1,1456.2,1326,0.1503,0.0152,781.65,1.88,16.33,54.88,0.1166,0,0.1038,0.1241,0.12,8.71,None
2006-09-30,2599721215,129986060,0.05,941544000000,None,845201000000,None,96154000000,189000000,0,8576000000,0,29199000000,4224000000,4224000000,1.62,1.61,0.165,-974000000,-11352000000,12622000000,-715000000,1425000000,666000000,1242.4,1329.6,1155.2,0.1234,0.0124,739.73,1.84,19,51.88,0.148,0,0.1021,0.1001,0.12,-12.62,None
2006-06-30,2598763423,129938171,0.05,900670000000,None,812768000000,None,87709000000,193000000,0,8425000000,0,26743000000,3190000000,3190000000,1.23,1.21,0.165,3912000000,-20111000000,16571000000,892000000,2140000000,417000000,1252.1,1330.8,1173.4,0.0975,0.0099,675.01,1.84,16.61,48.58,0.1712,0,0.0974,0.0795,0.12,26.9,None
2006-03-31,2597469137,129873456,0.05,879798000000,None,791219000000,None,88390000000,189000000,0,8208000000,0,27259000000,3195000000,3195000000,1.22,1.22,0.15,3066000000,-19937000000,15672000000,-649000000,1248000000,322000000,1361.8,1416.6,1307,0.112,0.0116,680.59,2.05,17.02,45.28,0.1368,0,0.1005,0.0906,0.13,21.13,None
2005-12-31,2596987248,129849362,0.05,853370000000,None,766867000000,None,86317000000,186000000,0,8093000000,0,27363000000,454000000,454000000,0.17,0.22,0.15,2058000000,-15655000000,13658000000,-211000000,1897000000,802000000,1248.3,1288,1208.6,0.1212,0.0125,664.75,1.81,13.9,42.28,0.135,0,0.1011,0.0962,0.13,9.67,None
2005-09-30,2595607825,129780391,0.05,843397000000,None,753922000000,None,89282000000,193000000,0,8354000000,0,26437000000,1735000000,1735000000,0.67,0.62,0.1,9263000000,-6308000000,-2756000000,370000000,2108000000,816000000,1197.3,1274.6,1120,0.1395,0.0143,687.95,1.75,12.19,39.28,0.1042,0,0.1059,0.1113,0.13,65.09,None
2005-06-30,2595079838,129753991,0.05,831167000000,None,742358000000,None,88613000000,196000000,0,8378000000,0,27903000000,4489000000,4489000000,1.73,1.71,0.12,14251000000,-15240000000,1136000000,-623000000,1738000000,212000000,1088.5,1178.8,998.2,0.1572,0.016,682.93,1.73,12.93,37.28,0.0894,0,0.1066,0.122,0.13,108.2,None
2005-03-31,2594907032,129745351,0.05,830477000000,None,748671000000,None,81608000000,198000000,0,8532000000,0,27202000000,3799000000,3799000000,1.46,1.45,0.175,-434000000,-20118000000,20961000000,352000000,2361000000,188000000,1276.4,1469.2,1083.6,0.1423,0.0141,628.99,2.08,17.11,34.88,0.0926,0,0.0983,0.1092,0.13,-4.79,None
2004-12-31,2594907032,129745351,0.05,801145000000,None,721273000000,None,79673000000,199000000,0,8556000000,0,24809000000,1809000000,1809000000,0.69,0.71,0.08,10284000000,-42537000000,31199000000,-63000000,2009000000,419000000,1234.2,1374.4,1094,0.1288,0.013,614.07,2.04,15.16,31.38,0.0754,0,0.0994,0.1007,0.13,76.03,None
2004-09-30,2604570819,130228540,0.05,776420000000,None,697324000000,None,78903000000,193000000,0,8407000000,0,25977000000,2824000000,2824000000,1.08,1.04,0.07,6487000000,-19141000000,12652000000,39000000,2072000000,194000000,1391.4,1453.2,1329.6,0.1445,0.0148,605.88,2.54,17.84,29.78,0.0643,0,0.1016,0.113,0.13,48.32,None
2004-06-30,2605397546,130269877,0.05,729732000000,None,658250000000,None,71290000000,192000000,0,8164000000,0,23505000000,2650000000,2650000000,1.02,1.01,0.07,5226000000,-15712000000,10841000000,113000000,2033000000,155000000,1461.6,1535.4,1387.8,0.143,0.0148,547.25,2.52,19.44,28.38,0.0649,0,0.0977,0.1147,0.13,38.93,None
2004-03-31,2608225354,130411267,0.05,719078000000,None,643141000000,None,75744000000,193000000,0,7714000000,0,23375000000,2556000000,2556000000,0.98,0.97,0.065,8719000000,-19725000000,11802000000,998000000,1920000000,182000000,1419.1,1502.4,1335.8,0.1384,0.0148,580.81,2.6,20.1,26.98,0.0621,0,0.1053,0.1152,0.13,65.46,None
2003-12-31,2608947657,130447382,0.05,678346000000,None,606901000000,None,71253000000,192000000,0,7633000000,0,22179000000,2707000000,2707000000,1.03,1.05,0.06,15574000000,-21033000000,4878000000,-581000000,922000000,355000000,1228.7,1325.6,1131.8,0.1355,0.0146,546.22,2.34,25.18,25.68,0.061,0,0.105,0.1141,0.13,116.67,None
2003-09-30,2607945672,130397283,0.05,647656000000,None,579300000000,None,68356000000,0,0,7855000000,0,20306000000,2337000000,2337000000,0.9,0.87,0.06,7470000000,-14107000000,6751000000,114000000,949000000,214000000,1202.4,1294,1110.8,0.098,0.0107,524.21,2.24,26.72,24.48,0.0836,0,0.1055,0.0843,0.13,55.65,None
2003-06-30,2608877973,130443898,0.05,620612000000,None,550475000000,None,70137000000,0,0,6139000000,0,19891000000,2276000000,2276000000,0.87,0.87,0.05,4221000000,-9942000000,5896000000,175000000,835000000,318000000,1108,1204,1012,0.0931,0.0103,537.68,2.26,26.89,23.28,0.0861,0,0.113,None,None,29.92,None
2003-03-31,2608397880,130419894,0.05,591809000000,None,527770000000,None,64039000000,0,0,6185000000,0,18927000000,1954000000,1954000000,0.75,0.74,0.047,8890000000,-16037000000,6642000000,-505000000,660000000,244000000,1079.7,1270,889.4,0.0903,0.0099,491.02,2.3,26.08,22.28,0.0888,0,0.1082,None,None,66.29,None
2002-12-31,2609826299,130491314,0.05,561229000000,None,499973000000,None,61256000000,0,0,6079000000,0,17533000000,-104000000,-104000000,-0.04,-0.04,0.05,7210000000,-13109000000,6171000000,272000000,1165000000,477000000,1203.4,1357.8,1049,0.0943,0.0103,469.43,2.58,20.47,21.34,0.0861,0,0.1091,None,None,51.6,None
2002-09-30,2608594952,130429747,0.05,547295000000,None,486368000000,None,60927000000,0,0,6009000000,0,None,1842000000,1842000000,0.7,0.68,0.05,5032000000,-11210000000,6341000000,163000000,893000000,41000000,1190.1,1358.2,1022,0.1318,0.0145,467.13,2.72,26.33,20.34,0.06,0,0.1113,None,None,38.27,None
2002-06-30,2610692135,130534606,0.05,524394000000,None,467287000000,None,57107000000,0,0,6205000000,0,None,1801000000,1801000000,0.69,0.68,0.04,1917000000,-10844000000,8509000000,-418000000,730000000,332000000,1381,1505.2,1256.8,0.1089,0.012,437.49,3.29,30.42,19.34,0.0707,0,0.1089,None,None,12.14,None
2002-03-31,2612901858,130645092,0.05,507556000000,None,452718000000,None,54838000000,0,0,6093000000,0,None,1980000000,1980000000,0.76,0.75,0.042,4529000000,-11435000000,7356000000,450000000,1148000000,74000000,1497.6,1592.2,1403,0.1125,0.0129,419.75,3.6,34.51,18.54,0.0709,0,0.108,None,None,34.1,None
2001-12-31,2614443497,130722174,0.05,492982000000,None,438630000000,None,54352000000,0,0,0,0,None,1866000000,1866000000,0.83,0.83,0.04,-61000000,-1409000000,1683000000,213000000,698000000,134000000,1627.5,1720.2,1534.8,0.1102,0.0133,415.78,3.97,40.69,17.7,0.0725,0,0.1103,None,None,-1.49,None
2001-09-30,2612478763,130623938,0.05,468675000000,None,415125000000,None,53550000000,0,0,0,0,None,338000000,338000000,0.01,0,0.04,6291000000,-14938000000,8618000000,-29000000,485000000,295000000,1541.1,1741.2,1341,0.1102,0.014,409.96,4.1,29.87,16.9,0.0756,0,0.1143,None,None,45.9,None
2001-06-30,2331306414,116565320,0.05,333191000000,None,289358000000,None,43833000000,0,0,0,0,None,1627000000,1627000000,0.69,0.69,0.04,-1518000000,-7028000000,8541000000,-5000000,248000000,177000000,1626.9,1730.2,1523.6,0.146,0.0192,376.04,4.42,32.67,16.1,0.0605,0,0.1316,None,None,-14.54,None
2001-03-31,2331018041,116550902,0.05,320800000000,None,277869000000,None,42931000000,0,0,0,0,None,1532000000,1532000000,0.66,0.65,0.037,2998000000,-7271000000,4270000000,-3000000,253000000,94000000,1720,1937.6,1502.4,0.1476,0.0193,368.35,4.9,35.64,15.3,0.0587,0,0.1338,None,None,24.92,None
2000-12-31,2333119315,116655965,0.05,306577000000,None,265611000000,None,40966000000,0,0,0,0,None,1497000000,1497000000,0.64,0.66,0.04,593000000,-3834000000,3217000000,-24000000,256000000,375000000,1938.2,2073.8,1802.6,0.1504,0.0194,351.17,5.93,41.53,14.56,0.059,0,0.1336,None,None,1.87,None
2000-09-30,2315554522,115777726,0.05,295406000000,None,257590000000,None,37816000000,0,0,0,0,None,1386000000,1386000000,0.6,0.58,0.04,1630000000,-4881000000,3217000000,-34000000,280000000,418000000,1744.8,1913.8,1575.8,0.1523,0.0194,326.63,5.6,38.38,13.76,0.0581,0,0.128,None,None,10.47,None
2000-06-30,2313833718,115691685,0.05,281214000000,None,245164000000,None,36050000000,0,0,0,0,None,1407000000,1407000000,0.61,0.6,0.03,1214000000,-3962000000,2851000000,103000000,314000000,120000000,1499.2,1643.4,1355,0.154,0.0196,311.6,4.94,33.81,12.96,0.0565,0,0.1282,None,None,9.46,None
2000-03-31,1541383485,115603761,0.075,279259000000,None,244176000000,None,35083000000,0,0,0,0,None,1346000000,1346000000,0.87,0.86,0.05,2499000000,-3900000000,1480000000,79000000,211000000,120000000,1303.3,1520.8,1085.8,0.1539,0.0196,303.48,4.43,30.22,12.36,0.0589,0,0.1256,None,None,20.58,None
1999-12-31,1549773813,116233035,0.075,268238000000,None,234037000000,None,34201000000,0,0,0,0,None,1312000000,1312000000,0.85,0.87,0.05,2369000000,-3620000000,1110000000,-141000000,132000000,237000000,1291.3,1489.2,1093.4,0.1532,0.0196,294.25,4.52,30.92,11.69,0.0591,0,0.1275,None,None,18.34,None
1999-09-30,1548241747,116118131,0.075,259786000000,None,226591000000,None,33195000000,0,0,0,0,None,1267000000,1267000000,0.82,0.78,0.05,5824000000,-4044000000,-1677000000,103000000,273000000,222000000,1228.3,1330,1126.6,0.1515,0.0199,285.87,4.35,30.14,11.02,0.0622,0,0.1278,None,None,48.24,None
1999-06-30,1238547708,116113847,0.09375,255019000000,None,222252000000,None,32767000000,0,0,0,0,None,1277000000,1277000000,1.03,1.02,0.06,1179000000,-4780000000,3525000000,-76000000,170000000,92000000,1303.7,1418,1189.4,0.1491,0.0201,282.2,4.75,33.12,10.36,0.0637,0,0.1285,None,None,9.36,None
1999-03-31,1238849022,116142095,0.09375,247070000000,None,215208000000,None,31862000000,0,0,0,0,None,1199000000,1199000000,0.97,0.96,0.056,949000000,-8314000000,7308000000,-57000000,246000000,51000000,1174,1308,1040,0.146,0.0204,274.34,4.95,30.83,9.72,0.0635,0,0.129,None,None,7.73,None
1998-12-31,1238282249,116088960,0.09375,194398000000,None,166867000000,None,27531000000,0,0,0,0,None,1006387000,1006387000,0.96,0.96,0.06,5563671000,-7622099000,2151386000,92958000,303000000,334202000,893.01,1076.05,709.97,0.1431,0.0208,237.15,3.35,24.22,9.12,0.0643,0,0.1416,None,None,45.05,None
1998-09-30,1049959401,98433693,0.09375,183922821000,None,157692095000,None,26230726000,0,0,0,0,None,931070000,931070000,0.89,0.88,0.06,471421000,-3111584000,2687268000,47105000,209959000,140229000,950.35,1087.36,813.33,0.1427,0.021,266.48,3.58,26.44,8.48,0.0614,0,0.1426,None,None,3.36,None
1998-06-30,1050001900,98437678,0.09375,176103221000,None,149973762000,None,26129459000,0,0,0,0,None,942011000,942011000,0.89,0.89,0.05,81251000,-2523612000,2460077000,17716000,162854000,85565000,955.31,1037.97,872.64,0.1419,0.0213,265.44,3.71,27.42,7.84,0.0591,0,0.1484,None,None,-0.04,None
1998-03-31,699633609,98385976,0.140625,169383853000,None,144017513000,None,25366340000,0,0,0,0,None,886532000,886532000,1.27,1.26,0.075,919657000,-1110705000,249269000,58221000,145138000,64004000,817.34,920,714.67,0.1411,0.0212,257.82,3.29,24.21,7.3,0.0601,0,0.1498,None,None,8.7,None
1997-12-31,699418258,98355692,0.140625,163970687000,None,139569560000,None,24401127000,0,0,0,0,None,884587000,884587000,1.27,None,0.08,294333000,-1020942000,640303000,-86306000,86917000,162646000,746.35,796.05,696.64,0.1405,0.0212,248.09,3.03,22.97,6.77,0.0603,0,0.1488,None,None,1.34,None
1997-09-30,701493275,98647491,0.140625,158612085000,None,134345125000,None,24266960000,0,0,0,0,None,840318000,840318000,1.19,None,0.07,-128513000,656882000,-441947000,86422000,173223000,173292000,714.35,757.33,671.36,0.1386,0.0209,246,3.01,28.98,6.2,0.0597,0,0.153,None,None,-3.06,None
1997-06-30,701245368,98612629,0.140625,156235279000,None,132812169000,None,23423110000,0,0,0,0,None,826495000,826495000,1.18,None,0.07,2277224000,-3021331000,753650000,9543000,86801000,156089000,626.66,712.64,540.69,0.1082,0.0162,237.53,2.73,20.72,5.7,0.0625,0,0.1499,None,None,21.51,None
1997-03-31,469558711,99047540,0.210938,151149414000,None,128388367000,None,22761047000,0,0,0,0,None,780935000,780935000,1.66,None,0.1,591944000,-1470142000,896716000,18518000,77258000,25029000,558.35,606.72,509.97,0.1375,0.0205,229.8,2.46,19.18,5.21,0.0609,0,0.1506,None,None,5.72,None
1996-12-31,469493068,99033694,0.210938,148431002000,None,125986778000,None,22444224000,0,0,0,0,None,770234000,770234000,1.64,None,0.1,4079848000,-4473461000,302349000,-91264000,58740000,290059000,513.5,545.8,481.19,0.1361,0.0202,226.63,2.37,18.27,4.73,0.0609,0,0.1512,None,None,38.27,None
1996-09-30,469437132,99021895,0.210938,144649284000,None,123187963000,None,21461321000,0,0,0,0,None,60219000,60219000,0.13,None,0.02,2525033000,-2208706000,-264258000,52069000,150004000,100659000,452.76,478.25,427.28,0.1351,0.0201,216.73,2.16,13.39,4.26,0.0615,0,0.1484,None,None,24.48,None
1996-06-30,469532248,99041958,0.210938,142715663000,None,121924671000,None,20790992000,0,0,0,0,None,1395586000,1395586000,2.95,None,0.17,857510000,-4006067000,3191852000,43295000,97935000,138354000,442.69,467.58,417.8,0.1675,0.0248,209.92,2.16,16.95,4.16,0.0609,0,0.1457,None,None,7.26,None
1996-03-31,473288982,99834394,0.210938,136602034000,None,116138988000,None,20463046000,0,0,0,0,None,671218000,671218000,1.42,None,0.085,2112516000,-3767423000,1621176000,-33731000,54640000,52149000,455.42,487.11,423.73,0.1336,0.0196,204.97,2.25,18.14,3.36,0.0627,0,0.1498,None,None,20.64,None
1995-12-31,474216248,100029989,0.210938,134136398000,None,113909295000,None,20227103000,0,0,0,0,None,673756000,673756000,1.43,None,0.09,1180187000,-2090322000,909765000,-370000,88371000,100700000,420.76,449.8,391.73,0.1338,0.0193,202.21,2.21,17.45,2.96,0.0636,0,0.1508,None,None,10.79,None
1995-09-30,474091562,100003688,0.210938,130287787000,None,111262305000,None,19025482000,0,0,0,0,None,630686000,630686000,1.33,None,0.09,329552000,-721883000,415065000,22734000,88741000,41875000,374.82,410.07,339.58,0.1352,0.0193,190.25,2.03,16.15,2.53,0.0641,0,0.146,None,None,2.88,None
1995-06-30,474193863,100025267,0.210938,130533693000,None,112106025000,None,18427668000,0,0,0,0,None,633785000,633785000,1.33,None,0.08,2697606000,-3910219000,1176784000,-35829000,66007000,128107000,351.12,375.7,326.54,0.1352,0.0192,184.23,2.02,15.67,2.1,0.0632,0,0.1412,None,None,25.69,None
1995-03-31,315947988,99967918,0.316406,125352552000,None,108005914000,None,17346638000,0,0,0,0,None,572156000,572156000,1.81,None,0.115,3001036000,-4496562000,1521125000,25599000,101836000,69881000,323.57,340.76,306.39,0.1352,None,173.52,1.95,14.9,1.72,0.0627,0,0.1384,None,None,29.32,None
1994-12-31,315892792,99950453,0.316406,114346117000,None,97724456000,None,16621661000,0,0,0,0,None,577676000,577676000,1.83,None,0.12,1389323000,-3361940000,1959411000,-13206000,76237000,169106000,296.11,315.26,276.95,0.1345,None,166.3,1.81,None,1.36,0.0625,0,0.1454,None,None,12.21,None
1994-09-30,316064101,100004656,0.316406,114559454000,None,98159646000,None,16399808000,0,0,0,0,None,542527000,542527000,1.71,None,0.11,995746000,-1220842000,216008000,-9088000,89443000,123194000,290.78,303.03,278.53,None,None,163.99,1.83,None,0.98,None,0,0.1432,None,None,8.73,None
1994-06-30,316457748,100129209,0.316406,112746460000,None,96801112000,None,15945348000,0,0,0,0,None,549694000,549694000,1.74,None,0.1,416166000,-1157943000,738699000,-3078000,98531000,91910000,285.24,304.99,265.48,None,None,159.25,1.82,None,0.63,None,0,0.1414,None,None,3.24,None
1994-03-31,316874728,100261144,0.316406,110246433000,None,94509468000,None,15736965000,0,0,0,0,None,505618000,505618000,1.59,None,0.1,2587560000,-3398566000,755134000,-55872000,101609000,85549000,276.75,292.76,260.74,None,None,156.96,1.8,None,0.32,None,0,0.1427,None,None,24.95,None
1993-12-31,317648221,100505882,0.316406,101014848000,None,85590653000,None,15424195000,0,0,0,0,None,None,None,None,None,0,None,None,None,None,157481000,0,286.83,309.35,264.31,None,None,153.47,None,None,0,None,0,0.1527,None,None,None,None
