"Quarter end","Shares","Shares split adjusted","Split factor","Assets","Current Assets","Liabilities","Current Liabilities","Shareholders equity","Non-controlling interest","Preferred equity","Goodwill & intangibles","Long-term debt","Revenue","Earnings","Earnings available for common stockholders","EPS basic","EPS diluted","Dividend per share","Cash from operating activities","Cash from investing activities","Cash from financing activities","Cash change during period","Cash at end of period","Capital expenditures","Price","Price high","Price low","ROE","ROA","Book value of equity per share","P/B ratio","P/E ratio","Cumulative dividends per share","Dividend payout ratio","Long-term debt to equity ratio","Equity to assets ratio","Net margin","Asset turnover","Free cash flow per share","Current ratio"
2019-03-31,173626998,173626998,1,11983117000,2638244000,6656440000,1638230000,4948776000,377901000,0,0,3110098000,591004000,40182000,40182000,0.23,0.23,0.25,217197000,-270338000,-68986000,-73642000,286281000,270338000,26.8,31.13,22.47,0.0589,0.0263,28.5,0.96,11.36,32.28,0.612,0.6285,0.413,0.1099,0.24,-0.31,1.6104
2018-12-31,173058829,173058829,1,11052587000,879814000,5854945000,846058000,4829299000,368343000,0,0,1027423000,692007000,103379000,103379000,0.61,0.6,0.25,222451000,-1038817000,271630000,-560359000,387373000,244194000,29.02,36.53,21.51,0.0867,0.0401,27.91,1.05,322.44,32.03,0.421,0.2127,0.4369,0.1599,0.25,-0.13,1.0399
2018-09-30,173056234,173056234,1,10026620000,1381286000,5259692000,875514000,4766928000,0,0,0,2903899000,674797000,93944000,93944000,0.54,0.54,0.25,372399000,-242707000,-45779000,46424000,947732000,242707000,32,34.87,29.13,0.0045,0.0021,27.55,1.19,None,31.78,8.2638,0.6092,0.4754,0.0085,0.25,0.75,1.5777
2018-06-30,173047246,173047246,1,9945449000,1315355000,5273811000,903557000,4671638000,0,0,0,2897345000,618194000,45518000,45518000,0.26,0.26,0.25,346025000,-340880000,-45783000,-37307000,901308000,340880000,30.18,35.98,24.39,-0.0293,-0.0139,27,1.11,None,31.53,None,0.6202,0.4697,None,0.23,0.03,1.4558
2018-03-31,173038005,173038005,1,9938210000,1308043000,5245903000,866071000,4692307000,0,0,0,2898850000,585605000,168253000,168253000,0.97,0.96,0.25,278521000,-273641000,-52304000,-26373000,938615000,273641000,29.82,35.16,24.48,-0.0419,-0.0201,27.12,1.11,None,31.28,None,0.6178,0.4721,None,0.21,0.03,1.5103
2017-12-31,172572873,172572873,1,9860942000,1371603000,5240751000,834207000,4620191000,0,0,0,2906520000,587694000,-286789000,-286789000,-1.67,-1.67,0.25,308878000,-302890000,-45331000,-32219000,964988000,302890000,28.33,32.13,24.52,-0.0638,-0.0308,26.77,0.98,None,31.03,None,0.6291,0.4685,None,0.22,0.03,1.6442
2017-09-30,172572873,172572873,1,10192759000,1447157000,5212625000,831530000,4980134000,0,0,0,2908285000,498319000,-65893000,-65893000,-0.38,-0.38,0.25,240240000,-233285000,-67049000,-61280000,997207000,269920000,24.96,27.71,22.21,-0.0179,-0.0087,28.86,0.87,None,30.78,None,0.584,0.4886,None,0.21,-0.17,1.7404
2017-06-30,172572873,172572873,1,10136801000,1540583000,5159113000,1357642000,4977688000,0,0,0,2367059000,474497000,-17571000,-17571000,-0.1,-0.1,0.25,285949000,-48834000,-46738000,182634000,1058487000,219817000,26.5,29.39,23.61,-0.0079,-0.0038,28.84,0.92,None,30.53,None,0.4755,0.4911,None,0.21,0.38,1.1347
2017-03-31,172546147,172546147,1,10271987000,1609856000,5313504000,1468649000,4958483000,0,0,0,2421611000,664619000,58464000,58464000,0.34,0.34,0.25,305513000,-246985000,-58604000,3056000,875853000,147534000,28.92,32.62,25.22,-0.0037,-0.0018,28.74,1.01,None,30.28,None,0.4884,0.4827,None,0.21,0.92,1.0961
2016-12-31,172396581,172396581,1,10295860000,1559183000,5379181000,1502432000,4916679000,0,0,0,2422750000,505839000,-63922000,-63922000,-0.37,-0.37,0.35,317615000,-141284000,-42972000,119704000,872797000,144759000,29.65,34.3,25,-0.0542,-0.0262,28.52,1,None,30.03,None,0.4928,0.4775,None,0.18,1,1.0378
2016-09-30,172200075,172200075,1,10394015000,1605124000,5308427000,914201000,5085588000,0,0,0,2973888000,500533000,-16176000,-16176000,-0.09,-0.09,0.25,164617000,-163887000,484121000,485610000,753093000,175783000,28.87,33.35,24.39,-0.1539,-0.0739,29.53,0.96,None,29.68,None,0.5848,0.4893,None,0.19,-0.06,1.7558
2016-06-30,172199108,172199108,1,9914632000,1037855000,4742939000,880749000,5171693000,0,0,0,2435486000,437462000,2930000,2930000,0.02,0.02,0.25,72939000,785206000,-1039021000,-157892000,267483000,-758734000,30.38,37.48,23.29,-0.4382,-0.2091,30.03,1,None,29.43,None,0.4709,0.5216,None,0.2,4.83,1.1784
2016-03-31,172195169,172195169,1,11460697000,1698930000,6255609000,1377755000,5205088000,0,0,0,3409518000,430295000,-198802000,-198802000,-1.16,-1.16,0.35,45624000,-193948000,306991000,139880000,423063000,209996000,21.59,27.94,15.23,-0.4024,-0.1936,30.23,0.7,None,29.18,None,0.655,0.4542,None,0.2,-0.95,1.2331
2015-12-31,172034472,172034472,1,11493812000,1448416000,6187084000,1674629000,5306728000,0,0,0,3040594000,658094000,-587132000,-587132000,-3.41,-3.41,0.35,76702000,-338528000,-348487000,-595484000,283183000,574598000,26.37,31.03,21.71,-0.3314,-0.1669,30.85,0.75,None,28.83,None,0.573,0.4617,None,0.22,-2.89,0.8649
2015-09-30,172024733,172024733,1,12627962000,2165803000,6599508000,1651235000,6028454000,0,0,0,3327689000,714949000,-1595426000,-1595426000,-9.26,-9.26,0.35,461896000,-586104000,-662000,-30601000,878667000,540718000,32.59,41.42,23.76,-0.1706,-0.0877,35.04,0.72,10.97,28.48,None,0.552,0.4774,None,0.25,-0.46,1.3116
2015-06-30,172751942,172751942,1,15149964000,2499433000,7283918000,1806788000,7866046000,0,0,0,3264868000,738290000,-73834000,-73834000,-0.42,-0.42,0.35,160781000,-621122000,353430000,-71734000,909268000,603911000,45.99,50.56,41.42,0.0645,0.0328,45.53,1,11.19,28.13,0.4637,0.4151,0.5192,0.1184,0.28,-2.57,1.3834
2015-03-31,177969015,177969015,1,15160837000,2588188000,6956359000,2176919000,8204478000,0,0,0,2591709000,921747000,-14441000,-14441000,-0.08,-0.08,0.35,468985000,-371053000,-368842000,-212306000,981002000,406598000,47.59,51.77,43.4,0.0877,0.0435,46.1,0.99,9.44,27.78,0.3289,0.3159,0.5412,0.144,0.3,0.35,1.1889
2014-12-31,177501534,177501534,1,16742307000,3279149000,8168873000,3147887000,8573434000,0,0,0,2536238000,1407626000,375239000,375239000,2.11,2.1,0.35,655059000,801972000,-1037292000,418497000,1193308000,-591149000,50.26,56.13,44.39,0.1076,0.0517,48.3,1.06,15.14,27.43,0.2604,0.2958,0.5121,0.1654,0.31,7.02,1.0417
2014-09-30,177494772,177494772,1,17845766000,3287118000,9443258000,2620217000,8402508000,0,0,38198000,3986261000,1433037000,245707000,245707000,1.38,1.37,0.35,894334000,-1008165000,137716000,12935000,674021000,966112000,61.97,67.75,56.18,0.0719,0.0342,47.34,1.31,17.91,27.08,0.3805,0.4744,0.4708,0.1122,0.31,-0.4,1.2545
2014-06-30,177571522,177571522,1,17873934000,3232933000,9475037000,2850521000,8398897000,0,0,40083000,3786494000,1349021000,129412000,129412000,0.72,0.72,0.3125,723804000,-910129000,188498000,12474000,661086000,841263000,63.21,66.82,59.61,0.0754,0.0366,47.3,1.37,13.01,26.73,3.2512,0.4508,0.4699,0.0931,0.39,-0.66,1.1342
2014-03-31,179446784,179446784,1,17551138000,3373559000,9247060000,3056844000,8304078000,0,0,38702000,3415621000,1286400000,155253000,155253000,0.86,0.85,0.3125,735879000,-1001955000,166368000,-101543000,648612000,996192000,59.69,63.7,55.68,0.1051,0.0515,46.28,1.27,10.13,26.42,2.2868,0.4113,0.4731,0.0718,0.72,-1.45,1.1036
2013-12-31,183181954,183181954,1,17509484000,3508643000,8913754000,3224031000,8595730000,0,0,40259000,2936563000,1331700000,75400000,75400000,0.38,0.38,0.31,959971000,-985309000,-261427000,-283782000,750155000,866094000,59.36,63.74,54.97,0.1256,0.0628,46.92,1.24,9.38,26.1,1.872,0.3416,0.4909,0.0619,1.01,0.51,1.0883
2013-09-30,186982610,186982610,1,17491086000,3770806000,8573040000,3184226000,8918046000,0,0,41482000,2583210000,2957857000,284809000,284809000,1.52,1.51,10.3125,1009506000,-1038930000,70180000,59511000,1033937000,759226000,52.52,56.24,48.8,0.1336,0.0674,47.69,1.07,8.78,25.79,2.1461,0.2897,0.5099,0.05,1.35,1.34,1.1842
2013-06-30,186889023,186889023,1,18824975000,4415713000,9690803000,3752307000,9134172000,0,0,40652000,3046062000,7217842000,402644000,402644000,2.13,2.12,0.3125,747883000,-773000000,-112630000,-142679000,974426000,931245000,50.38,57.12,43.65,0.1247,0.065,48.87,1.05,9.36,15.48,0.6224,0.3335,0.4852,0.0406,1.6,-0.98,1.1768
2013-03-31,190973679,190973679,1,17751685000,4098803000,8613191000,3272083000,9138494000,0,0,42034000,2507311000,6639954000,360599000,360599000,1.89,1.88,0.3125,921127000,-933940000,196170000,169789000,1117105000,1039886000,60.29,64.76,55.82,0.1126,0.0623,47.85,1.29,12.08,15.17,0.6817,0.2744,0.5148,0.0368,1.69,-0.62,1.2527
2012-12-31,190666200,190666200,1,17522643000,4108583000,8580608000,3409081000,8942035000,0,0,43103000,2245201000,7318911000,158687000,158687000,0.82,0.82,2.85,955054000,-1087239000,263042000,130622000,947316000,5607396000,59.36,63.74,54.97,0.105,0.0606,46.9,1.2,16.58,14.86,0.7248,0.2511,0.5103,0.0339,1.79,-24.4,1.2052
2012-09-30,194338081,194338081,1,16589837000,4101972000,6973079000,3224621000,9616758000,0,0,43470000,1184580000,7122277000,226681000,226681000,1.17,1.16,0.275,754109000,-953080000,335134000,145052000,816694000,898750000,52.52,56.24,48.8,0.0759,0.046,49.48,1.1,11.65,12.01,0.3073,0.1232,0.5797,0.0271,1.7,-0.74,1.2721
2012-06-30,194256715,194256715,1,15000768000,3443953000,5696140000,2550753000,9304628000,0,0,42068000,791528000,7190339000,295437000,295437000,1.52,1.52,0.275,356112000,-751592000,138792000,-265007000,671642000,777155000,50.38,57.12,43.65,0.0973,0.0589,47.9,1.07,10.98,11.73,0.2442,0.0851,0.6203,0.0339,1.74,-2.17,1.3502
2012-03-31,194167569,194167569,1,14936948000,3804603000,5817865000,3245889000,9119083000,0,0,42820000,249565000,6994519000,290071000,290071000,1.5,1.49,0.275,991006000,-525511000,-51259000,422776000,936649000,567141000,60.29,64.76,55.82,0.1004,0.0595,46.97,1.33,13.46,11.46,0.2395,0.0274,0.6105,0.0326,1.82,2.18,1.1721
2011-12-31,193877158,193877158,1,14138138000,3447671000,5359741000,2824928000,8778397000,0,0,41863000,249553000,4431948000,-113928000,-113928000,-0.59,-0.59,0.28,268638000,-269460000,-769495000,-765108000,513873000,771904000,50.39,58.67,42.1,0.0997,0.0581,45.28,1.1,8.44,11.18,0.2451,0.0284,0.6209,0.0315,1.85,-2.6,1.2204
2011-09-30,193521911,193521911,1,15491082000,4460630000,6602730000,3463870000,8888352000,0,0,40716000,1324541000,7240443000,406114000,406114000,2.1,2.09,0.275,958805000,-198250000,-263778000,477735000,1278981000,597263000,56.88,69.71,44.05,0.1348,0.0772,45.93,1.25,11.54,10.9,0.184,0.149,0.5738,0.0389,1.98,1.87,1.2878
2011-06-30,193512972,193512972,1,15567036000,4213517000,6737870000,3343068000,8829166000,0,0,44390000,1184529000,8721491000,311613000,311613000,1.61,1.6,0.275,395042000,-784109000,500009000,111827000,801246000,705147000,70,77.48,62.53,0.1142,0.0656,45.63,1.59,14.77,10.63,0.2228,0.1342,0.5672,0.0334,1.96,-1.6,1.2604
2011-03-31,193426362,193426362,1,14884121000,3921489000,6352884000,3180961000,8531237000,0,0,44061000,974392000,7351667000,268903000,268903000,1.39,1.38,0.275,522900000,-362535000,-15059000,153594000,689419000,526726000,70.92,76.11,65.74,0.1135,0.0651,44.11,1.67,17.17,10.35,0.2266,0.1142,0.5732,0.036,1.81,-0.02,1.2328
2010-12-31,192853864,192853864,1,14233243000,3550693000,6033693000,2930910000,8199550000,0,0,42850000,1878741000,6509197000,174069000,174069000,0.9,0.9,0.28,927677000,-740903000,-118994000,73433000,535825000,707661000,68.19,75.37,61.01,0.1017,0.0584,42.52,1.65,13.97,10.08,0.254,0.2291,0.5761,0.0342,1.71,1.14,1.2115
2010-09-30,192366738,192366738,1,13732622000,3456856000,5765703000,2751689000,7966919000,0,0,41550000,1024339000,6063783000,202832000,202832000,1.06,1.05,0.275,753138000,-461497000,-237075000,63572000,462392000,625895000,55.18,61.92,48.44,0.1235,0.0709,41.42,1.38,11.47,9.8,0.2084,0.1286,0.5801,0.0416,1.7,0.66,1.2563
2010-06-30,191793286,191793286,1,13547316000,3715779000,5880348000,2723651000,7666968000,0,0,40195000,1226606000,5591931000,272289000,272289000,1.42,1.41,0.25,618346000,-472238000,-40947000,98847000,398820000,549590000,55.69,61.82,49.55,0.1259,0.0718,39.98,1.41,13.17,9.52,0.206,0.16,0.5659,0.0426,1.68,0.36,1.3643
2010-03-31,191482649,191482649,1,13169842000,3485959000,5616257000,2451380000,7553585000,0,0,42115000,1231235000,5180160000,148891000,148891000,0.78,0.77,0.25,829397000,-654174000,-168930000,-1171000,299973000,529976000,54.92,59.71,50.13,0.1145,0.0648,39.45,1.43,12.63,9.27,0.2344,0.163,0.5736,0.0393,1.65,1.56,1.422
2009-12-31,191136278,191136278,1,12756359000,3375695000,5410333000,2181608000,7346026000,0,0,40652000,1353183000,5827237000,318870000,318870000,1.67,1.65,0.25,678166000,-453853000,-251941000,-13923000,301144000,451245000,58.92,64.66,53.18,0.1228,0.0695,38.43,1.62,17.54,9.02,0.2279,0.1842,0.5759,0.0441,1.58,1.19,1.5473
2009-09-30,190932460,190932460,1,12279046000,3182703000,5327604000,1985973000,6951442000,0,0,42605000,1479878000,5183757000,188877000,188877000,0.99,0.98,0.25,673965000,-759835000,-95592000,-192016000,315067000,539301000,56.09,61.79,50.38,0.0986,0.0555,36.41,1.61,10.35,8.77,0.2953,0.2129,0.5661,0.0367,1.51,0.71,1.6026
2009-06-30,190816602,190816602,1,12109268000,3192739000,5471648000,1909511000,6637620000,0,0,39201000,1531326000,4555846000,158770000,158770000,0.83,0.83,0.25,132475000,-482573000,488396000,179680000,507083000,497923000,52.21,60.49,43.93,0.1616,0.0903,34.79,1.57,6.69,8.52,0.1831,0.2307,0.5481,0.0505,1.79,-1.92,1.672
2009-03-31,190787349,190787349,1,11064876000,2717368000,4724674000,1795214000,6340202000,0,0,36153000,996274000,3445552000,171104000,171104000,0.9,0.89,0.25,380027000,-635646000,-73834000,-338707000,327403000,518766000,44.98,51.79,38.18,0.2384,0.1298,33.23,1.37,4.96,8.27,0.119,0.1571,0.573,0.0615,2.11,-0.73,1.5137
2008-12-31,190738655,190738655,1,11149098000,2846964000,4870153000,1888146000,6278945000,0,0,37370000,1029363000,4430626000,127368000,127368000,0.67,0.66,0.25,443248000,-460927000,-78238000,-161990000,666110000,282792000,49.11,61.23,37,0.2863,0.1498,32.92,1.43,5.19,8.02,0.0958,0.1639,0.5632,0.0632,2.37,0.84,1.5078
2008-09-30,190484694,190484694,1,11830770000,3637877000,5311265000,2309100000,6519505000,0,0,42805000,1069311000,8186033000,584422000,584422000,3.08,3.04,0.25,1088078000,-818194000,-520426000,-288405000,828100000,550743000,80.77,100.93,60.61,0.315,0.1586,34.23,2.54,10.81,7.77,0.0852,0.164,0.5511,0.0634,2.5,2.82,1.5755
2008-06-30,190434726,190434726,1,12231196000,4256945000,6164753000,2695493000,6066443000,0,0,44605000,1543259000,8363150000,619204000,619204000,3.27,3.22,0.1875,1062057000,-624417000,-192698000,247376000,1116505000,530030000,90.54,98.05,83.03,0.2673,0.1317,31.86,3.16,16.25,7.52,0.0996,0.2544,0.496,0.0567,2.32,2.79,1.5793
2008-03-31,189979507,189979507,1,11260793000,3384620000,5818096000,2190166000,5442697000,0,0,46340000,1714208000,6532731000,408992000,408992000,2.16,2.14,0.1875,446529000,-419661000,181989000,195422000,869129000,518038000,77.69,85.85,69.54,0.2133,0.1067,28.65,2.91,19.37,7.33,0.1272,0.315,0.4833,0.0494,2.16,-0.38,1.5454
2007-12-31,189730149,189730149,1,10535849000,2886792000,5442809000,2109262000,5066174000,26866000,0,51450000,1516156000,5609855000,206118000,206118000,1.1,1.07,0.19,825396000,-947600000,-1000000,-115958000,673707000,653458000,76.67,85.38,67.97,0.1634,0.0835,26.7,2.97,22.55,7.15,0.167,0.2993,0.4809,0.0416,2.01,0.91,1.3686
2007-09-30,189257665,189257665,1,9530944000,2696587000,4623253000,1519681000,4880575000,27116000,0,51758000,1496434000,4780732000,199535000,199535000,1.06,1.04,0.1875,231713000,-528293000,376398000,96209000,789665000,467134000,63.97,70.05,57.9,0.146,0.077,25.79,2.63,18.07,6.96,0.1854,0.3066,0.5121,0.04,1.93,-1.24,1.7744
2007-06-30,188503412,188503412,1,8588666000,2391846000,3981893000,1442491000,4581209000,25564000,0,48213000,1105168000,4613627000,250242000,250242000,1.33,1.32,0.15,451307000,-524286000,128651000,83776000,693456000,521331000,57.08,60.99,53.16,0.1586,0.0853,24.3,2.54,17.04,6.77,0.1679,0.2412,0.5334,0.0431,1.98,-0.37,1.6581
2007-03-31,188126817,188126817,1,8076484000,2403384000,3818441000,1543284000,4234436000,23607000,0,44509000,969397000,3434884000,110634000,110634000,0.59,0.58,0.15,232004000,-286334000,120733000,66290000,609680000,300309000,50.36,54.79,45.93,0.1568,0.0848,22.51,2.33,14.94,6.62,0.166,0.2289,0.5243,0.0431,1.97,-0.36,1.5573
2006-12-31,187637200,187637200,1,7445727000,2107091000,3369711000,1311105000,4052676000,23340000,0,44057000,840275000,3363784000,87557000,87557000,0.47,0.46,0.15,348291000,-305901000,39758000,74037000,543390000,283683000,49.7,54.28,45.12,0.1644,0.0899,21.6,2.29,13.29,6.47,0.1539,0.2073,0.5443,0.0446,2.02,0.34,1.6071
2006-09-30,187057469,187057469,1,7346343000,2171171000,3281559000,1429051000,4064784000,0,0,45963000,789534000,4153422000,222775000,222775000,1.2,1.18,0.15,430361000,-268344000,-107975000,54641000,469353000,273665000,51.4,56.9,45.9,0.1889,0.1032,21.73,2.5,13.56,6.32,0.1285,0.1942,0.5533,0.0499,2.07,0.84,1.5193
2006-06-30,186840652,186840652,1,7101599000,2147680000,3255394000,1372869000,3846205000,0,0,46025000,875493000,3798918000,214075000,214075000,1.15,1.13,0.1125,260000,-326941000,250121000,-66193000,414712000,331005000,51.55,55.86,47.23,0.2012,0.1088,20.59,2.7,11.43,6.17,0.1169,0.2276,0.5416,0.0536,2.03,-1.77,1.5644
2006-03-31,186635299,186635299,1,6507432000,1852286000,2941457000,1324841000,3565975000,0,0,43960000,609558000,2991263000,113872000,113872000,0.61,0.6,0.1125,183790000,-277480000,-10469000,-104428000,480905000,279474000,52.25,59.15,45.36,0.2533,0.1357,19.11,2.82,11.59,6.06,0.0981,0.1709,0.548,0.068,1.99,-0.51,1.3981
2005-12-31,186567899,186567899,1,6368511000,1838946000,2907521000,1287008000,3460990000,0,0,44206000,609574000,3195418000,154558000,154558000,0.84,0.83,0.11,455542000,-370809000,-30433000,53678000,585333000,192459000,48.94,55.79,42.08,0.27,0.1413,18.55,2.74,11.12,5.94,0.0979,0.1761,0.5435,0.0713,1.98,1.41,1.4289
2005-09-30,185530931,185530931,1,6243358000,1915519000,2931404000,1333059000,3311954000,0,0,44170000,609513000,3316919000,230948000,230948000,1.25,1.23,0.1125,317353000,-290483000,-12246000,23922000,531655000,304728000,52.46,55.98,48.94,0.2818,0.1434,17.85,3.19,13.79,5.83,0.1,0.184,0.5305,0.0751,1.91,0.07,1.4369
2005-06-30,184430478,184430478,1,5853965000,1779896000,2815574000,1279401000,3038391000,0,0,42667000,608873000,2949942000,347793000,347793000,1.89,1.85,0.1125,245745000,-163219000,-35587000,43869000,507733000,317074000,48.98,54.87,43.1,0.2619,0.1275,16.47,3.31,12.79,5.72,0.1154,0.2004,0.519,0.0716,1.78,-0.39,1.3912
2005-03-31,92215220,184430440,2,5488740000,1568835000,2760183000,1167051000,2728557000,0,0,43206000,613261000,2414872000,113153000,113153000,1.23,1.2,0.225,206622000,-241129000,-30051000,-71661000,463864000,259328000,45.2,52.35,38.05,0.2804,0.1311,14.79,3.14,12.04,5.61,0.1118,0.2248,0.4971,0.0785,1.67,-0.29,1.3443
2004-12-31,92034083,184068166,2,5458243000,1629363000,2809087000,1204991000,2649156000,0,0,43582000,613355000,2322545000,134480000,134480000,1.46,1.44,0.22,226375000,-224537000,-450146000,-419604000,535525000,146907000,40.97,43.15,38.78,0.2948,0.1324,14.39,3.03,12.23,5.5,0.1109,0.2315,0.4853,0.0839,1.58,0.43,1.3522
2004-09-30,92008761,184017522,2,5602154000,1983560000,3111997000,1141331000,2490157000,0,0,41444000,1047067000,2293455000,118723000,118723000,1.29,1.27,0.225,315487000,-309364000,-36524000,8120000,955129000,332990000,39.23,43.38,35.07,0.2837,0.1223,13.53,3.07,12.72,5.39,0.1213,0.4205,0.4445,0.0836,1.46,-0.1,1.7379
2004-06-30,92004733,184009466,2,5301362000,1947120000,2950782000,1070913000,2350580000,0,0,39191000,1046844000,2095767000,349873000,349873000,3.8,3.75,0.2,249281000,385473000,2525000,649623000,947009000,202632000,34.15,36.85,31.45,0.2799,0.1183,12.77,3.1,20.82,5.27,0.1278,0.4454,0.4434,0.0887,1.33,0.25,1.8182
2004-03-31,91975758,183951516,2,4833575000,1112921000,2807027000,915421000,2026548000,0,0,46426000,1022903000,1648072000,98239000,98239000,1.07,1.05,0.2,305875000,-175106000,-85881000,44961000,297386000,195516000,31.27,33.49,29.04,0.1576,0.0655,11.02,2.94,19.73,5.17,0.2408,0.5048,0.4193,0.0538,1.22,0.6,1.2157
2003-12-31,91880304,183760608,2,4712647000,1038855000,2761764000,810326000,1950883000,0,0,64873000,1090307000,1448845000,58662000,58662000,0.63,0.63,0.2,108990000,-120804000,16826000,15314000,252425000,43954000,31.38,34.01,28.76,0.1583,0.0651,10.62,3.04,19.86,5.07,0.2497,0.5589,0.414,0.055,1.18,0.35,1.282
2003-09-30,91855935,183711870,2,4617404000,974749000,2720154000,837805000,1897250000,0,0,62325000,1058170000,1296504000,68737000,68737000,0.75,0.74,0.2,204156000,-242923000,54113000,16843000,237111000,251967000,26.64,29.5,23.79,0.1657,0.068,10.33,2.61,18.86,4.97,0.2505,0.5577,0.4109,0.0612,1.11,-0.26,1.1635
2003-06-30,91840563,183681126,2,4495709000,987385000,2623441000,829131000,1872268000,0,0,59552000,987093000,1277576000,79686000,79686000,0.87,0.86,0.2,126586000,-208875000,75108000,3379000,220268000,269954000,23.55,26.67,20.43,0.1556,0.0638,10.19,2.52,22.27,4.87,0.2803,0.5272,0.4165,0.0567,1.13,-0.78,1.1909
2003-03-31,91786970,183573940,2,4244324000,967352000,2529953000,825259000,1714371000,0,0,54593000,895497000,1322313000,87112000,87112000,0.95,0.94,0.2,212546000,-175245000,15486000,51932000,216889000,183281000,21.02,22.62,19.42,0.122,0.05,9.34,2.42,34.89,4.77,0.3682,0.5223,0.4039,0.0438,1.14,0.16,1.1722
2002-12-31,91699376,183398752,2,3885775000,854160000,2292222000,717892000,1593553000,0,0,51037000,862808000,892301000,57637000,57637000,0.63,0.62,0.2,265155000,-201677000,-28369000,38581000,164957000,150925000,21.06,23.05,19.07,0.0717,0.03,8.69,2.49,46.54,4.67,0.6367,0.5414,0.4101,0.028,1.07,0.62,1.1898
2002-09-30,45820451,183281804,4,3780994000,845639000,2231173000,653032000,1549821000,0,0,50564000,875009000,1127406000,37408000,37408000,0.82,0.81,0.4,96717000,-172180000,58891000,-14610000,126376000,198836000,19.05,21.86,16.23,0.054,0.0232,8.46,2.22,39.9,4.57,0.8457,0.5646,0.4099,0.021,1.11,-0.56,1.2949
2002-06-30,45816063,183264252,4,3778556000,879005000,2207118000,687896000,1571438000,0,0,52908000,805301000,1134717000,13929000,13929000,0.3,0.3,0.375,138257000,-210461000,116806000,49857000,140986000,211379000,22.66,24.85,20.48,0.0573,0.0252,8.57,2.75,17.53,4.47,0.7883,0.5125,0.4159,0.022,1.15,-0.4,1.2778
2002-03-31,45723653,182894612,4,3438088000,693833000,1933300000,581317000,1504788000,0,0,50291000,672857000,829903000,2534000,2534000,0.06,0.06,0.375,32715000,-177128000,153942000,8477000,91129000,204860000,21.61,24.09,19.13,0.1573,0.0706,8.23,2.62,11.89,4.38,0.2902,0.4471,0.4377,0.0572,1.23,-0.94,1.1936
2001-12-31,45359683,181438732,4,3259099000,598661000,1760936000,560057000,1498163000,0,0,50412000,520785000,849409000,28770000,28770000,0.64,0.64,0.38,108768000,-213828000,28452000,-78602000,82652000,212708000,19.13,21.25,17,0.2288,0.1015,8.26,2.32,9.12,4.29,0.2059,0.3476,0.4597,0.0739,1.37,-0.57,1.0689
2001-09-30,45309458,181237832,4,3318267000,778057000,1823776000,674553000,1494491000,0,0,43632000,482108000,1139336000,41729000,41729000,0.92,0.91,0.375,175017000,-193108000,-31519000,-44713000,161254000,193076000,19.04,21.43,16.64,0.2753,0.1182,8.25,2.31,8.13,4.19,0.1781,0.3226,0.4504,0.0667,1.77,-0.1,1.1534
2001-06-30,45300630,181202520,4,3333859000,864288000,1841861000,688129000,1491998000,0,0,46291000,503175000,1300379000,162568000,162568000,3.6,3.56,0.375,118467000,-57527000,-19936000,40668000,205967000,57361000,19.38,21.96,16.79,0.325,0.1378,8.23,2.69,10.11,4.1,0.1595,0.3372,0.4475,0.0771,1.79,0.34,1.256
2001-03-31,45075469,180301876,4,3130125000,772621000,1830201000,705548000,1299924000,0,0,45256000,514306000,1189385000,97836000,97836000,2.17,2.16,0.375,233452000,-177475000,-18481000,32598000,165299000,177383000,15.53,17.25,13.81,0.2848,0.1189,7.21,2.22,9.47,4,0.192,0.3956,0.4153,0.0681,1.75,0.31,1.0951
2000-12-31,45047369,180189476,4,3134353000,816937000,1874793000,745227000,1259560000,0,0,48396000,524759000,2098546000,79634000,79634000,1.77,1.76,0.38,177262000,-229413000,29274000,-22560000,132701000,102333000,15.29,17.22,13.35,0.2546,0.1072,6.99,2.32,9.99,3.91,0.2208,0.4166,0.4019,0.064,1.68,0.42,1.0962
2000-09-30,45053009,180212036,4,2753400000,823638000,1567001000,637948000,1186399000,0,0,0,386738000,933557000,85589000,85589000,1.9,1.89,0.375,215151000,-132913000,-27089000,52749000,155261000,132975000,15.63,17.27,14,0.2481,0.1066,6.58,2.49,11.64,3.81,0.2319,0.326,0.4309,0.0866,1.23,0.46,1.2911
2000-06-30,45031138,180124552,4,2664942000,759685000,1533355000,607756000,1131587000,0,0,0,397288000,878396000,84172000,84172000,1.87,1.86,0.35,186758000,-124893000,-11179000,48266000,102512000,124836000,15.16,16.63,13.69,0.2263,0.097,6.28,2.51,15.71,3.72,0.2601,0.3511,0.4246,0.0837,1.16,0.34,1.25
2000-03-31,45012217,180048868,4,2520260000,642189000,1434933000,535205000,1085327000,0,0,0,392869000,728666000,47433000,47433000,1.05,1.05,0.35,168580000,-131492000,-15886000,20114000,54246000,131482000,13.96,15.86,12.05,0.1693,0.0722,6.03,2.38,20.99,3.63,0.3623,0.362,0.4306,0.0705,1.02,0.21,1.1999
1999-12-31,45013897,180055588,4,2445508000,593112000,1388336000,487635000,1057172000,0,0,0,393164000,652886000,59474000,59474000,1.32,1.32,0.35,135154000,-94298000,-49610000,-9844000,34132000,94752000,14.1,15.39,12.81,0.1204,0.0513,5.87,2.52,None,3.55,0.526,0.3719,0.4323,0.0586,0.87,0.22,1.2163
1999-09-30,44974135,179896540,4,2362724000,546548000,1355012000,453771000,1007712000,0,0,0,427175000,633555000,51211000,51211000,1.14,1.14,0.35,142404000,-68813000,-75727000,-919000,43976000,66255000,12.79,13.66,11.92,-0.0009,-0.0004,5.6,2.4,None,3.46,None,0.4239,0.4265,None,0.78,0.42,1.2045
1999-06-30,44966199,179864796,4,2307311000,520404000,1349406000,405923000,957905000,0,0,0,487362000,450491000,15720000,15720000,0.35,0.35,0.35,100747000,-92381000,21509000,29383000,44895000,91546000,11.54,12.73,10.35,-0.0436,-0.0193,5.33,2.17,None,3.37,None,0.5088,0.4152,None,0.7,0.05,1.282
1999-03-31,44958766,179835064,4,2221484000,474599000,1267454000,365472000,954030000,0,0,0,447875000,304266000,-6698000,-6698000,-0.15,-0.15,0.35,-9427000,-93774000,90986000,-12759000,15512000,93181000,9.44,10.66,8.22,-0.036,-0.0165,5.31,1.74,None,3.28,None,0.4695,0.4295,None,0.7,-0.57,1.2986
1998-12-31,44952042,179808168,4,2164419000,437366000,1186186000,380750000,978233000,0,0,0,333473000,376233000,-61149000,-61149000,-1.36,-1.36,0.35,39331000,-89460000,50232000,-608000,28271000,87894000,9.82,10.58,9.05,-0.0137,-0.0065,5.44,1.66,22.32,3.2,None,0.3409,0.452,None,0.76,-0.27,1.1487
1998-09-30,44965866,179863464,4,2260630000,469684000,1197507000,435435000,1063123000,0,0,0,268069000,433319000,9015000,9015000,0.2,0.2,0.35,120204000,-98077000,-16150000,6243000,28879000,97938000,10.8,12.98,8.63,0.0731,0.0351,5.91,1.8,17.28,3.11,0.7716,0.2522,0.4703,0.0417,0.84,0.12,1.0787
1998-06-30,44961027,179844108,4,2235222000,468420000,1156554000,400438000,1078668000,0,0,0,268335000,448645000,22199000,22199000,0.49,0.49,0.35,98209000,-90444000,-1113000,6324000,22636000,92678000,12.72,13.42,12.03,0.1038,0.0501,6,2.11,19.42,3.02,0.5418,0.2488,0.4826,0.0557,0.9,0.03,1.1698
1998-03-31,44956718,179826872,4,2239600000,474305000,1153551000,413781000,1086049000,0,0,0,253613000,440651000,15541000,15541000,0.35,0.35,0.35,63347000,-103122000,31774000,-7976000,16312000,100826000,12.73,13.61,11.86,0.1095,0.053,6.04,2.12,17.26,2.93,0.5073,0.2335,0.4849,0.0567,0.93,-0.21,1.1463
1997-12-31,44956718,179826872,4,2238319000,517752000,1158968000,469419000,1079351000,0,0,0,205853000,565413000,31909000,31909000,0.72,None,0.3,86880000,-102459000,-30349000,-45283000,24288000,102936000,14.48,15.64,13.33,0.1252,0.0604,6,2.43,18.1,2.85,2.5422,0.1907,0.4822,0.0619,0.97,-0.09,1.103
1997-09-30,44886865,179547460,4,2222971000,515989000,1153279000,484211000,1069692000,0,0,0,209876000,556314000,42325000,42325000,0.94,None,0.35,171241000,-98060000,-31831000,40334000,69571000,98065000,13.45,14.7,12.19,0.1378,0.0656,5.96,2.3,16.81,2.77,2.3442,0.1962,0.4812,0.0682,0.96,0.41,1.0656
1997-06-30,44877167,179508668,4,2155560000,457656000,1106316000,416121000,1049244000,0,0,0,229550000,507724000,27556000,27556000,0.61,None,0.325,41782000,-110118000,16026000,-52127000,29237000,110490000,11.53,12.31,10.75,None,None,5.85,2.01,14.37,2.68,2.3367,0.2188,0.4868,0.0691,None,-0.38,1.0998
1997-03-31,44875968,179503872,4,2157981000,503628000,1126843000,473496000,1031138000,0,0,0,200973000,508316000,30616000,30616000,0.68,None,6.525,101940000,-112945000,-15435000,-28343000,81364000,112764000,12.53,13.56,11.5,None,None,5.74,2.19,16.33,2.6,2.3283,0.1949,0.4778,0.069,None,-0.06,1.0636
1996-12-31,44873752,179495008,4,2243786000,610169000,1216308000,554041000,1027478000,0,0,0,201828000,539388000,43464000,43464000,0.97,None,0.32,None,None,None,None,109707000,0,12.97,14.13,11.81,None,None,5.72,None,None,0.97,0.4215,0.1964,0.4579,0.0682,None,None,1.1013
1996-09-30,44870000,179480000,4,None,None,None,None,None,0,0,0,0,527199000,42305000,42305000,0.94,None,0.325,None,None,None,None,None,0,11.41,12.25,10.56,None,None,None,None,None,0.89,None,None,None,None,None,None,None
1996-06-30,44863112,179452448,4,2198522000,543257000,1073896000,446463000,1124626000,0,0,0,198358000,518372000,28072000,28072000,0.62,None,0.325,70137000,-86721000,-14574000,-30867000,59993000,85925000,11.41,12.25,10.56,-0.0892,-0.0469,6.27,1.85,None,0.81,None,0.1764,0.5115,None,0.82,-0.09,1.2168
1996-03-31,44852321,179409284,4,2165323000,542917000,1057186000,443849000,1108137000,0,0,0,198359000,437217000,24014000,24014000,0.54,None,0.325,128651000,-89753000,-10145000,28576000,90860000,89556000,11.13,11.6,10.66,-0.0924,-0.0496,6.18,1.81,None,0.73,None,0.179,0.5118,None,0.77,0.22,1.2232
1995-12-31,44851962,179407848,4,2119113000,520119000,1017968000,415610000,1101145000,0,0,0,193935000,417866000,-162816000,-162816000,-3.63,None,0.32,114141000,-94765000,-16140000,2600000,62284000,92322000,10.59,11,10.19,-0.0956,-0.0523,6.14,1.47,30.47,0.65,None,0.1761,0.5196,None,0.76,0.12,1.2515
1995-09-30,44833507,179334028,4,2315609000,512305000,1027595000,393828000,1288014000,0,0,0,198537000,423211000,7614000,7614000,0.17,None,0.325,34352000,-72738000,11938000,-26406000,59684000,64467000,10.01,10.63,9.38,0.0486,0.0269,7.18,1.39,19.53,0.57,0.931,0.1541,0.5562,0.0362,0.75,-0.17,1.3008
1995-06-30,44832864,179331456,4,2315519000,506980000,1025080000,412008000,1290439000,0,0,0,172036000,448975000,20563000,20563000,0.46,None,0.325,106620000,-55860000,-41563000,9261000,86090000,56590000,10.1,10.6,9.6,0.0718,0.0399,7.2,1.41,18.36,0.49,0.631,0.1333,0.5573,0.0513,0.78,0.28,1.2305
1995-03-31,44832515,179330060,4,2315749000,499266000,1033966000,398720000,1281783000,0,0,0,199031000,421161000,16027000,16027000,0.36,None,0.325,67826000,-74888000,12016000,5685000,76829000,74497000,10.66,11.1,10.22,0.078,None,7.15,1.5,17.99,0.41,0.5866,0.1553,0.5535,0.0556,0.78,-0.04,1.2522
1994-12-31,44832515,179330060,4,2312032000,519112000,1041353000,439518000,1270679000,0,0,0,172452000,431433000,18155000,18155000,0.4,None,0.32,54393000,-122130000,13770000,-55007000,71144000,121652000,11.21,12.28,10.13,0.0851,None,7.09,1.57,None,0.32,0.5445,0.1357,0.5496,0.0603,0.79,-0.38,1.1811
1994-09-30,44833656,179334624,4,2271147000,520180000,989889000,417487000,1281258000,0,0,0,140741000,492762000,37269000,37269000,0.83,None,0.325,119419000,-92039000,-3640000,24862000,126151000,92052000,11.19,11.85,10.53,None,None,7.14,1.61,None,0.24,None,0.1098,0.5641,None,None,0.15,1.246
1994-06-30,44830914,179323656,4,2204945000,507578000,962658000,399964000,1242287000,0,0,0,129888000,434779000,27516000,27516000,0.61,None,0.325,18882000,-104431000,-3646000,-88633000,101289000,104152000,10.75,11.5,10,None,None,6.93,1.58,None,0.16,None,0.1046,0.5634,None,None,-0.48,1.2691
1994-03-31,44828198,179312792,4,2192972000,562303000,972449000,425112000,1220523000,0,0,0,118997000,409519000,23688000,23688000,0.53,None,0.325,144589000,-90764000,-4726000,48697000,189922000,90265000,10.33,11.19,9.47,None,None,6.81,1.51,None,0.08,None,0.0975,0.5566,None,None,0.3,1.3227
1993-12-31,44806705,179226820,4,2168859000,543001000,946509000,412759000,1222350000,0,0,0,109218000,None,None,None,None,None,0,None,None,None,None,141225000,0,10.69,11.97,9.41,None,None,6.82,None,None,0,None,0.0894,0.5636,None,None,None,1.3155
