"Quarter end","Shares","Shares split adjusted","Split factor","Assets","Current Assets","Liabilities","Current Liabilities","Shareholders equity","Non-controlling interest","Preferred equity","Goodwill & intangibles","Long-term debt","Revenue","Earnings","Earnings available for common stockholders","EPS basic","EPS diluted","Dividend per share","Cash from operating activities","Cash from investing activities","Cash from financing activities","Cash change during period","Cash at end of period","Capital expenditures","Price","Price high","Price low","ROE","ROA","Book value of equity per share","P/B ratio","P/E ratio","Cumulative dividends per share","Dividend payout ratio","Long-term debt to equity ratio","Equity to assets ratio","Net margin","Asset turnover","Free cash flow per share","Current ratio"
2019-03-31,89459773,89459773,1,11721277000,1960441000,6161123000,1656766000,5482415000,77739000,0,3856664000,3821938000,2804391000,234168000,234168000,2.57,2.57,0.1,390901000,-167510000,-266294000,-42109000,157576000,179526000,128.53,142.22,114.85,0.1466,0.0697,61.28,2.17,15.49,3.76,0.0462,0.6971,0.4677,0.0726,0.96,2.36,1.1833
2018-12-31,90784756,90784756,1,11265480000,1937802000,5791395000,1448738000,5389262000,84823000,0,4017628000,3953000000,2754496000,158075000,158075000,1.72,1.71,0.1,365405000,-158238000,-184011000,21993000,199685000,154369000,125.71,137.99,113.42,0.1465,0.0699,59.36,2.15,14.12,3.66,0.0473,0.7335,0.4784,0.0724,0.97,2.32,1.3376
2018-09-30,91832030,91832030,1,11273585000,1941253000,5822066000,1778269000,5363745000,87774000,0,3852851000,3683919000,2648913000,171746000,171746000,1.85,1.84,0.1,346227000,-239433000,-98924000,7266000,177692000,152497000,121,132.64,109.37,0.1611,0.0763,58.41,2.11,14.19,3.56,0.0443,0.6868,0.4758,0.0789,0.97,2.11,1.0917
2018-06-30,92665226,92665226,1,11069417000,1880527000,5666866000,1447544000,5317583000,84968000,0,3815203000,3864162000,2681353000,226052000,226052000,2.4,2.39,0.1,265210000,-189449000,-68556000,4210000,170426000,196728000,116.81,122.99,110.62,0.1591,0.0746,57.38,2.1,14.51,3.46,0.0462,0.7267,0.4804,0.0768,0.97,0.74,1.2991
2018-03-31,93726250,93726250,1,11023517000,1884726000,5725414000,1579577000,5215646000,82457000,0,3843126000,3795087000,2687516000,223832000,223832000,2.37,2.36,0.1,364051000,-226278000,-140711000,-1081000,166216000,197611000,118.39,128.15,108.62,0.1549,0.0717,55.65,2.24,15.16,3.36,0.049,0.7276,0.4731,0.0734,0.98,1.78,1.1932
2017-12-31,94270623,94270623,1,10761828000,1798002000,5696690000,1848034000,4989514000,75624000,0,4045157000,3514338000,2642787000,219609000,219609000,2.32,2.31,0.1,304316000,-156695000,-138784000,8999000,74423000,141459000,105.41,115.06,95.77,0.1551,0.071,52.93,2.04,14.48,3.26,0.0504,0.7043,0.4636,0.0723,0.98,1.73,0.9729
2017-09-30,94227037,94227037,1,10639360000,1755187000,5695113000,1397497000,4865212000,79035000,0,3821610000,3927396000,2541864000,141245000,141245000,1.48,1.47,0.1,344673000,-163194000,-183048000,-1022000,65424000,163194000,115.19,125,105.37,0.1492,0.0674,51.63,2.27,15.67,3.16,0.054,0.8072,0.4573,0.069,0.98,1.93,1.256
2017-06-30,94971503,94971503,1,10552487000,1763160000,5660686000,1322229000,4812854000,78947000,0,3803386000,3988912000,2612356000,185394000,185394000,1.93,1.91,0.1,50584000,-129884000,82119000,3472000,66446000,128106000,118.7,125.07,112.33,0.1553,0.07,50.68,2.41,16.19,3.06,0.0535,0.8288,0.4561,0.071,0.99,-0.82,1.3335
2017-03-31,96003924,96003924,1,10448259000,1732074000,5629090000,1517427000,4735962000,83207000,0,3787515000,3772515000,2612858000,206055000,206055000,2.13,2.12,0.1,483008000,-174626000,-279440000,29227000,62974000,153794000,116.68,126.65,106.71,0.1598,0.0718,49.33,2.49,16.34,2.96,0.0537,0.7966,0.4533,0.0723,0.99,3.43,1.1415
2016-12-31,96596737,96596737,1,10317802000,1681371000,5701889000,1317373000,4533220000,82693000,0,4012106000,4052015000,2475685000,174208000,174208000,1.8,1.78,0.1,188369000,-654833000,437994000,-27997000,33747000,145251000,114.81,128.06,101.55,0.1604,0.0719,46.93,2.52,16.15,2.86,0.0549,0.8938,0.4394,0.0719,1,0.45,1.2763
2016-09-30,96264546,96264546,1,9673639000,1587899000,5192243000,1279479000,4394703000,86693000,0,3615085000,3542923000,2409872000,151865000,151865000,1.56,1.54,0.1,298923000,-257144000,-35467000,5471000,61744000,148448000,128.55,138.28,118.82,0.1629,0.0731,45.65,2.89,18.23,2.76,0.0551,0.8062,0.4543,0.0731,1,1.56,1.2411
2016-06-30,96692217,96692217,1,9540930000,1606753000,5155221000,1268034000,4302978000,82731000,0,3585892000,3499375000,2430855000,185577000,185577000,1.91,1.89,0.1,336955000,-128483000,-205287000,1683000,56273000,120501000,130.24,138.74,121.74,0.165,0.0738,44.5,2.93,18.71,2.66,0.0555,0.8132,0.451,0.0743,0.99,2.24,1.2671
2016-03-31,96359242,96359242,1,9565009000,1635438000,4691215000,1685440000,4289218000,584576000,0,3594901000,2792144000,2449798000,190759000,190759000,1.95,1.93,0.1,464227000,-146757000,-323188000,-6638000,54590000,127214000,113.49,125.33,101.65,0.1666,0.0744,44.51,2.61,16.79,2.56,0.056,0.651,0.4484,0.0752,0.99,3.5,0.9703
2015-12-31,97667410,97667410,1,9634113000,1718304000,4839443000,1100406000,4249647000,545023000,0,3815114000,3410659000,2315239000,173749000,173749000,1.77,1.75,0.1,224399000,-462948000,261267000,21705000,61228000,106352000,121.03,130.32,111.73,0.1665,0.0736,43.51,2.86,18.01,2.46,0.0576,0.8026,0.4411,0.0753,0.98,1.21,1.5615
2015-09-30,97784857,97784857,1,9206878000,1696554000,4512949000,1196196000,4133099000,560830000,0,3388378000,3009954000,2227655000,150287000,150287000,1.52,1.48,0.1,264896000,-244857000,-22091000,-2941000,39523000,98998000,133.7,146.24,121.16,0.1716,0.0748,42.27,3.24,22.06,2.36,0.0579,0.7283,0.4489,0.0769,0.97,1.7,1.4183
2015-06-30,98331740,98331740,1,9078559000,1708959000,4455216000,1194311000,4061756000,561587000,0,3316945000,2961515000,2275204000,182193000,182193000,1.84,1.8,0.1,260328000,-81304000,-172397000,7386000,42464000,81304000,127.82,142.69,112.96,0.1599,0.0678,41.31,3.22,22.15,2.26,0.0644,0.7291,0.4474,0.071,0.96,1.82,1.4309
2015-03-31,98389788,98389788,1,9084355000,1717237000,4610122000,1255272000,3906963000,567270000,0,3297436000,3051571000,2225353000,174299000,174299000,1.76,1.73,0.1,271275000,-123776000,-144024000,3009000,35078000,89276000,111.93,121.33,102.53,0.1573,0.0654,39.71,2.96,20.65,2.16,0.0593,0.7811,0.4301,0.0695,0.94,1.85,1.368
2014-12-31,98944301,98944301,1,8974443000,1615138000,4703811000,1182827000,3735946000,534686000,0,3291213000,3210215000,2107581000,172797000,172797000,1.75,1.71,0.1,346322000,-125054000,-228257000,-7642000,32069000,84073000,105.06,112.32,97.81,0.1528,0.0625,37.76,2.87,21.18,2.06,0.0542,0.8593,0.4163,0.0676,0.92,2.65,1.3655
2014-09-30,98276786,98276786,1,8961592000,1622094000,4841793000,1165464000,3603204000,516595000,0,3296358000,3373341000,2017758000,82797000,82797000,0.84,0.82,0.1,231138000,-453057000,247020000,25101000,39711000,121652000,103.34,114.84,91.83,0.1442,0.058,36.66,2.87,19.53,1.96,0.0495,0.9362,0.4021,0.0641,0.91,1.11,1.3918
2014-06-30,98466951,98466951,1,8548072000,1529881000,4485219000,1115873000,3546134000,516719000,0,3089172000,3070311000,2019821000,151671000,151671000,1.53,1.51,0.05,263777000,-163993000,-101313000,-1529000,14732000,93294000,86.68,98.75,74.61,0.1591,0.0629,36.01,2.51,16.32,1.86,0.0371,0.8658,0.4148,0.07,0.9,1.73,1.371
2014-03-31,98090756,98090756,1,8431385000,1543113000,4531123000,1110448000,3392119000,508143000,0,3053666000,3109158000,1920166000,138078000,138078000,1.4,1.38,0.05,194639000,-90742000,-104874000,-977000,16261000,90441000,80.07,85.8,74.35,0.166,0.0633,34.58,2.43,15.58,1.81,0.037,0.9166,0.4023,0.0718,0.88,1.06,1.3896
2013-12-31,98610729,98610729,1,8311723000,1432329000,4575387000,1059888000,3249979000,486357000,0,3049016000,3209762000,1800846000,124521000,124521000,1.26,1.25,0.05,292509000,-97152000,-190241000,5116000,17238000,84472000,79.4,83.12,75.67,0.1676,0.0614,32.96,2.49,15.04,1.76,0.0383,0.9876,0.391,0.0701,0.88,2.11,1.3514
2013-09-30,97575516,97575516,1,8351743000,1503280000,4753192000,1024317000,3110778000,487773000,0,3039169000,3411635000,1816369000,114587000,114587000,1.17,1.15,0.05,185730000,-109654000,-76512000,-436000,12122000,106544000,69.41,74.99,63.83,0.1791,0.0629,31.88,2.26,14.28,1.71,0.1123,1.0967,0.3725,0.0724,0.87,0.81,1.4676
2013-06-30,97500749,97500749,1,8317253000,1483980000,4807022000,1049150000,2991457000,518774000,0,3041346000,3473106000,1834975000,151841000,151841000,1.55,1.53,0.05,218239000,-70978000,-152098000,-4837000,12558000,43307000,65.66,71.2,60.12,0.1718,0.0587,30.68,2.25,14.82,1.66,0.1222,1.161,0.3597,0.0677,0.87,1.79,1.4145
2013-03-31,97320400,97320400,1,8316508000,1501351000,4960129000,964069000,2834907000,521472000,0,3041326000,3668762000,1831632000,119784000,119784000,1.23,1.21,0.05,187763000,-105674000,-88165000,-6076000,17395000,99017000,57.03,64.38,49.69,0.1626,0.0542,29.13,2.05,12.59,1.61,0.1346,1.2941,0.3409,0.0624,0.87,0.91,1.5573
2012-12-31,97729599,97729599,1,8200843000,1407496000,4966591000,894058000,2713345000,520907000,0,3036765000,3727431000,1725955000,135461000,135461000,1.39,1.39,0.45,280265000,-503147000,220701000,-2181000,23471000,-173919000,45.39,49.46,41.31,0.1724,0.0563,27.76,1.68,10.99,1.56,0.1317,1.3737,0.3309,0.0637,0.88,4.65,1.5743
2012-09-30,96510025,96510025,1,7781066000,1488424000,4649537000,838348000,2608782000,522747000,0,2594740000,3440962000,1680353000,71817000,71817000,0.74,0.73,0.05,162144000,-124569000,-44864000,-7289000,25652000,124953000,42,45.75,38.25,0.1634,0.0521,27.03,1.59,9.86,1.11,0.0478,1.319,0.3353,0.057,0.91,0.39,1.7754
2012-06-30,96201753,96201753,1,7758648000,1456446000,4942225000,883612000,2536884000,279539000,0,2610637000,3458509000,1729803000,107561000,107561000,1.11,1.1,0.05,245639000,-114771000,-139926000,-9058000,32941000,128796000,40.51,43.72,37.3,0.1757,0.0541,26.37,1.6,9.65,1.06,0.0462,1.3633,0.327,0.0575,0.94,1.21,1.6483
2012-03-31,96125479,96125479,1,7783281000,1463145000,4846550000,891990000,2427312000,509419000,0,2629765000,3581844000,1825289000,128607000,128607000,1.33,1.31,0.05,127223000,-47103000,-79350000,770000,41999000,39102000,40.8,44.78,36.82,0.1807,0.0539,25.25,1.72,10.1,1.01,0.0468,1.4756,0.3119,0.0556,0.97,0.92,1.6403
2011-12-31,96731733,96731733,1,7665245000,1364905000,4881861000,836933000,2296352000,487032000,0,2627602000,3651428000,1838774000,95271000,95271000,0.99,0.99,0.05,155749000,-77610000,-76057000,2082000,41229000,22686000,37.41,42.9,31.91,0.181,0.0523,23.74,1.61,10.94,0.96,0.0486,1.5901,0.2996,0.0531,0.99,1.38,1.6308
2011-09-30,95838019,95838019,1,7605931000,1371949000,4910780000,832894000,2221382000,473769000,0,2605951000,3685230000,1848662000,85054000,85054000,0.87,0.86,0.05,206726000,-82580000,-119815000,4331000,39147000,83205000,44.32,54.64,34,0.1604,0.0449,23.18,1.97,14.16,0.91,0.057,1.659,0.2921,0.0471,0.95,1.29,1.6472
2011-06-30,97077193,97077193,1,7565753000,1368106000,4902908000,784535000,2186107000,476738000,0,2607283000,3750928000,1902234000,103649000,103649000,1.06,1.04,0.05,172599000,-61903000,-127956000,-17260000,34816000,56632000,51.27,56.41,46.13,0.1515,0.0461,22.52,2.37,18.58,0.86,0.0625,1.7158,0.2889,0.0464,0.99,1.19,1.7438
2011-03-31,96976068,96976068,1,7613074000,1401184000,5250152000,837182000,2094393000,268529000,0,2596292000,3850859000,1910528000,114193000,114193000,1.17,1.15,0.05,183177000,-63712000,-96863000,22602000,52076000,55567000,45.73,49.41,42.06,0.1379,0.0466,21.6,2.25,19.54,0.81,0.0711,1.8387,0.2751,0.0445,1.05,1.32,1.6737
2010-12-31,97474140,97474140,1,7527936000,1331116000,5292404000,826299000,1978772000,256760000,0,2589914000,3912102000,1559453000,37182000,37182000,0.38,0.37,0.05,101745000,-1780821000,1698921000,19845000,29474000,61524000,40.48,43.74,37.21,0.1206,0.0465,20.3,2.01,15.63,0.76,0.0841,1.977,0.2629,0.0413,1.13,0.41,1.6109
2010-09-30,96565810,96565810,1,4267714000,1078903000,2076648000,1013426000,1943572000,247494000,0,732340000,614923000,1323264000,55610000,55610000,0.57,0.57,0.05,180229000,-296622000,113685000,-2708000,9629000,39650000,35.1,39.15,31.06,0.1372,0.0626,20.13,1.79,13.85,0.71,0.0876,0.3164,0.4554,0.0479,1.31,1.46,1.0646
2010-06-30,96510783,96510783,1,3989757000,822219000,2059627000,558124000,1887365000,42765000,0,732754000,881344000,1338315000,65572000,65572000,0.68,0.67,0.05,83653000,-56958000,-21223000,5472000,12337000,54064000,39.11,43.36,34.86,0.1387,0.0629,19.56,2.07,14.57,0.66,0.0777,0.467,0.4731,0.0473,1.33,0.31,1.4732
2010-03-31,96414269,96414269,1,3999311000,837856000,1932757000,610270000,1821755000,244799000,0,733626000,891615000,1347153000,71819000,71819000,0.74,0.73,0.05,135717000,-59682000,-78350000,-2315000,6865000,62576000,31.17,36.59,25.75,0.1517,0.0674,18.9,1.73,11.81,0.61,0.0624,0.4894,0.4555,0.0505,1.33,0.76,1.3729
2009-12-31,96977357,96977357,1,3964463000,796197000,2048894000,582817000,1751071000,164498000,0,732685000,956429000,1291211000,60865000,60865000,0.62,0.62,0.08,49030000,-95464000,41984000,-4450000,9180000,104416000,30.41,33.15,27.67,0.1542,0.067,18.06,1.73,12.24,0.56,0.0524,0.5462,0.4417,0.05,1.34,-0.57,1.3661
2009-09-30,49200377,98400754,2,3901509000,794990000,1933107000,631951000,1728194000,240208000,0,732685000,852270000,1295109000,51074000,51074000,1.04,1.03,0.04,187695000,-94759000,-89929000,3007000,13630000,95577000,27.74,31.43,24.05,0.1503,0.0642,17.56,1.62,11.88,0.48,0.032,0.4932,0.443,0.0481,1.34,0.94,1.258
2009-06-30,49094026,98188052,2,3836876000,787073000,1908825000,586299000,1677996000,250055000,0,733887000,913148000,1303640000,80893000,80893000,1.65,1.64,0.04,144578000,-114035000,-29343000,1200000,10623000,114035000,23.38,28.54,18.22,0.1453,0.0614,17.09,1.44,11.4,0.46,0.0342,0.5442,0.4373,0.0458,1.34,0.31,1.3424
2009-03-31,49101264,98202528,2,3835317000,832520000,1997799000,644363000,1596544000,240974000,0,733882000,938844000,1312419000,67541000,67541000,1.37,1.37,0.04,152002000,-78219000,-69820000,3963000,9423000,78219000,18.08,20.83,15.33,0.1313,0.0548,16.26,1.16,9.2,0.44,0.039,0.588,0.4163,0.0407,1.34,0.75,1.292
2008-12-31,49466616,98933232,2,3742462000,789417000,1971877000,561125000,1543850000,226735000,0,732937000,990661000,1201548000,46477000,46477000,0.94,0.93,0.04,67157000,-73914000,4412000,-2345000,5460000,114657000,21.41,26.59,16.22,0.1298,0.0537,15.6,1.38,11.42,0.42,0.0405,0.6417,0.4125,0.0397,1.35,-0.48,1.4068
2008-09-30,50661198,101322396,2,3698336000,777800000,1899467000,566243000,1566314000,232555000,0,749839000,935461000,1244462000,36997000,36997000,0.73,0.73,0.04,197477000,-68427000,-127456000,1594000,7805000,83818000,30.28,32.54,28.02,0.1261,0.0524,15.46,1.99,17.01,0.4,0.0423,0.5972,0.4235,0.0385,1.36,1.12,1.3736
2008-06-30,50874645,101749290,2,3718593000,843988000,1948521000,507258000,1544474000,225598000,0,748305000,1050491000,1278692000,54240000,54240000,1.07,1.07,0.04,66790000,-74867000,5372000,-2705000,6211000,74311000,29.96,32.5,27.42,0.1214,0.0506,15.18,2.05,17.32,0.38,0.0449,0.6802,0.4153,0.0373,1.36,-0.07,1.6638
2008-03-31,50859888,101719776,2,3686282000,836232000,1975980000,547329000,1487212000,223090000,0,749839000,1041308000,1297715000,61663000,61663000,1.2,1.2,0.04,131676000,-79516000,-59598000,-7438000,8916000,81751000,25.3,27.23,23.37,0.1206,0.0506,14.62,1.73,15.91,0.36,0.0461,0.7002,0.4034,0.0376,1.35,0.49,1.5278
2007-12-31,51753618,103507236,2,3608657000,774847000,1881274000,487711000,1517199000,210184000,0,750395000,1008786000,1194211000,39954000,39954000,0.75,0.75,0.04,25714000,-73530000,50596000,2780000,16354000,-26712000,25.56,26.9,24.23,0.1131,0.048,14.66,1.79,16.65,0.34,0.0501,0.6649,0.4204,0.0359,1.34,0.51,1.5887
2007-09-30,53696064,107392128,2,3598928000,806880000,1860677000,557911000,1534839000,203412000,0,753846000,900628000,1180217000,28854000,28854000,0.54,0.54,0.04,163805000,-100743000,-62151000,911000,13574000,100743000,27.77,31.15,24.38,0.1113,0.0475,14.29,1.98,12.26,0.32,0.0523,0.5868,0.4265,0.0356,1.33,0.59,1.4463
2007-06-30,53903731,107807462,2,3531680000,801783000,1817133000,494139000,1514774000,199773000,0,745769000,951060000,1178976000,52071000,52071000,0.97,0.97,0.04,60000000,-93055000,34503000,1448000,12663000,93055000,29.96,31.5,28.43,0.17,0.0744,14.05,2.21,13.03,0.3,0.0346,0.6279,0.4289,0.0557,1.34,-0.31,1.6226
2007-03-31,53853460,107706920,2,3467188000,807643000,1818620000,522104000,1461195000,187373000,0,737868000,910424000,1197601000,49508000,49508000,0.93,0.92,0.04,98976000,-182221000,79521000,-3724000,11215000,172727000,28.84,30.09,27.59,0.1751,0.0791,13.57,2.22,12.65,0.28,0.0339,0.6231,0.4214,0.0592,1.34,-0.68,1.5469
2006-12-31,53877184,107754368,2,3277042000,728506000,1700517000,502451000,1402464000,174061000,0,719991000,821363000,1065881000,34170000,34170000,0.64,0.64,0.04,-80781000,-144278000,225181000,122000,14939000,62478000,27.7,29.89,25.5,0.1826,0.0827,13.02,2.01,13.25,0.26,0.0337,0.5857,0.428,0.0619,1.34,-1.33,1.4499
2006-09-30,54263720,108527440,2,3149027000,712892000,1465541000,628519000,1496445000,187041000,0,695246000,464806000,1043457000,113945000,113945000,2.01,2,0.04,60948000,-20168000,-150313000,-109533000,14817000,111739000,27.55,30.04,25.06,0.1732,0.0783,13.79,2.04,23.65,0.24,0.0368,0.3106,0.4752,0.0593,1.32,-0.47,1.1342
2006-06-30,56588086,113176172,2,3145621000,779040000,1435401000,599375000,1530968000,179252000,0,686561000,465284000,1047673000,60259000,60259000,1.12,1.04,0.04,78732000,-46985000,84392000,116139000,124350000,83720000,25.33,26.43,24.23,0.1012,0.045,13.53,2.17,13.26,0.22,0.0663,0.3039,0.4867,0.0335,1.34,-0.04,1.2998
2006-03-31,53812274,107624548,2,2985047000,658579000,1560279000,614749000,1254546000,170222000,0,686728000,603533000,1034289000,51084000,51084000,0.95,0.88,0.04,110340000,-66938000,-43154000,248000,8211000,83203000,24.15,25.66,22.64,0.1857,0.0812,11.66,2.17,12.29,0.2,0.0378,0.4811,0.4203,0.0594,1.37,0.25,1.0713
2005-12-31,54176407,108352814,2,2858709000,608298000,1493732000,524170000,1205098000,159879000,0,686211000,637654000,882839000,12274000,12274000,0.24,0.26,0.04,68983000,-222191000,79015000,-74193000,7963000,70069000,23.8,24.84,22.77,0.1932,0.0849,11.12,2.11,11.12,0.18,0.0368,0.5291,0.4216,0.0612,1.39,-0.01,1.1605
2005-09-30,54212705,108425410,2,2743025000,774676000,1357624000,526308000,1223997000,161404000,0,535848000,528302000,970772000,8319000,8319000,0.15,0.15,0.04,126005000,-86906000,-71690000,-32591000,82156000,62496000,27.35,31.02,23.68,0.2125,0.0923,11.29,2.36,11.52,0.16,0.0339,0.4316,0.4462,0.0677,1.36,0.59,1.4719
2005-06-30,55370871,110741742,2,2763425000,762775000,1312790000,483581000,1281786000,168849000,0,531959000,525849000,990888000,158843000,158843000,2.81,2.53,0.04,95826000,201620000,-236887000,60559000,114747000,50927000,28.7,31.6,25.8,0.2366,0.1005,11.57,2.6,19.13,0.14,0.031,0.4102,0.4638,0.0745,1.35,0.41,1.5773
2005-03-31,57729191,115458382,2,2983767000,776969000,1518009000,531325000,1274895000,190863000,0,619404000,684397000,1090981000,61409000,61409000,1.07,0.99,0.04,134612000,61444000,-174993000,21063000,54188000,57920000,23.7,26.2,21.21,0.1511,0.0618,11.04,2.24,17.24,0.12,0.0501,0.5368,0.4273,0.0463,1.34,0.66,1.4623
2004-12-31,57738536,115477072,2,3022843000,808925000,1615714000,469656000,1220586000,186543000,0,619064000,852229000,871270000,37175000,37175000,0.65,0.61,0.04,79366000,-76426000,-4369000,-1429000,33125000,53431000,22.09,24.25,19.93,0.1428,0.0568,10.57,2.11,15.29,0.1,0.0546,0.6982,0.4038,0.043,1.32,0.22,1.7224
2004-09-30,57971327,115942654,2,2978302000,728168000,1576755000,463739000,1214377000,187170000,0,652160000,828766000,1012868000,37845000,37845000,0.65,0.62,0.04,88839000,-51661000,-38959000,-1781000,34554000,59311000,22.04,23.05,21.02,0.1549,0.0612,10.47,2.16,14.41,0.08,0.0518,0.6825,0.4077,0.0445,1.38,0.25,1.5702
2004-06-30,57820531,115641062,2,2964210000,711772000,1600651000,473897000,1178943000,184616000,0,648695000,849587000,1018700000,48289000,48289000,0.84,0.78,0.04,129549000,-83956000,-47639000,-2046000,36335000,47582000,22.27,23.27,21.27,0.1716,0.0682,10.19,2.27,14.37,0.06,0.0366,0.7206,0.3977,0.0487,1.4,0.71,1.502
2004-03-31,57799649,115599298,2,2965221000,764786000,1653473000,483875000,1133329000,178419000,0,587180000,895882000,1035482000,46183000,46183000,0.8,0.74,0.04,95126000,-107676000,16068000,3518000,38381000,70436000,25.12,28.25,21.98,0.1824,0.0727,9.8,2.68,15.7,0.04,0.0241,0.7905,0.3822,0.0509,1.43,0.21,1.5805
2003-12-31,58099147,116198294,2,2772730000,645791000,1522254000,395753000,1090922000,159554000,0,442504000,868566000,949472000,46468000,46468000,0.8,0.75,0.04,63373000,-283326000,226555000,6602000,34863000,57140000,24.66,27.15,22.17,0.1972,0.0791,9.39,2.77,15.71,0.02,0.0117,0.7962,0.3934,0.0547,1.45,0.05,1.6318
2003-09-30,57609406,115218812,2,2435848000,599835000,1252451000,392855000,1024539000,158858000,0,431365000,632526000,896332000,49061000,49061000,0.86,0.79,0,103224000,-57213000,-44454000,1557000,28261000,68811000,22.94,26,19.88,0.2034,0.0818,8.89,2.71,15.29,0,0,0.6174,0.4206,0.0557,1.47,0.3,1.5269
2003-06-30,57558530,115117060,2,2423676000,610876000,1301846000,372435000,976432000,145398000,0,433962000,690184000,902954000,50950000,50950000,0.88,0.82,0,129412000,-56877000,-78247000,-5712000,26704000,58077000,20.06,22.74,17.39,0.1995,0.0801,8.48,2.46,13.98,0,0,0.7068,0.4029,0.0549,1.46,0.62,1.6402
2003-03-31,58125168,116250336,2,2441028000,654578000,1351969000,388750000,949989000,139070000,0,429123000,730600000,894808000,52790000,52790000,0.91,0.84,0,80766000,-82846000,16746000,14666000,32416000,40342000,20.39,23.29,17.5,0.1965,0.0791,8.17,2.62,14.88,0,0,0.7691,0.3892,0.0545,1.45,0.35,1.6838
2002-12-31,59045633,118091266,2,2323229000,606576000,1271431000,370413000,917459000,134339000,0,410320000,680514000,835478000,43890000,43890000,0.75,0.69,0,86078000,-40627000,-43495000,1956000,17750000,44246000,24.8,28.1,21.5,0.1939,0.0781,7.77,3.17,23.73,0,0,0.7417,0.3949,0.0538,1.45,0.35,1.6376
2002-09-30,60541032,121082064,2,2255949000,602853000,1175725000,361072000,946921000,133303000,0,408500000,658065000,813104000,41451000,41451000,0.69,0.65,0,111115000,-59532000,-50609000,974000,15794000,59532000,23.32,25.7,20.95,0.151,0.0604,7.82,3.08,24.29,0,0,0.695,0.4197,0.0421,1.43,0.43,1.6696
2002-06-30,59443353,118886706,2,2208890000,608460000,1181620000,346765000,899408000,127862000,0,391929000,688018000,805945000,44347000,44347000,0.74,0.69,0,72600000,-54691000,-19471000,-1562000,14820000,56441000,23.55,25.95,21.16,0.1443,0.0568,7.57,3.28,27.07,0,0,0.765,0.4072,0.0397,1.43,0.14,1.7547
2002-03-31,59506759,119013518,2,2194377000,618125000,1213641000,372063000,853542000,127194000,0,386185000,703291000,804371000,45673000,45673000,0.76,0.71,0,61466000,-40711000,-27221000,-6466000,16382000,40711000,20.2,21.5,18.9,0.1347,0.0526,7.17,3,25.25,0,0,0.824,0.389,0.0368,1.43,0.17,1.6613
2001-12-31,59902218,119804436,2,2114584000,548262000,1180770000,322716000,807900000,125914000,0,372627000,718830000,724162000,927000,927000,0.02,0.04,0,49398000,-120768000,69627000,-1743000,22848000,41393000,21.71,24.3,19.13,0.1273,0.0493,6.74,3.23,23.22,0,0,0.8898,0.3821,0.0351,1.4,0.07,1.6989
2001-09-30,59456588,118913176,2,2011244000,529849000,1081528000,320747000,799212000,130504000,0,396225000,623858000,720784000,30254000,30254000,0.5,0.48,0,102701000,-46985000,-55650000,66000,24591000,42137000,23.81,26.3,21.32,0.1549,0.0611,6.72,3.62,27.21,0,0,0.7806,0.3974,0.0432,1.41,0.51,1.6519
2001-06-30,59550220,119100440,2,1980619000,529524000,1075960000,289541000,782456000,122203000,0,391553000,663793000,718596000,32390000,32390000,0.54,0.51,0,91434000,-38854000,-41099000,11481000,24525000,38854000,21.14,23.38,18.91,0.1499,0.0593,6.57,3.4,26.1,0,0,0.8483,0.3951,0.0428,1.39,0.44,1.8288
2001-03-31,29981589,119926356,4,1990015000,543259000,1123186000,299791000,745669000,121160000,0,395918000,700128000,676949000,36171000,36171000,1.21,1.14,0,68654000,-209794000,143639000,2499000,13044000,30554000,22.39,25.34,19.44,0.1425,0.058,6.22,3.74,29.66,0,0,0.9389,0.3747,0.0424,1.37,0.32,1.8121
2000-12-31,29927966,119711864,4,1742377000,476455000,905015000,248840000,716574000,120788000,0,316777000,548064000,614822000,19089000,19089000,0.65,0.62,0,28536000,-34126000,10160000,4570000,10545000,42317000,23.63,27.94,19.32,0.1357,0.0575,5.99,4.05,32.93,0,0,0.7648,0.4113,0.0416,1.38,-0.12,1.9147
2000-09-30,29634177,118536708,4,1701169000,452257000,890226000,242219000,690964000,119979000,0,316681000,533110000,561790000,22335000,22335000,0.75,0.72,0,56734000,-161566000,105255000,423000,5975000,25392000,18.69,21.41,15.96,0.1318,0.0564,5.83,3.26,30.02,0,0,0.7715,0.4062,0.0411,1.37,0.26,1.8671
2000-06-30,29643877,118575508,4,1525091000,408925000,724941000,209600000,679953000,120197000,0,269382000,404203000,524828000,23309000,23309000,0.77,0.76,0,48850000,-15679000,-35569000,-2398000,5552000,15469000,14.88,17.52,12.25,0.1168,0.0508,5.73,2.67,24.39,0,0,0.5945,0.4458,0.0369,1.37,0.28,1.951
2000-03-31,29805126,119220504,4,1530627000,417680000,747573000,219634000,664396000,118658000,0,272795000,419623000,541004000,28629000,28629000,0.94,0.92,0,48334000,-39882000,-6683000,1769000,7950000,30722000,10.69,12.25,9.13,0.1175,0.0508,5.57,2.04,17.52,0,0,0.6316,0.4341,0.037,1.37,0.15,1.9017
1999-12-31,30659197,122636788,4,1497973000,403249000,740727000,217200000,641611000,115635000,0,276031000,419203000,519390000,13929000,13929000,0.46,0.47,0,18654000,-18103000,-1458000,-907000,6181000,19030000,7.57,9.13,6,0.1208,0.0523,5.23,1.44,11.56,0,0,0.6534,0.4283,0.0381,1.37,-0,1.8566
1999-09-30,30427822,121711288,4,1485326000,371045000,724622000,205515000,638600000,122104000,0,288669000,400445000,489828000,10794000,10794000,0.34,0.34,0,59215000,-17899000,-42383000,-1067000,7088000,18250000,8.88,11.85,5.92,0.1311,0.0569,5.25,1.71,13.25,0,0,0.6271,0.4299,0.0419,1.36,0.34,1.8054
1999-06-30,31666805,126667220,4,1499682000,377409000,713862000,190661000,656612000,129208000,0,292791000,406096000,513067000,23030000,23030000,0.73,0.71,0,24555000,-34203000,7295000,-2353000,8155000,17695000,11.8,13.72,9.88,0.1358,0.0588,5.18,2.33,18.29,0,0,0.6185,0.4378,0.0439,1.34,0.05,1.9795
1999-03-31,31468465,125873860,4,1467840000,353071000,701528000,204062000,637982000,128330000,0,274062000,389851000,520095000,30022000,30022000,0.94,0.92,0,73133000,-12601000,-51284000,9248000,10508000,12601000,11.36,13.25,9.47,0.1337,0.0574,5.07,2.34,18.7,0,0,0.6111,0.4346,0.0435,1.32,0.48,1.7302
1998-12-31,32237663,128950652,4,1448095000,319615000,691665000,170053000,627007000,129423000,0,279141000,418188000,480722000,20054000,20054000,0.62,0.65,0,25112000,-21356000,-5836000,-2080000,1260000,25753000,11.84,13.58,10.11,0.1289,0.0545,4.86,2.46,20.77,0,0,0.667,0.433,0.0424,1.28,-0,1.8795
1998-09-30,32508922,130035688,4,1469092000,335907000,842544000,201222000,626548000,0,0,274569000,405971000,456090000,13393000,13393000,0.41,0.4,0,48341000,-29038000,-18667000,636000,3340000,26608000,12.16,14.63,9.69,0.1259,0.0544,4.82,2.55,21.15,0,0,0.6479,0.4265,0.0416,1.31,0.17,1.6693
1998-06-30,32468983,129875932,4,1459520000,323405000,840514000,185863000,619006000,0,0,278700000,418435000,474558000,20461000,20461000,0.63,0.61,0,32485000,-36372000,-1788000,-5675000,2704000,24473000,14.08,14.91,13.25,0.1331,0.0589,4.77,3.06,25.6,0,0,0.676,0.4241,0.0442,1.33,0.06,1.74
1998-03-31,32436208,129744832,4,1464704000,328278000,868295000,203670000,596409000,0,0,268313000,419458000,463117000,25650000,25650000,0.79,0.77,0,45746000,-182970000,145271000,8047000,8379000,19974000,13.15,14.53,11.77,0.1341,0.0616,4.6,3.24,25.29,0,0,0.7033,0.4072,0.0456,1.35,0.2,1.6118
1997-12-31,32447186,129788744,4,1085349000,230022000,558742000,160456000,526607000,0,0,149814000,272466000,396304000,15020000,15020000,0.5,None,0,19316000,-22604000,-4299000,-7587000,332000,25496000,11.38,12.6,10.17,0.1338,0.0647,4.06,2.87,23.46,0,0,0.5174,0.4852,0.0466,1.39,-0.05,1.4336
1997-09-30,32161004,128644016,4,1082477000,215929000,571698000,179148000,510779000,0,0,148229000,272245000,362377000,13819000,13819000,0.42,None,0,74560000,-76185000,8922000,7297000,7919000,36967000,10.77,11.77,9.77,0.132,0.0633,3.97,2.81,23.16,0,0,0.533,0.4719,0.0465,1.36,0.29,1.2053
1997-06-30,32321898,129287592,4,1004173000,200792000,508434000,150927000,495739000,0,0,140667000,263115000,343826000,16907000,16907000,0.51,None,0,30610000,-36178000,3909000,-1659000,622000,36178000,9.02,10.13,7.91,0.1315,0.0626,3.83,2.42,20.38,0,0,0.5308,0.4937,0.0467,1.34,-0.04,1.3304
1997-03-31,32083406,128333624,4,989963000,203371000,511844000,161184000,478119000,0,0,146491000,258693000,340170000,21530000,21530000,0.65,None,0,49013000,-30558000,-16462000,1993000,2281000,30558000,7.81,8.66,6.97,0.1259,0.0586,3.73,2.22,18.82,0,0,0.5411,0.483,0.045,1.3,0.14,1.2617
1996-12-31,32181574,128726296,4,965795000,193953000,512815000,140079000,452980000,0,0,150336000,275634000,328121000,11669000,11669000,0.36,None,0,25497000,-24776000,-538000,183000,288000,26541000,6.72,7.31,6.13,0.1236,0.0555,3.52,1.96,17.45,0,0,0.6085,0.469,0.0426,1.3,-0.01,1.3846
1996-09-30,32098438,128393752,4,960097000,173401000,519242000,160738000,440855000,0,0,151834000,274430000,303479000,11285000,11285000,0.34,None,0,41011000,-28497000,-12747000,-233000,105000,28755000,6.25,6.81,5.69,0.1236,0.0535,3.43,1.85,17.18,0,0,0.6225,0.4592,0.0408,1.31,0.1,1.0788
1996-06-30,31835585,127342340,4,955507000,178406000,525981000,156784000,429526000,0,0,155764000,285509000,286994000,12216000,12216000,0.42,None,0,46067000,-200390000,153899000,-424000,338000,24703000,6.81,7.53,6.09,0.1254,0.052,3.37,2.41,19.81,0,0,0.6647,0.4495,0.0396,1.31,0.17,1.1379
1996-03-31,27948756,111795024,4,767942000,156358000,452116000,140233000,315826000,0,0,134421000,230401000,271616000,15501000,15501000,0.54,None,0,32681000,-25729000,-6224000,728000,762000,25729000,6.07,6.72,5.42,0.132,0.056,2.83,2.26,19.27,0,0,0.7295,0.4113,0.0399,1.4,0.06,1.115
1995-12-31,13891766,111134128,8,748051000,156922000,450351000,135017000,297700000,0,0,136206000,237086000,262102000,6859000,6859000,None,0.48,0,17114000,-1463000,-15773000,-122000,34000,22261000,4.79,5.55,4.03,0.1241,0.0553,2.68,1.81,16.31,0,0,0.7964,0.398,0.0381,1.45,-0.05,1.1622
1995-09-30,13718971,109751768,8,741871000,135745000,451484000,128431000,290387000,0,0,140860000,244830000,234144000,7229000,7229000,0.51,0.51,0,17467000,-192952000,171832000,-3653000,156000,7240000,3.96,4.42,3.5,0.1195,0.0565,2.65,1.53,14.08,0,0,0.8431,0.3914,0.0379,1.49,0.09,1.0569
1995-06-30,13717207,109737656,8,539626000,109462000,256988000,114740000,282638000,0,0,37170000,66820000,214165000,9555000,9555000,0.68,0.68,0,33062000,-22643000,-8442000,1977000,3809000,17697000,3.41,3.7,3.11,0.117,0.0604,2.58,1.37,12.75,0,0,0.2364,0.5238,0.0381,1.58,0.14,0.954
1995-03-31,13709141,109673128,8,539232000,132068000,266344000,116475000,272888000,0,0,37572000,75038000,220715000,11841000,11841000,0.85,0.85,0,24106000,-13286000,-9768000,1052000,1832000,13536000,3.04,3.25,2.84,0.1139,None,2.49,1.3,12.1,0,0,0.275,0.5061,0.0374,1.59,0.1,1.1339
1994-12-31,13940595,111524760,8,521492000,118389000,260863000,103782000,260629000,0,0,38762000,85125000,204056000,4445000,4445000,None,0.31,0,5891000,-21344000,15248000,-205000,780000,1106000,3.09,3.52,2.67,0.112,None,2.34,1.29,None,0,0,0.3266,0.4998,0.0367,1.58,0.04,1.1407
1994-09-30,13927445,111419560,8,498128000,109769000,231127000,90904000,267001000,0,0,38574000,58005000,191512000,5835000,5835000,0.41,0.41,0,19557000,-23531000,1301000,-2673000,985000,21534000,3.46,3.69,3.23,None,None,2.4,1.49,None,0,None,0.2172,0.536,None,None,-0.02,1.2075
1994-06-30,14152701,113221608,8,481000000,112230000,218268000,87237000,262732000,0,0,36021000,54884000,192199000,8153000,8153000,0.57,0.57,0,23887000,-15282000,-7746000,859000,3658000,9487000,3.08,3.36,2.81,None,None,2.32,1.48,None,0,None,0.2089,0.5462,None,None,0.13,1.2865
1994-03-31,14167040,113336320,8,476502000,114023000,241201000,87538000,235301000,0,0,37026000,78844000,194432000,10287000,10287000,0.72,0.72,0,11289000,-11621000,2562000,2230000,2799000,11871000,2.87,3.33,2.41,None,None,2.08,1.38,None,0,None,0.3351,0.4938,None,None,-0.01,1.3026
1993-12-31,13458792,107670336,8,460422000,101999000,235934000,86499000,224488000,0,0,38089000,75081000,None,None,None,None,None,0,None,None,None,None,569000,0,2.33,2.58,2.08,None,None,2.08,None,None,0,None,0.3345,0.4876,None,None,None,1.1792
