"Quarter end","Shares","Shares split adjusted","Split factor","Assets","Current Assets","Liabilities","Current Liabilities","Shareholders equity","Non-controlling interest","Preferred equity","Goodwill & intangibles","Long-term debt","Revenue","Earnings","Earnings available for common stockholders","EPS basic","EPS diluted","Dividend per share","Cash from operating activities","Cash from investing activities","Cash from financing activities","Cash change during period","Cash at end of period","Capital expenditures","Price","Price high","Price low","ROE","ROA","Book value of equity per share","P/B ratio","P/E ratio","Cumulative dividends per share","Dividend payout ratio","Long-term debt to equity ratio","Equity to assets ratio","Net margin","Asset turnover","Free cash flow per share","Current ratio"
2019-06-30,443938108,443938108,1,222288000000,None,196426000000,None,25862000000,0,2025000000,6331000000,20200000000,2560000000,688000000,688000000,1.49,1.48,0.5,4000000,-1537000000,629000000,-904000000,5028000000,65000000,62.91,66.27,59.56,0.1131,0.0123,53.69,1.22,11.06,31.55,0.3388,0.8474,0.1072,0.3638,0.03,-0.14,None
2019-03-31,443825510,443825510,1,220425000000,None,195602000000,None,24823000000,0,2025000000,6331000000,17395000000,2328000,580000000,580000000,1.25,1.24,0.5,-823000000,-3628000000,2888000000,-1563000000,5932000000,81000000,58.52,67.25,49.78,0.1155,0.0127,51.37,1.07,10.2,31.05,0.3234,0.763,0.1034,0.3777,0.03,-2.04,None
2018-12-31,443255088,443255088,1,215543000000,None,191263000000,None,24280000000,0,0,67000000,0,2365000000,658000000,633000000,1.4,1.4,0.5,1677000000,-4850000000,3063000000,-110000000,7495000000,175000000,57.02,67.98,46.05,0.1178,0.0132,54.78,1.16,9.73,30.55,0.306,0,0.1126,0.2896,0.04,3.39,None
2018-09-30,449285214,449285214,1,211276000000,None,187137000000,None,24038000000,101000000,2025000000,8471000000,14289000000,2294000000,752000000,726000000,1.58,1.56,0.5,101000000,-2915000000,3171000000,357000000,7605000000,61000000,70.45,75.08,65.82,0.1235,0.0138,49,1.46,13.14,30.05,0.2848,0.6491,0.1042,0.3012,0.04,0.09,None
2018-06-30,460731345,460731345,1,207505000000,None,183189000000,None,24213000000,103000000,2025000000,8367000000,11995000000,2317000000,722000000,697000000,1.5,1.49,0.4,991000000,-2595000000,1548000000,-56000000,7248000000,42000000,68.11,71.14,65.08,0.1133,0.0128,48.16,1.43,13.9,29.55,0.2954,0.5406,0.1069,0.2783,0.04,2.06,None
2018-03-31,464826552,464826552,1,204885000000,None,180616000000,None,24168000000,101000000,2025000000,8327000000,10692000000,2237000000,643000000,612000000,1.31,1.29,0.4,-200000000,209000000,383000000,392000000,7304000000,67000000,68.84,73.37,64.32,0.1045,0.0119,47.64,1.43,15.23,29.15,0.2942,0.4829,0.1081,0.2597,0.04,-0.57,None
2017-12-31,468300176,468300176,1,205962000000,None,180808000000,None,25051000000,103000000,2475000000,8122000000,9785000000,2268000000,739000000,711000000,1.51,1.52,0.4,3419000000,-827000000,-3958000000,-1366000000,6912000000,177000000,61.46,66.62,56.3,0.0973,0.011,48.21,1.3,15.72,28.75,0.2883,0.4334,0.1096,0.2425,0.04,6.92,None
2017-09-30,476033241,476033241,1,208252000000,None,183730000000,None,24421000000,101000000,1975000000,8044000000,11280000000,2276000000,538000000,512000000,1.07,1.06,0.4,-929000000,-445000000,1411000000,37000000,8278000000,87000000,56,60.04,51.96,0.0859,0.0097,47.15,1.2,14.89,28.35,0.2966,0.5025,0.1078,0.216,0.04,-2.13,None
2017-06-30,479935870,479935870,1,207223000000,None,182746000000,None,24374000000,103000000,1975000000,8027000000,10511000000,2230000000,528000000,505000000,1.05,1.03,0.26,921000000,-794000000,-160000000,-33000000,8241000000,103000000,55.72,58.75,52.69,0.0828,0.0094,46.67,1.22,15.18,27.95,0.2717,0.4693,0.1081,0.2116,0.04,1.7,None
2017-03-31,483476213,483476213,1,205642000000,None,182158000000,None,23383000000,101000000,1225000000,8067000000,10496000000,2213000000,468000000,451000000,0.92,0.91,0.26,2098000000,-819000000,572000000,1851000000,8274000000,43000000,57.2,61.69,52.71,0.0808,0.0093,45.83,1.26,15.89,27.69,0.273,0.4737,0.1078,0.2093,0.04,4.25,None
2016-12-31,491412870,491412870,1,204875000000,None,181257000000,None,23515000000,103000000,1225000000,7994000000,11748000000,2158000000,465000000,449000000,0.91,0.91,0.26,-99000000,-4154000000,936000000,-3317000000,6423000000,95000000,49.94,56.48,43.41,0.0794,0.0094,45.36,1.06,13.87,27.43,0.2731,0.5271,0.1088,0.2105,0.04,-0.39,None
2016-09-30,490797754,490797754,1,205091000000,None,180642000000,None,24348000000,101000000,1225000000,7468000000,11866000000,2197000000,474000000,457000000,0.92,0.91,0.26,-561000000,-341000000,5377000000,4475000000,9740000000,122000000,41.68,44.61,38.75,0.0803,0.0096,47.11,0.89,11.3,27.17,0.2668,0.5132,0.1127,0.2162,0.04,-1.39,None
2016-06-30,495738819,495738819,1,198892000000,None,174428000000,None,24361000000,103000000,1225000000,7412000000,12264000000,2186000000,492000000,475000000,0.95,0.94,0.24,230000000,-3203000000,3911000000,938000000,5265000000,42000000,39.71,44.32,35.1,0.0836,0.0102,46.67,0.88,10.91,26.91,0.2553,0.5301,0.1163,0.2283,0.04,0.38,None
2016-03-31,501127617,501127617,1,194158000000,None,170105000000,None,23952000000,101000000,1225000000,7535000000,8514000000,2063000000,447000000,430000000,0.85,0.84,0.24,-251000000,-3459000000,2438000000,-1272000000,4327000000,24000000,36.55,42.04,31.07,0.0841,0.0103,45.35,0.84,10.21,26.67,0.2588,0.3746,0.1171,0.2313,0.04,-0.55,None
2015-12-31,504998347,504998347,1,190817000000,None,167380000000,None,23329000000,108000000,1225000000,7662000000,0,2012000000,484000000,467000000,0.92,0.91,0.24,1491000000,-4697000000,3889000000,683000000,5599000000,112000000,41.02,45.24,36.79,0.084,0.0102,43.77,0.93,12.1,26.43,0.2523,0,0.1158,0.2319,0.04,2.73,None
2015-09-30,509612975,509612975,1,187036000000,None,163372000000,None,23770000000,-106000000,1225000000,7619000000,0,2022000000,537000000,519000000,1.01,1,0.24,1243000000,-928000000,-2687000000,-2372000000,4916000000,38000000,41.47,45.84,37.09,0.0805,0.0098,44.24,0.96,12.02,26.19,0.2555,0,0.1205,0.2211,0.04,2.36,None
2015-06-30,514047186,514047186,1,188858000000,None,165635000000,None,23331000000,-108000000,1225000000,7753000000,0,2041000000,483000000,466000000,0.9,0.89,0.24,972000000,-380000000,-1042000000,-450000000,7288000000,3000000,42.55,44.69,40.4,0.0835,0.01,43,1,12.97,25.95,0.2394,0,0.1171,0.2274,0.04,1.89,None
2015-03-31,516219400,516219400,1,189881000000,None,166621000000,None,23154000000,106000000,1225000000,7530000000,0,1957000000,429000000,411000000,0.79,0.78,0.2,-210000000,689000000,-970000000,-491000000,7738000000,33000000,39.88,43.23,36.52,0.0805,0.0096,42.48,0.96,12.35,25.71,0.2404,0,0.1155,0.2142,0.04,-0.47,None
2014-12-31,522938524,522938524,1,190328000000,None,167323000000,None,22897000000,108000000,1225000000,7556000000,0,2007000000,406000000,379000000,0.72,0.72,0.2,-1745000000,-1514000000,3163000000,-96000000,8229000000,51000000,38.52,43.06,33.97,0.0806,0.0096,41.44,0.94,11.74,25.51,0.2139,0,0.1139,0.211,0.04,-3.43,None
2014-09-30,521456462,521456462,1,186818000000,None,164549000000,None,22166000000,103000000,725000000,7657000000,0,1995000000,576000000,563000000,1.07,1.06,0.2,-585000000,-1943000000,3994000000,1466000000,8325000000,36000000,38.64,40.86,36.42,0.0832,0.0099,41.12,0.96,15.15,25.31,0.1807,0,0.1148,0.2146,0.05,-1.19,None
2014-06-30,530936304,530936304,1,182559000000,None,160428000000,None,22131000000,0,725000000,7614000000,0,2166000000,387000000,387000000,0.73,0.72,0.2,318000000,-3751000000,2385000000,-1048000000,6859000000,26000000,38.83,40.84,36.82,0.066,0.0079,40.32,0.99,15.47,25.11,0.1943,0,0.1173,0.1699,0.05,0.55,None
2014-03-31,532843111,532843111,1,179542000000,None,157725000000,None,21691000000,126000000,725000000,7659000000,0,1995000000,405000000,393000000,0.74,0.73,0.1,830000000,-2065000000,3879000000,2644000000,7907000000,34000000,38.74,41.26,36.23,0.0659,0.008,39.35,1.01,16.07,24.91,0.1586,0,0.1168,0.1692,0.05,1.49,None
2013-12-31,534671799,534671799,1,175335000000,None,153913000000,None,21303000000,119000000,725000000,7703000000,0,2026000000,426000000,413000000,0.78,0.77,0.1,1626000000,-3902000000,3253000000,977000000,5263000000,96000000,34.48,36.99,31.97,0.0638,0.0078,38.49,0.91,15.06,24.81,0.1448,0,0.1174,0.1608,0.05,2.86,None
2013-09-30,536082029,536082029,1,171777000000,None,150707000000,None,20954000000,116000000,725000000,7656000000,0,1888000000,189000000,179000000,0.33,0.33,0.1,1858000000,-1922000000,191000000,127000000,4286000000,61000000,33.94,36.29,31.59,0.061,0.0074,37.73,0.9,8.61,24.71,0.1307,0,0.1178,0.1486,0.05,3.35,None
2013-06-30,537528406,537528406,1,171546000000,None,150539000000,None,20892000000,115000000,725000000,7613000000,0,2069000000,377000000,365000000,0.68,0.68,0.1,103000000,-1530000000,-376000000,-1803000000,4159000000,15000000,29.91,32.84,26.97,0.1052,0.0125,37.52,0.79,7.95,24.61,0.0635,0,0.1176,0.2074,0.06,0.16,None
2013-03-31,540172381,540172381,1,172435000000,None,151241000000,None,21080000000,114000000,725000000,7445000000,0,2084000000,352000000,340000000,0.64,0.63,0.05,621000000,-1587000000,-1329000000,-2295000000,5962000000,28000000,28.45,29.98,26.93,0.1004,0.0118,37.68,0.76,7.92,24.51,0.0532,0,0.118,0.1953,0.06,1.1,None
2012-12-31,538941296,538941296,1,173442000000,None,152457000000,None,20871000000,114000000,725000000,7325000000,0,2261000000,356000000,350000000,0.66,0.65,0.05,1064000000,824000000,762000000,2650000000,8257000000,38000000,27.97,30.64,25.3,0.0963,0.0111,37.38,0.75,9.11,24.46,0.0558,0,0.1162,0.1843,0.06,1.9,None
2012-09-30,538828728,538828728,1,173181000000,None,152782000000,None,20285000000,114000000,275000000,7265000000,0,3813000000,1077000000,1066000000,1.99,1.98,0.05,-846000000,3987000000,-4273000000,-1132000000,5607000000,56000000,26.56,30.79,22.34,0.0828,0.0095,37.14,0.71,17.83,24.41,0.0651,0,0.1155,0.1609,0.06,-1.67,None
2012-06-30,538484027,538484027,1,178257000000,None,157689000000,None,20457000000,111000000,275000000,7315000000,0,2214000000,275000000,270000000,0.51,0.5,0.05,1690000000,-281000000,-651000000,758000000,6739000000,64000000,22.89,24.83,20.96,0.04,0.0046,37.48,0.62,17.47,24.36,0.1347,0,0.1132,0.0925,0.05,3.02,None
2012-03-31,538168627,538168627,1,178226000000,None,157985000000,None,20130000000,111000000,275000000,7499000000,0,2187000000,250000000,245000000,0.46,0.46,0.05,102000000,213000000,1157000000,1472000000,5981000000,48000000,21.5,24.93,18.07,0.0355,0.0041,36.89,0.58,23.12,24.31,0.1224,0,0.1114,0.0822,0.05,0.1,None
2011-12-31,536378272,536378272,1,176859000000,None,156793000000,None,20066000000,0,275000000,7361000000,0,2056000000,74000000,71000000,0.13,0.13,0.05,889000000,-6253000000,4373000000,-991000000,4509000000,53000000,18.55,21.31,15.79,0.0253,0.0037,36.9,0.5,18.01,24.26,0.1301,0,0.1119,0.0583,0.05,1.56,None
2011-09-30,536997314,536997314,1,172553000000,None,152353000000,None,20200000000,0,172000000,7482000000,0,2166000000,215000000,212000000,0.4,0.4,0.05,641000000,-4389000000,2461000000,-1287000000,5500000000,69000000,21.52,26.52,16.51,0.0281,0.0044,37.3,0.59,26.9,24.21,0.0791,0,0.1161,0.0617,0.05,1.07,None
2011-06-30,536877003,536877003,1,172173000000,None,152513000000,None,19660000000,0,172000000,7882000000,0,2132000000,178000000,174000000,0.32,0.32,0.01,1193000000,-375000000,-248000000,570000000,6787000000,8000000,27.38,30.13,24.63,0.0218,0.004,36.3,0.77,76.06,24.16,0.0506,0,0.1132,0.0464,0.05,2.21,None
2011-03-31,536888834,536888834,1,170794000000,None,151571000000,None,19223000000,0,172000000,7983000000,0,2132000000,180000000,38000000,0.08,0.08,0.01,1905000000,686000000,-1752000000,839000000,6217000000,1000000,30.26,33.14,27.38,0.0098,0.0031,35.48,0.83,None,24.15,0.1131,0,0.1115,0.0204,0.05,3.55,None
2010-12-31,500491137,500491137,1,172874000000,None,149744000000,None,23130000000,0,4942000000,7894000000,0,2298799000,184376000,114522000,0.23,0.23,0.01,371616000,2294514000,-1443159000,1222971000,5378000000,97453000,26.54,29.82,23.25,-0.0048,0.0011,36.34,0.72,None,24.14,None,0,0.1052,None,0.05,0.55,None
2010-09-30,499959163,499959163,1,174702690000,None,151265116000,None,23437574000,0,4935507000,7527380000,0,2284475000,153054000,83771000,0.17,0.17,0.01,1480612000,-4690061000,2571474000,-637975000,4155200000,65933000,24.42,27.05,21.79,-0.0288,-0.0014,37.01,0.67,None,24.13,None,0,0.1059,None,0.05,2.83,None
2010-06-30,499934095,499934095,1,170668470000,None,147644576000,None,23023894000,0,4929357000,7766255000,0,2130129000,12384000,-56109000,-0.12,-0.12,0.01,546687000,-971410000,-1091775000,-1516498000,4793175000,40276000,27.52,31.92,23.12,-0.0548,-0.0041,36.19,0.78,None,24.12,None,0,0.106,None,0.05,1.01,None
2010-03-31,499887039,499887039,1,171796255000,None,149176329000,None,22619926000,0,4923292000,8122797000,0,1869597000,-160814000,-229184000,-0.46,-0.46,0.01,1819085000,2647957000,-5154540000,-687498000,6309673000,48338000,24.27,28.39,20.16,-0.061,-0.0052,35.4,0.69,None,24.11,None,0,0.103,None,0.05,3.54,None
2009-12-31,499350064,499350064,1,174164735000,None,151633880000,None,22530855000,0,4917312000,8030377000,0,1893487000,-248115000,-316424000,-0.64,-0.64,0.01,1329453000,-1692175000,2202156000,1839434000,6997171000,51512000,21.27,24.09,18.45,-0.099,-0.0089,35.27,0.59,None,24.1,None,0,0.1011,None,0.05,2.56,None
2009-09-30,499150479,499150479,1,172717747000,None,149809463000,None,22908284000,0,4911416000,7918518000,0,1912509000,-316941000,-377144000,-0.76,-0.76,0.01,5370759000,140159000,-3610865000,1900053000,5157737000,51854000,19.46,24.43,14.5,-0.1032,-0.0093,36.05,0.54,None,24.09,None,0,0.1042,None,0.05,10.66,None
2009-06-30,498827499,498827499,1,176734971000,None,153781813000,None,22953158000,0,4918863000,7831865000,0,2161332000,-183460000,-164428000,-0.41,-0.41,0.1,-1920091000,640354000,-2523578000,-3803315000,3257684000,61694000,15.68,20.86,10.5,-0.0639,-0.0057,36.15,0.34,None,24.08,None,0,0.102,None,0.05,-3.97,None
2009-03-31,356804038,356804038,1,179116402000,None,157470776000,None,21645626000,0,5227357000,7412764000,0,2208640000,-815167000,-875381000,-2.49,-2.49,0.1,-1737957000,1995336000,166218000,423597000,7060999000,47126000,18.09,30.18,6,-0.0237,-0.0017,46.01,0.38,8.45,23.98,None,0,0.0917,None,0.05,-5,None
2008-12-31,356681867,356681867,1,189137961000,None,166749852000,None,22388109000,0,5221703000,8078930000,0,1894589000,-347587000,-379221000,-1.08,-1.08,0.54,382887000,-3232662000,4916650000,2066875000,6637402000,80221000,38.75,57.75,19.75,0.0418,0.0044,48.13,0.76,12,23.88,1.3494,0,0.0908,0.0821,0.05,0.85,None
2008-09-30,354109279,354109279,1,174776760000,None,156820735000,None,17956025000,0,0,8452834000,0,2431435000,312444000,307333000,0.88,0.88,0.77,611469000,1045857000,-2594465000,-937139000,4570527000,59518000,44.8,64,25.6,0.0624,0.0065,50.71,0.88,12.69,23.34,0.9473,0,0.1027,0.1263,0.05,1.56,None
2008-06-30,353689012,353689012,1,177232727000,None,159325575000,None,17907152000,0,0,8498071000,0,2569726000,540362000,535250000,1.53,1.53,0.77,2262949000,114676000,-2133004000,244621000,5507666000,47676000,46.57,60.8,32.34,0.0683,0.0071,50.63,0.89,11.97,22.57,0.8515,0,0.101,0.1449,0.05,6.26,None
2008-03-31,351094884,351094884,1,178986947000,None,160555499000,None,18431448000,0,0,8353301000,0,2197369000,290555000,283578000,0.82,0.81,0.77,442445000,504620000,-1326621000,-379556000,5263045000,34187000,61.47,70,52.94,0.0766,0.0079,52.5,1.19,13.6,21.8,0.7529,0,0.103,0.1654,0.05,1.16,None
2007-12-31,348742997,348742997,1,179573933000,None,161521415000,None,18052518000,0,0,8284488000,0,1743530000,11124000,3257000,0.02,0.01,0.73,-77140000,-3642307000,4201355000,481908000,5642601000,77511000,69.39,78.76,60.02,0.09,0.0091,51.76,1.35,11.74,21.03,0.6385,0,0.1005,0.1968,0.05,-0.44,None
2007-09-30,348154240,348154240,1,175857229000,None,157949982000,None,17907247000,0,0,8239170000,0,2011327000,420164000,412638000,1.19,1.18,0.73,3432589000,3051266000,-6747578000,-263723000,5160693000,45142000,82.04,90.47,73.61,0.1186,0.0118,51.43,1.65,13.23,20.3,0.4681,0,0.1018,0.2494,0.05,9.73,None
2007-06-30,349294880,349294880,1,180314372000,None,162945519000,None,17368853000,0,0,8187510000,0,2349906000,681431000,673912000,1.91,1.89,0.73,-4059093000,8376863000,-3667118000,650652000,5424416000,-8788000,86.17,94.18,78.16,0.1243,0.0123,49.73,1.71,14.86,19.57,0.4252,0,0.0963,0.264,0.05,-11.6,None
2007-03-31,356623731,356623731,1,186384841000,None,168416303000,None,17968538000,0,0,8190180000,0,2043465000,521296000,513933000,1.45,1.44,0.73,4416277000,-5251197000,300939000,-533981000,4773764000,72566000,84.09,87.43,80.76,0.117,0.0115,50.39,1.68,14.45,18.84,0.436,0,0.0964,0.2579,0.04,12.18,None
2006-12-31,355264749,355264749,1,182161609000,None,164348003000,None,17813606000,0,0,8071844000,0,2043855000,506354000,506354000,1.4,1.4,0.61,919886000,170495000,-1036214000,54167000,5307745000,114657000,81.2,85.64,76.76,0.1193,0.0117,50.14,1.55,13.88,18.11,0.4142,0,0.0978,0.2605,0.04,2.27,None
2006-09-30,354140744,354140744,1,183104553000,None,164515246000,None,18589307000,0,0,8023103000,0,2010323000,535588000,535588000,1.48,1.47,0.61,-401402000,-455048000,923236000,66786000,5253578000,64101000,78.35,81.59,75.11,0.1216,0.0118,52.49,1.64,13.56,17.5,0.4037,0,0.1015,0.2639,0.04,-1.31,None
2006-06-30,364806293,364806293,1,181143444000,None,163719524000,None,17423920000,0,0,8041568000,0,2044112000,544002000,544002000,1.51,1.49,0.61,-2038931000,-638663000,2515606000,-161988000,5186792000,81565000,75.44,78.33,72.56,0.1235,0.0118,47.76,1.6,13.54,16.89,0.4003,0,0.0962,0.2615,0.05,-5.81,None
2006-03-31,363627519,363627519,1,178876476000,None,161719028000,None,17157448000,0,0,8020568000,0,2030547000,531527000,531527000,1.48,1.46,0.61,5408473000,-4482259000,-1883040000,-956826000,5348780000,73931000,73.22,76.75,69.68,0.1202,0.0116,47.18,1.57,13.39,16.28,0.4043,0,0.0959,0.2565,0.05,14.67,None
2005-12-31,362555710,362555710,1,179712841000,None,162825446000,None,16887395000,0,0,7958135000,0,1984959000,518471000,518471000,1.44,1.43,0.55,-2935727000,-2302528000,6084490000,846235000,6305606000,93764000,70.39,75.46,65.32,0.1198,0.0116,46.58,1.52,13.28,15.67,0.4007,0,0.094,0.2569,0.05,-8.36,None
2005-09-30,361402088,361402088,1,172416096000,None,155698346000,None,16717750000,0,0,7954504000,0,1989059000,510774000,510774000,1.42,1.4,0.55,-2249914000,-1202248000,2914505000,-537657000,5459371000,37360000,72.31,75.77,68.85,0.1176,0.0116,46.26,1.57,13.91,15.12,0.4039,0,0.097,0.2535,0.05,-6.33,None
2005-06-30,362535757,362535757,1,168952575000,None,152306379000,None,16646196000,0,0,7967914000,0,1894618000,465700000,465700000,1.3,1.28,0.55,901919000,-4007214000,3141889000,36594000,5997028000,21176000,72.3,75,69.6,0.1211,0.0115,45.92,1.62,13.69,14.57,0.404,0,0.0985,0.2508,0.05,2.43,None
2005-03-31,361470964,361470964,1,164810954000,None,148706695000,None,16104259000,0,0,7934875000,0,1865374000,492294000,492294000,1.37,1.36,0.55,-434996000,-4444576000,5351067000,471495000,5960434000,49350000,71.59,74.18,69,0.1303,0.0118,44.55,1.62,13.77,14.02,0.3887,0,0.0977,0.2539,0.05,-1.34,None
2004-12-31,360831081,360831081,1,158869784000,None,142882885000,None,15986899000,0,0,7867464000,0,1843207000,455729000,455729000,1.27,1.26,0.5,-1472235000,-1955074000,4092671000,665362000,5488939000,76737000,70.7,74.38,67.03,0.136,0.0116,44.31,1.98,13.73,13.47,0.3843,0,0.1006,0.2501,0.05,-4.29,None
2004-09-30,283001000,283001000,1,127785985000,None,117657468000,None,10128517000,0,0,1888437000,0,1504566000,368766000,368766000,1.31,1.3,0.5,1403993000,-1371328000,-974380000,-941715000,4823577000,52740000,67.09,70.69,63.5,0.1459,0.0115,35.79,1.89,13.34,12.97,0.3775,0,0.0793,0.2476,0.05,4.77,None
2004-06-30,282790266,282790266,1,128176523000,None,118116764000,None,10059759000,0,0,1886274000,0,1495094000,386571000,386571000,1.39,1.36,0.5,927327000,-3602559000,3745719000,1070487000,5765292000,36344000,66.19,71.1,61.27,0.1454,0.0113,35.57,1.85,13.68,12.47,0.377,0,0.0785,0.2453,0.05,3.15,None
2004-03-31,282423271,282423271,1,125250052000,None,115156242000,None,10093810000,0,0,1707863000,0,1446734000,361835000,361835000,1.29,1.28,0.5,273118000,-2038122000,1138435000,-626569000,4694805000,72188000,72.34,76.65,68.04,0.1429,0.011,35.74,2.1,15.29,11.97,0.3817,0,0.0806,0.2397,0.05,0.71,None
2003-12-31,282179309,282179309,1,125393153000,None,115661987000,None,9731166000,0,0,1717257000,0,1449592000,342507000,342507000,1.23,1.21,0.45,3387756000,-1730329000,-1065025000,592402000,5321374000,60189000,66.09,71.73,60.45,0.1446,0.0108,34.49,2.01,14,11.47,0.3801,0,0.0776,0.2369,0.05,11.79,None
2003-09-30,281530014,281530014,1,126654376000,None,117415963000,None,9238413000,0,0,1690429000,0,1407278000,331583000,331583000,1.19,1.18,0.45,185723000,-4483383000,2768316000,-1529344000,4728972000,49493000,60.5,63,58,0.1483,0.011,32.82,1.86,12.76,11.02,0.3765,0,0.0729,0.2388,0.05,0.48,None
2003-06-30,281485407,281485407,1,120857299000,None,111678596000,None,9178703000,0,0,1675857000,0,1396305000,330359000,330359000,1.19,1.17,0.45,595920000,1286407000,-874954000,1007373000,6258316000,25270000,56.71,61.98,51.44,0.1512,0.0114,32.61,1.83,11.89,10.57,0.3698,0,0.0759,0.2417,0.05,2.03,None
2003-03-31,280093709,280093709,1,120062147000,None,111363858000,None,8698289000,0,0,1577160000,0,1370129000,327848000,327848000,1.18,1.17,0.45,-36166000,-1811542000,1540356000,-307352000,5250943000,22656000,55.84,59.95,51.73,0.1535,0.0118,31.05,1.8,11.98,10.12,0.3631,0,0.0724,0.2423,0.05,-0.21,None
2002-12-31,282373390,282373390,1,117322523000,None,108553027000,None,8769496000,0,0,1575919000,0,1396801000,340250000,340250000,1.21,1.2,0.43,-2483653000,-3622148000,5619921000,-485880000,5558295000,22397000,57.36,63.25,51.48,0.1514,0.012,31.06,1.84,12.2,9.67,0.3607,0,0.0747,0.2363,0.05,-8.87,None
2002-09-30,283648214,283648214,1,112422026000,None,103573632000,None,8848394000,0,0,1605447000,0,1385984000,342993000,342993000,1.21,1.2,0.43,-188956000,-2246135000,2975423000,540332000,6044175000,35057000,62.51,69.12,55.9,0.1551,0.0125,31.19,1.98,13.44,9.24,0.3515,0,0.0787,0.2401,0.05,-0.79,None
2002-06-30,285007227,285007227,1,107988132000,None,98991854000,None,8996278000,0,0,1635579000,0,1439211000,343685000,343685000,1.22,1.2,0.43,466798000,-462128000,1128518000,1133188000,5503843000,61336000,67.65,70.2,65.1,0.157,0.0127,31.57,2.1,14.58,8.81,0.349,0,0.0833,0.2398,0.05,1.42,None
2002-03-31,266230736,266230736,1,106244822000,None,97667533000,None,8577289000,0,0,1628117000,0,1413388000,304881000,304881000,1.07,1.06,0.43,642201000,1531075000,-3712665000,-1539389000,4370655000,4455000,63.39,68.47,58.32,0.1627,0.0129,32.22,2.18,13.43,8.38,0.3428,0,0.0807,0.2446,0.05,2.4,None
2001-12-31,287253875,287253875,1,104740644000,None,96381076000,None,8359568000,0,0,811276000,0,1377701000,356722000,356722000,1.24,1.24,0.4,-762095000,-663737000,2207400000,781568000,5910044000,28533000,63.02,67.93,58.1,0.1705,0.0133,29.1,2.22,13.73,7.95,0.3364,0,0.0798,0.2543,0.05,-2.75,None
2001-09-30,288814992,288814992,1,103262035000,None,95062136000,None,8199899000,0,0,858073000,0,1354231000,334144000,334144000,1.17,1.15,0.4,-110654000,-426722000,980310000,442934000,5128476000,35459000,66.22,72.35,60.1,0.1679,0.0131,28.39,2.43,14.59,7.55,0.339,0,0.0794,0.2564,0.05,-0.51,None
2001-06-30,288611662,288611662,1,100822534000,None,92949379000,None,7873155000,0,0,849161000,0,1345715000,347146000,347146000,1.21,1.19,0.4,99184000,3165368000,-3078045000,186507000,4685542000,16833000,62.81,66.38,59.25,0.1696,0.0131,27.28,2.34,14.27,7.15,0.3365,0,0.0781,0.2618,0.05,0.29,None
2001-03-31,291988630,291988630,1,103726385000,None,95895985000,None,7830400000,0,0,868541000,0,1330776000,337525000,337525000,1.16,1.14,0.4,-517226000,-114210000,-260881000,-892317000,4499035000,8399000,62.68,68.07,57.29,0.1674,0.0129,26.82,2.25,14.58,6.75,0.3402,0,0.0755,0.2628,0.05,-1.8,None
2000-12-31,296358740,296358740,1,103496380000,None,95257172000,None,8239208000,0,0,810860000,0,1230935000,330372000,330372000,1.13,1.11,0.37,-68805000,-1336962000,2158461000,752694000,5391352000,49144000,53,64.38,41.63,0.169,0.0129,27.8,2.04,11.67,6.35,0.3411,0,0.0796,0.2651,0.05,-0.4,None
2000-09-30,296212991,296212991,1,100546052000,None,92848249000,None,7697803000,0,0,812079000,0,1218683000,326820000,326820000,1.11,1.1,0.37,514208000,-338566000,-5872000,169770000,4638658000,26198000,49.91,54.19,45.63,0.1857,0.0142,25.99,1.96,11.24,5.98,0.3132,0,0.0766,0.2936,0.05,1.65,None
2000-06-30,298102334,298102334,1,99750810000,None,92171856000,None,7578954000,0,0,800728000,0,1213000000,317469000,317469000,1.06,1.05,0.37,-427260000,-2615806000,2875054000,-168012000,4468888000,39880000,55.53,66,45.06,0.1841,0.0145,25.42,2.36,12.91,5.61,0.315,0,0.076,0.2911,0.05,-1.57,None
2000-03-31,302445909,302445909,1,96040910000,None,88932198000,None,7108712000,0,0,780677000,0,1219445000,319439000,319439000,1.05,1.04,0.37,494462000,-2126065000,749137000,-882466000,4636900000,30599000,57.44,68.06,46.81,0.1774,0.0145,23.5,2.32,13.91,5.24,0.321,0,0.074,0.2836,0.05,1.53,None
1999-12-31,307754139,307754139,1,95389968000,None,87763106000,None,7626862000,0,0,804632000,0,1095032000,429794000,429794000,1.36,1.35,0.34,214785000,-1589937000,1853155000,478003000,5519366000,48243000,70.09,76,64.19,0.1669,0.0142,24.78,2.86,20.49,4.87,0.3294,0,0.08,0.2761,0.05,0.54,None
1999-09-30,319965081,319965081,1,92755402000,None,84917322000,None,7838080000,0,0,831478000,0,1241575000,321406000,321406000,1.01,1,0.345,1597799000,-1786662000,26685000,-162178000,5041363000,42630000,66.22,70.88,61.56,0.1624,0.0142,24.5,2.6,19.89,4.53,0.3143,0,0.0845,0.219,0.06,4.86,None
1999-06-30,321719382,321719382,1,93219881000,None,85027214000,None,8192667000,0,0,819020000,0,1254135000,293663000,293663000,0.92,0.91,0.345,577658000,-2218957000,2294374000,653075000,5203541000,58719000,68.03,73,63.06,0.1585,0.014,25.47,2.69,20.62,4.18,0.3004,0,0.0879,0.2129,0.07,1.61,None
1999-03-31,321563833,321563833,1,91122492000,None,82983751000,None,8138741000,0,0,816621000,0,1214745000,281737000,281737000,0.89,0.87,0.345,1216049000,-714480000,-2027937000,-1526368000,4550466000,107587000,69.94,79.44,60.44,0.1555,0.014,25.31,2.75,21.32,3.84,0.276,0,0.0893,0.2108,0.07,3.45,None
1998-12-31,321308911,321308911,1,93169932000,None,84991288000,None,8178644000,0,0,797045000,0,2285824000,416301000,416301000,0.65,0.64,0.25,-1058250000,-5567665000,6571320000,-54595000,6076834000,133338000,67.84,80.63,55.06,0.1538,0.0141,25.45,2.69,19.61,3.5,0.2448,0,0.0878,0.209,0.07,-3.71,None
1998-09-30,209568155,209568155,1,60841318000,None,55556968000,None,5284350000,0,0,442077000,0,789971000,188853000,188853000,0.92,0.91,0.25,51887000,-1174343000,465082000,-657374000,3524495000,57976000,70.88,87.75,54,0.1302,0.0121,25.22,2.48,21.16,3.25,0.2863,0,0.0869,0.2342,0.05,-0.03,None
1998-06-30,208887527,208887527,1,61493403000,None,55520774000,None,5972629000,0,0,438194000,0,793762000,184989000,184989000,0.89,0.88,0.25,-68422000,-479810000,1151395000,603163000,4181869000,31899000,78.41,83.44,73.38,0.1283,0.012,28.59,2.85,24.2,3,0.289,0,0.0971,0.2346,0.05,-0.48,None
1998-03-31,211107402,211107402,1,59990232000,None,54176002000,None,5814230000,0,0,429727000,0,775737000,180874000,180874000,0.87,0.85,0.25,173556000,-892611000,294498000,-424557000,3578706000,35819000,71.34,77.44,65.25,0.1296,0.012,27.54,2.87,22.79,2.75,0.2923,0,0.0969,0.2356,0.05,0.65,None
1997-12-31,211408881,211408881,1,58082736000,None,52822354000,None,5260382000,0,0,292370000,0,744606000,172183000,172183000,0.82,None,0.24,-1372772000,-147356000,2027975000,507847000,4003263000,41791000,68.19,75.25,61.13,0.1321,0.012,24.88,2.88,22.58,2.5,0.294,0,0.0906,0.2359,0.05,-6.69,None
1997-09-30,210860396,210860396,1,55454191000,None,50465135000,None,4989056000,0,0,285765000,0,697860000,168578000,168578000,0.8,None,0.23,699575000,-526662000,-114647000,58266000,3495416000,33597000,62.59,70.44,54.75,0.1319,0.012,23.66,2.59,21.43,2.25,0.2997,0,0.09,0.2374,0.05,3.16,None
1997-06-30,212339255,212339255,1,55462804000,None,50322150000,None,5140654000,0,0,275265000,0,697860000,165436000,165436000,0.77,None,0.23,104216000,-1636454000,845610000,-686628000,3437150000,31948000,51.56,59,44.13,0.1306,0.0121,24.21,2.29,18.22,2.02,0.2997,0,0.0927,0.2366,0.05,0.34,None
1997-03-31,213840110,213840110,1,53733279000,None,48917429000,None,4815850000,0,0,277216000,0,688278000,161056000,161056000,0.74,None,0.225,-133499000,-1277094000,761756000,-648837000,4123778000,204434000,50.44,54.75,46.13,0.1313,0.0123,22.52,2.27,18.31,1.79,0.2994,0,0.0896,0.2364,0.05,-1.58,None
1996-12-31,219341647,219341647,1,52468249000,None,47588269000,None,4879980000,0,0,277736000,0,669306000,158511000,158511000,0.71,None,0.23,44091000,-964633000,2451755000,1531213000,4772615000,44828000,46.69,52.5,40.88,0.1318,0.0125,22.25,2.18,17.39,1.57,0.2995,0,0.093,0.237,0.05,-0,None
1996-09-30,223014624,223014624,1,49632692000,None,44853979000,None,4778713000,0,0,280264000,0,651687000,155588000,155588000,0.7,None,0.2,57233000,-1306137000,1196027000,-52877000,3241402000,34152000,38.19,41.5,34.88,0.1333,0.0126,21.43,1.84,14.6,1.34,0.2978,0,0.0963,0.237,0.05,0.1,None
1996-06-30,223115672,223115672,1,48066984000,None,43431150000,None,4635834000,0,0,280711000,0,644332000,152097000,152097000,0.68,None,0.2,176733000,-852172000,1055333000,379894000,3294279000,32825000,35.63,38,33.25,0.136,0.0128,20.78,1.82,14,1.14,0.2973,0,0.0964,0.2371,0.05,0.64,None
1996-03-31,112526906,225053812,2,46585399000,None,42170166000,None,4415233000,0,0,280011000,0,636874000,150419000,150419000,1.33,None,0.4,197952000,-800602000,-452524000,-1055174000,2914385000,26256000,35.19,38.38,32,0.1384,None,19.62,1.87,14.25,0.94,0.297,0,0.0948,0.2379,0.05,0.76,None
1995-12-31,113381168,226762336,2,46471472000,None,42201891000,None,4269581000,0,0,271926000,0,611495000,144864000,144864000,1.28,None,0.4,-100499000,-952619000,2626049000,1572931000,3969559000,39651000,33.56,35.44,31.69,0.141,None,18.83,1.87,None,0.74,0.2982,0,0.0919,0.2366,0.05,-0.62,None
1995-09-30,113160351,226320702,2,43357127000,None,39290284000,None,4066843000,0,0,257131000,0,600527000,143700000,143700000,1.26,None,0.36,272199000,230234000,-1371664000,-869231000,2396628000,34775000,31.19,33.88,28.5,None,None,17.97,1.78,None,0.54,None,0,0.0938,None,None,1.05,None
1995-06-30,114216007,228432014,2,44248292000,None,40246714000,None,4001578000,0,0,240163000,0,588730000,140876000,140876000,1.22,None,0.36,193958000,-498093000,692805000,388670000,3265859000,29688000,28.26,29.94,26.57,None,None,17.52,1.76,None,0.36,None,0,0.0904,None,None,0.72,None
1995-03-31,115048853,230097706,2,42760146000,None,39059261000,None,3700885000,0,0,232646000,0,588760000,136036000,136036000,1.18,None,0.36,165297000,-499212000,-380663000,-714578000,2877189000,29178000,25.66,27.69,23.63,None,None,16.08,1.72,None,0.18,None,0,0.0865,None,None,0.59,None
1994-12-31,115624075,231248150,2,42709085000,None,39255754000,None,3453331000,0,0,237416000,0,None,None,None,None,None,0,None,None,None,None,3591767000,0,24.38,25.57,23.19,None,None,14.93,None,None,0,None,0,0.0809,None,None,None,None
