"Quarter end","Shares","Shares split adjusted","Split factor","Assets","Current Assets","Liabilities","Current Liabilities","Shareholders equity","Non-controlling interest","Preferred equity","Goodwill & intangibles","Long-term debt","Revenue","Earnings","Earnings available for common stockholders","EPS basic","EPS diluted","Dividend per share","Cash from operating activities","Cash from investing activities","Cash from financing activities","Cash change during period","Cash at end of period","Capital expenditures","Price","Price high","Price low","ROE","ROA","Book value of equity per share","P/B ratio","P/E ratio","Cumulative dividends per share","Dividend payout ratio","Long-term debt to equity ratio","Equity to assets ratio","Net margin","Asset turnover","Free cash flow per share","Current ratio"
2019-03-31,4090807600,4090807600,1,84601000000,12891000000,58474000000,12115000000,26072000000,55000000,0,47832000000,35366000000,8441000000,-2174000000,-2174000000,-0.54,-0.54,0,2847000000,-2112000000,43000000,778000000,7063000000,2694000000,6.02,6.54,5.5,-0.0702,-0.0225,6.37,0.87,75.25,12.68,None,1.3565,0.3082,None,0.39,0.04,1.0641
2018-12-31,4079316764,4079316764,1,86404000000,12396000000,58075000000,10700000000,28270000000,59000000,0,49961000000,36288000000,8601000000,-141000000,-141000000,-0.03,-0.03,0,2225000000,-1143000000,-570000000,512000000,6285000000,3562000000,6.08,6.61,5.55,0.0108,0.0035,6.93,0.87,3.25,12.68,0,1.2836,0.3272,0.009,0.38,-0.33,1.1585
2018-09-30,4077576840,4077576840,1,87851000000,14447000000,59387000000,12926000000,28401000000,63000000,0,50046000000,35329000000,8433000000,196000000,196000000,0.05,0.05,0,2927000000,-1918000000,339000000,1348000000,5773000000,2845000000,5.98,6.61,5.35,0.2793,0.0891,6.97,0.87,3.3,12.68,0,1.2439,0.3233,0.2312,0.39,0.02,1.1177
2018-06-30,4068421433,4068421433,1,86449000000,13395000000,58504000000,11647000000,27893000000,52000000,0,50199000000,35771000000,8125000000,176000000,176000000,0.04,0.04,0,2430000000,-4369000000,-295000000,-2234000000,4425000000,2875000000,5.71,6.62,4.81,0.2958,0.0877,6.86,0.87,3.14,12.68,0,1.2824,0.3227,0.2273,0.39,-0.11,1.1501
2018-03-31,4011474569,4011474569,1,85459000000,14253000000,59040000000,10800000000,26356000000,63000000,0,50360000000,37463000000,8083000000,69000000,69000000,0.02,0.02,0,5657000000,-7411000000,3901000000,2147000000,6659000000,6357000000,5.41,6.01,4.81,0.3261,0.0888,6.57,0.83,3.11,12.68,0,1.4214,0.3084,0.228,0.39,-0.17,1.3197
2017-12-31,4003046276,4003046276,1,81419000000,10165000000,55114000000,11071000000,26235000000,70000000,0,50475000000,32825000000,8239000000,7162000000,7162000000,1.79,1.76,0,1166000000,152000000,-1680000000,-362000000,4440000000,1302000000,6.71,8,5.42,0.3388,0.0847,6.55,1.41,None,12.68,0,1.2512,0.3222,0.2141,0.4,-0.03,0.9182
2017-09-30,4000345604,4000345604,1,82466000000,11935000000,63446000000,10897000000,19020000000,0,0,50498000000,34236000000,7927000000,-48000000,-48000000,-0.01,-0.01,0,1959000000,1562000000,-1197000000,2324000000,4802000000,1179000000,8.21,8.92,7.5,-0.0319,-0.0073,4.75,1.72,None,12.68,None,1.8,0.2306,None,0.4,0.19,1.0953
2017-06-30,3996883400,3996883400,1,83324000000,12496000000,64309000000,11571000000,19015000000,0,0,50727000000,34459000000,8157000000,206000000,206000000,0.05,0.05,0,1280000000,-438000000,-1234000000,-392000000,2478000000,1530000000,8.27,9.22,7.32,-0.0366,-0.0084,4.76,1.76,None,12.68,None,1.8122,0.2282,None,0.41,-0.06,1.0799
2017-03-31,3990960531,3990960531,1,85123000000,14117000000,66315000000,12458000000,18808000000,0,0,50484000000,35878000000,8539000000,-283000000,-283000000,-0.06,-0.06,0,1268000000,-4031000000,1926000000,-837000000,2870000000,868000000,8.89,9.65,8.13,-0.0629,-0.0147,4.71,1.87,None,12.68,None,1.9076,0.221,None,0.41,0.1,1.1332
2016-12-31,3987167109,3987167109,1,81295000000,10572000000,62299000000,13637000000,18996000000,0,0,50717000000,30759000000,8549000000,-479000000,-479000000,-0.12,-0.12,0,650000000,-1836000000,887000000,-299000000,3707000000,1199000000,7.41,8.98,5.83,-0.076,-0.0184,4.76,1.52,None,12.68,None,1.6192,0.2337,None,0.41,-0.14,0.7752
2016-09-30,3981273493,3981273493,1,80828000000,9856000000,61405000000,13948000000,19423000000,0,0,50977000000,29541000000,8247000000,-142000000,-142000000,-0.04,-0.04,0,1708000000,-1163000000,-319000000,226000000,4006000000,806000000,5.7,7.03,4.36,-0.0928,-0.0229,4.88,1.16,None,12.68,None,1.5209,0.2403,None,0.41,0.23,0.7066
2016-06-30,3978362186,3978362186,1,80395000000,8962000000,60893000000,11689000000,19502000000,0,0,50907000000,31354000000,8012000000,-302000000,-302000000,-0.08,-0.08,0,542000000,-2195000000,2792000000,1139000000,3780000000,866000000,3.93,4.56,3.3,-0.1128,-0.0285,4.9,0.79,None,12.68,None,1.6077,0.2426,None,0.4,-0.08,0.7667
2016-03-31,3974592358,3974592358,1,78975000000,6833000000,59192000000,11963000000,19783000000,0,0,51117000000,29268000000,8071000000,-554000000,-554000000,-0.13,-0.13,0,1294000000,-1250000000,422000000,466000000,2641000000,2423000000,3.19,4.19,2.18,-0.0961,-0.0249,4.98,0.62,None,12.68,None,1.4795,0.2505,None,0.4,-0.28,0.5712
2015-12-31,3971223232,3971223232,1,79551000000,6561000000,59218000000,11062000000,20333000000,0,0,51434000000,30429000000,8107000000,-836000000,-836000000,-0.21,-0.21,0,806000000,-405000000,-198000000,203000000,2175000000,463000000,4.31,5.12,3.5,-0.0784,-0.0205,5.12,0.81,None,12.68,None,1.4965,0.2556,None,0.4,0.09,0.5931
2015-09-30,3969872033,3969872033,1,80851000000,7096000000,59694000000,9255000000,21157000000,0,0,51755000000,32570000000,7975000000,-585000000,-585000000,-0.15,-0.15,0,1669000000,-1669000000,-88000000,-88000000,1972000000,1751000000,4.2,5.29,3.1,-0.148,-0.0391,5.33,0.77,None,12.68,None,1.5394,0.2617,None,0.41,-0.02,0.7667
2015-06-30,3968170784,3968170784,1,81439000000,7785000000,59714000000,9114000000,21725000000,0,0,52104000000,32746000000,8027000000,-20000000,-20000000,-0.01,-0.01,0,128000000,-2411000000,333000000,-1950000000,2060000000,2371000000,4.9,5.39,4.41,-0.1503,-0.0408,5.47,0.9,None,12.68,None,1.5073,0.2668,None,0.41,-0.57,0.8542
2015-03-31,3967215647,3967215647,1,83030000000,9777000000,61320000000,10940000000,21710000000,0,0,52455000000,33831000000,8282000000,-224000000,-224000000,-0.07,-0.07,0,976000000,-1802000000,1381000000,555000000,4010000000,1888000000,4.73,5.45,4.01,-0.1426,-0.0399,5.47,0.85,None,12.68,None,1.5583,0.2615,None,0.41,-0.23,0.8937
2014-12-31,3957841420,3957841420,1,83038000000,10458000000,60949000000,12244000000,22089000000,0,0,52573000000,32462000000,8973000000,-2379000000,-2379000000,-0.6,-0.6,0,-233000000,-687000000,240000000,-680000000,3455000000,1597000000,5.12,6.45,3.79,-0.1343,-0.0389,5.58,0.82,None,12.68,None,1.4696,0.266,None,0.42,-0.46,0.8541
2014-09-30,3955981006,3955981006,1,84710000000,11270000000,60047000000,10598000000,24663000000,0,0,54839000000,32266000000,8488000000,-765000000,-765000000,-0.19,-0.19,0,1028000000,-948000000,-116000000,-36000000,4135000000,1080000000,7.02,8.68,5.36,-0.0765,-0.0227,6.23,1.09,117,12.68,None,1.3083,0.2911,None,None,-0.01,1.0634
2014-06-30,3945492794,3945492794,1,84419000000,11374000000,59055000000,9436000000,25364000000,0,0,55226000000,32494000000,8789000000,23000000,23000000,0.01,0.01,0,679000000,-1277000000,-201000000,-799000000,4171000000,1192000000,8.57,9.76,7.38,0.0098,0.0029,6.43,1.33,None,12.68,0,1.2811,0.3005,None,None,-0.13,1.2054
2014-03-31,3944100117,3944100117,1,84689000000,11579000000,59377000000,9698000000,25312000000,0,0,55919000000,31787000000,8875000000,-151000000,-151000000,-0.04,-0.04,0,522000000,-1756000000,-160000000,-1394000000,4970000000,1640000000,None,None,None,-0.0664,-0.0177,6.42,None,None,12.68,None,1.2558,0.2989,None,None,-0.28,1.194
2013-12-31,3935879158,3935879158,1,86095000000,13058000000,60511000000,10669000000,25584000000,0,0,56272000000,32017000000,None,-1038000000,-1038000000,-0.26,-0.26,0,-761000000,1299000000,-232000000,306000000,6364000000,2084000000,8.7,11.47,5.92,-0.1171,-0.027,6.5,1.29,None,12.68,None,1.2514,0.2972,None,None,-0.72,1.2239
2013-09-30,3932164011,3932164011,1,87977000000,15430000000,61494000000,10950000000,26483000000,0,0,56761000000,32420000000,7749000000,1418000000,1418000000,0.35,0.35,0,-1475000000,-16595000000,24878000000,6808000000,6058000000,-1166000000,6.44,7.26,5.61,-0.1905,-0.0356,6.73,5.07,None,12.68,None,1.2242,0.301,None,0.57,-0.08,1.4091
2013-06-30,3927408000,3927408000,1,50361000000,11399000000,45381000000,9489000000,4980000000,0,0,22979000000,23903000000,8877000000,-1597000000,-1597000000,-0.53,-0.53,0,1235000000,-1654000000,-260000000,-679000000,5596000000,1639000000,6.81,7.5,6.12,-0.6404,-0.0859,1.27,3.17,None,12.68,None,4.7998,0.0989,None,0.7,-0.1,1.2013
2013-03-31,3017997967,3017997967,1,50757000000,12769000000,44283000000,8567000000,6474000000,0,0,22352000000,24072000000,8793000000,-643000000,-643000000,-0.21,-0.21,0,940000000,-1158000000,142000000,-76000000,6275000000,1436000000,None,None,None,-0.5249,-0.082,2.15,None,None,12.68,None,3.7183,0.1275,None,0.71,-0.16,1.4905
2012-12-31,3010769241,3010769241,1,51570000000,13759000000,44483000000,8874000000,7087000000,0,0,22371000000,23962000000,9005000000,-1322000000,-1322000000,-0.44,-0.44,0,216000000,-2790000000,3280000000,706000000,6351000000,1523000000,5.42,6.04,4.79,-0.4888,-0.0864,2.35,1.92,None,12.68,None,3.3811,0.1374,None,0.71,-0.43,1.5505
2012-09-30,3004614019,3004614019,1,48972000000,11611000000,40473000000,7947000000,8499000000,0,0,22391000000,20994000000,8763000000,-767000000,-767000000,-0.26,-0.26,0,628000000,-897000000,54000000,-215000000,5645000000,1118000000,4.46,5.76,3.15,-0.4335,-0.087,2.83,1.45,None,12.68,None,2.4702,0.1735,None,0.71,-0.16,1.4611
2012-06-30,3000378919,3000378919,1,49024000000,11604000000,39797000000,7363000000,9227000000,0,0,22417000000,20957000000,8843000000,-1374000000,-1374000000,-0.46,-0.46,0,1177000000,-1393000000,-1019000000,-1235000000,5860000000,979000000,2.81,3.33,2.3,-0.3469,-0.078,3.08,0.8,None,12.68,None,2.2713,0.1882,None,0.7,0.07,1.576
2012-03-31,2998846544,2998846544,1,50617000000,12224000000,40026000000,6439000000,10591000000,0,0,22440000000,22260000000,8734000000,-863000000,-863000000,-0.29,-0.29,0,978000000,-1295000000,1965000000,1648000000,7095000000,839000000,2.56,3.03,2.1,-0.274,-0.0673,3.53,0.67,None,12.68,None,2.1018,0.2092,None,0.69,0.05,1.8984
2011-12-31,2997386429,2997386429,1,49383000000,10337000000,37956000000,6499000000,11427000000,0,0,22428000000,20266000000,8722000000,-1303000000,-1303000000,-0.43,-0.43,0,1089000000,-1073000000,1670000000,1686000000,5447000000,968000000,2.75,3.39,2.1,-0.2226,-0.0591,3.81,0.63,None,12.68,None,1.7735,0.2314,None,0.69,0.04,1.5906
2011-09-30,2995817549,2995817549,1,48015000000,8650000000,34974000000,7682000000,13041000000,0,0,22577000000,16272000000,8333000000,-301000000,-301000000,-0.1,-0.1,0,608000000,-806000000,3000000,-195000000,3761000000,889000000,4.35,5.75,2.95,-0.1828,-0.0508,4.35,0.98,None,12.68,None,1.2478,0.2716,None,0.67,-0.09,1.126
2011-06-30,2994420126,2994420126,1,49043000000,9182000000,35717000000,8631000000,13326000000,0,0,22593000000,16278000000,8311000000,-847000000,-847000000,-0.28,-0.28,0,1075000000,-783000000,6000000,298000000,3956000000,813000000,5.5,6.45,4.54,-0.217,-0.0618,4.45,1.16,None,12.68,None,1.2215,0.2717,None,0.65,0.09,1.0638
2011-03-31,2991696364,2991696364,1,49320000000,8447000000,35180000000,8272000000,14140000000,0,0,22646000000,16282000000,8313000000,-439000000,-439000000,-0.15,-0.15,0,919000000,-781000000,-1653000000,-1515000000,3658000000,718000000,4.69,5.26,4.12,-0.2,-0.0589,4.73,0.97,None,12.68,None,1.1515,0.2867,None,0.64,0.07,1.0212
2010-12-31,2990318170,2990318170,1,51654000000,9880000000,37108000000,7891000000,14546000000,0,0,22704000000,18535000000,8301000000,-929000000,-929000000,-0.32,-0.32,0,1467000000,-854000000,-106000000,507000000,5173000000,550000000,4.29,4.88,3.7,-0.2169,-0.0656,4.86,0.82,None,12.68,None,1.2742,0.2816,None,0.62,0.31,1.2521
2010-09-30,2987045324,2987045324,1,52274000000,9255000000,36660000000,7547000000,15614000000,0,0,20603000000,18540000000,8152000000,-911000000,-911000000,-0.3,-0.3,0,971000000,-587000000,5000000,389000000,4666000000,573000000,4.45,5.08,3.82,-0.2085,-0.0654,5.23,0.8,None,12.68,None,1.1874,0.2987,None,0.6,0.13,1.2263
2010-06-30,2984524613,2984524613,1,53226000000,8955000000,36733000000,7673000000,16493000000,0,0,20500000000,18543000000,8025000000,-760000000,-760000000,-0.25,-0.25,0,1255000000,-550000000,-801000000,-96000000,4277000000,550000000,4.56,5.31,3.81,-0.176,-0.0564,5.53,0.79,None,12.68,None,1.1243,0.3099,None,0.59,0.24,1.1671
2010-03-31,2981029589,2981029589,1,54282000000,8835000000,37039000000,8081000000,17243000000,0,0,20385000000,18639000000,8085000000,-865000000,-865000000,-0.29,-0.29,0,1122000000,-565000000,-3000000,554000000,4373000000,620000000,3.67,4.23,3.1,-0.1498,-0.0489,5.78,0.6,None,12.68,None,1.081,0.3177,None,0.58,0.17,1.0933
2009-12-31,2977347082,2977347082,1,55424000000,8593000000,37329000000,6785000000,18095000000,0,0,23462000000,20293000000,7868000000,-980000000,-980000000,-0.33,-0.33,0,1215000000,-1772000000,-1008000000,-1565000000,3819000000,661000000,3.59,4.41,2.78,-0.1315,-0.0435,6.08,0.57,None,12.68,None,1.1215,0.3265,None,0.58,0.19,1.2665
2009-09-30,2877068614,2877068614,1,55648000000,10259000000,37414000000,6348000000,18234000000,0,0,22097000000,20892000000,8042000000,-478000000,-478000000,-0.17,-0.17,0,1161000000,-1040000000,671000000,792000000,5384000000,488000000,4.19,4.91,3.47,-0.1628,-0.0542,6.34,0.64,None,12.68,None,1.1458,0.3277,None,0.58,0.23,1.6161
2009-06-30,2875848425,2875848425,1,55885000000,9098000000,37167000000,6913000000,18718000000,0,0,22304000000,19618000000,8141000000,-384000000,-384000000,-0.13,-0.13,0,1152000000,-472000000,-604000000,76000000,4592000000,478000000,4.71,5.94,3.49,-0.149,-0.0502,6.51,0.71,None,12.68,None,1.0481,0.3349,None,0.58,0.23,1.3161
2009-03-31,2871285006,2871285006,1,57225000000,8903000000,38186000000,6965000000,19039000000,0,0,24215000000,20376000000,8209000000,-594000000,-594000000,-0.21,-0.21,0,1363000000,-560000000,22000000,825000000,4516000000,567000000,3.02,4.2,1.83,-0.1421,-0.0481,6.63,0.44,None,12.68,None,1.0702,0.3327,None,0.57,0.28,1.2782
2008-12-31,2864963779,2864963779,1,58252000000,8344000000,38647000000,6281000000,19605000000,0,0,22886000000,20992000000,8430000000,-1621000000,-1621000000,-0.57,-0.57,0,1078000000,-502000000,-1001000000,-425000000,3691000000,681000000,4.04,6.72,1.35,-0.1332,-0.045,6.84,0.55,None,12.68,None,1.0707,0.3366,None,0.57,0.14,1.3285
2008-09-30,2856799492,2856799492,1,61861000000,9266000000,40702000000,8048000000,21159000000,0,0,27058000000,21023000000,8816000000,-326000000,-326000000,-0.11,-0.11,0,1915000000,-897000000,-371000000,647000000,4116000000,890000000,7.75,9.75,5.75,None,-0.4819,7.41,1.03,None,12.68,None,0.9936,0.342,None,0.58,0.36,1.1513
2008-06-30,2854193302,2854193302,1,62805000000,8941000000,41397000000,7153000000,21408000000,0,0,27330000000,22358000000,9055000000,-344000000,-344000000,-0.12,-0.12,0,1079000000,-999000000,-1289000000,-1209000000,3469000000,1093000000,8.11,9.94,6.27,None,-0.4224,7.5,1.06,None,12.68,None,1.0444,0.3409,None,0.53,-0,1.25
2008-03-31,2851005385,2851005385,1,65463000000,10327000000,43694000000,8733000000,21769000000,0,0,27905000000,22987000000,9334000000,-505000000,-505000000,-0.18,-0.18,0,2107000000,-1852000000,2177000000,2432000000,4678000000,1944000000,9.32,13.16,5.48,-0.8147,-0.3753,7.64,1.21,None,12.68,None,1.056,0.3325,None,0.49,0.06,1.1825
2007-12-31,2848944368,2848944368,1,64109000000,8661000000,42110000000,9104000000,21999000000,0,0,28096000000,20469000000,9844000000,-29452000000,-29452000000,-10.36,-10.36,0.02,2097000000,-2003000000,-91000000,3000000,2246000000,2005000000,16.33,19.7,12.96,-0.6671,-0.34,7.72,0.91,233.29,12.68,None,0.9305,0.3431,None,0.46,0.03,0.9513
2007-09-30,2844101899,2844101899,1,93926000000,8920000000,42655000000,8289000000,51271000000,0,0,57965000000,21723000000,10044000000,64000000,64000000,0.02,0.02,0.025,2714000000,-1642000000,-1253000000,-181000000,2243000000,1467000000,19.94,22.64,17.24,0.0032,0.0017,18.03,1.1,153.38,12.66,1.8284,0.4237,0.5459,0.0042,0.41,0.44,1.0761
2007-06-30,2846617491,2846617491,1,94895000000,9278000000,43263000000,8780000000,51632000000,0,0,58481000000,21713000000,10162000000,19000000,19000000,0.01,0.01,0.025,1970000000,-1710000000,-182000000,78000000,2424000000,1730000000,21.16,23.42,18.89,0.0066,0.0036,18.14,1.17,88.17,12.64,0.8706,0.4205,0.5441,0.0088,0.41,0.08,1.0567
2007-03-31,2893630510,2893630510,1,95089000000,8947000000,42617000000,8332000000,52472000000,0,0,59204000000,21752000000,10096000000,-211000000,-211000000,-0.07,-0.07,0.025,2464000000,-1022000000,-1142000000,300000000,2346000000,1922000000,18.68,20.42,16.93,0.0132,0.0072,18.13,1.02,41.51,12.61,10.1401,0.4145,0.5518,0.0177,0.41,0.19,1.0738
2006-12-31,2902517860,2902517860,1,97161000000,10304000000,44030000000,9798000000,53131000000,0,0,62435000000,21011000000,8970000000,293000000,293000000,0.11,0.11,0.03,2463000000,-2832000000,933000000,564000000,2046000000,2596000000,18.69,20.63,16.75,0.025,0.0135,18.31,1.02,45.59,12.59,5.3429,0.3955,0.5468,0.0323,0.42,-0.05,1.0516
2006-09-30,2894903669,2894903669,1,96158000000,9511000000,43343000000,10180000000,52815000000,0,0,63443000000,19643000000,10496000000,247000000,247000000,0.08,0.08,0.025,2904000000,-1907000000,-3128000000,-2131000000,1482000000,2462000000,18.36,20.8,15.92,0.0233,0.0123,18.24,1.02,32.79,12.56,5.7458,0.3719,0.5493,0.0283,0.43,0.15,0.9343
2006-06-30,2987425793,2987425793,1,98251000000,12615000000,44239000000,10796000000,54012000000,0,0,62971000000,20115000000,10014000000,370000000,370000000,0.12,0.12,2.295,2624000000,-2394000000,-3222000000,-2992000000,3613000000,1592000000,23.11,26.89,19.33,0.0285,0.0148,18.08,1.31,27.51,12.53,4.7213,0.3724,0.5497,0.0355,0.42,0.35,1.1685
2006-03-31,2979024004,2979024004,1,102768000000,15213000000,50153000000,14193000000,52615000000,0,0,55345000000,20178000000,11548000000,419000000,417000000,0.14,0.14,0.025,2967000000,-4259000000,-1006000000,-2298000000,6604000000,1728000000,24.36,26.25,22.47,0.0405,0.0198,17.66,1.37,24.12,10.24,0.2278,0.3835,0.512,0.0439,0.45,0.42,1.0719
2005-12-31,2929677389,2929677389,1,102580000000,19092000000,50396000000,14050000000,51937000000,247000000,0,50679000000,20632000000,11296000000,197000000,195000000,0.07,0.07,0.02,3890000000,-2852000000,39000000,1077000000,8902000000,2149000000,24.5,26.86,22.15,0.0539,0.0249,17.73,1.4,19.76,10.21,0.2832,0.3973,0.5063,0.0513,0.48,0.59,1.3589
2005-09-30,2954467191,2954467191,1,101315000000,17765000000,49783000000,9986000000,51532000000,0,0,49487000000,23538000000,9335000000,516000000,514000000,0.23,0.23,0.025,1892000000,-330000000,28000000,1590000000,7825000000,1252000000,25.15,27.2,23.1,0.0864,0.0359,17.44,2.58,None,10.19,0.3157,0.4568,0.5086,0.0666,0.54,0.22,1.779
2005-06-30,1488203391,1488203391,1,42529000000,11860000000,28051000000,6677000000,14478000000,0,0,7828000000,15090000000,7113000000,600000000,599000000,0.4,0.4,0.125,3512000000,-797000000,-167000000,2548000000,6235000000,997000000,23.72,25.87,21.57,-0.0298,-0.0098,9.73,2.52,None,10.17,None,1.0423,0.3404,None,0.68,1.69,1.7762
2005-03-31,1479738378,1479738378,1,40337000000,9530000000,26417000000,6251000000,13920000000,0,0,7830000000,15100000000,6936000000,472000000,470000000,0.32,0.31,0.125,1384000000,-745000000,-1128000000,-489000000,3687000000,659000000,23.48,25.16,21.8,-0.0578,-0.0187,9.41,2.57,None,10.04,None,1.0848,0.3451,None,0.68,0.49,1.5246
2004-12-31,1478008150,1478008150,1,41321000000,9975000000,27800000000,6902000000,13521000000,0,0,7895000000,15916000000,6930000000,437000000,435000000,0.29,0.3,0.13,2099000000,-1261000000,-298000000,540000000,4556000000,1338000000,22.8,25.8,19.81,-0.077,-0.0245,9.15,2.54,None,9.92,None,1.1771,0.3272,None,0.66,0.51,1.4452
2004-09-30,1470967716,1470967716,1,39779000000,8628000000,26602000000,6993000000,13177000000,0,0,7848000000,16038000000,6922000000,-1910000000,-1915000000,-1.32,-1.32,0.125,1592000000,-926000000,972000000,1638000000,4016000000,966000000,18.82,20.54,17.1,-0.0781,-0.0246,8.96,2.01,58.81,9.79,None,1.2171,0.3313,None,0.65,0.43,1.2338
2004-06-30,1433410326,1433410326,1,41875000000,6859000000,28453000000,7167000000,13422000000,0,0,7844000000,15702000000,6869000000,236000000,229000000,0.16,0.16,0.125,1896000000,-980000000,-1266000000,-350000000,2378000000,993000000,18.41,19.99,16.83,0.0338,0.0107,9.36,1.98,68.19,9.66,1.3223,1.1699,0.3205,0.0166,0.64,0.63,0.957
2004-03-31,1426317934,1426317934,1,42285000000,6906000000,28989000000,7037000000,13296000000,0,0,7810000000,15822000000,6707000000,225000000,223000000,0.16,0.16,0.125,1038000000,-646000000,-88000000,304000000,2728000000,683000000,17.63,19.51,15.74,0.024,0.0074,9.32,1.22,8.12,9.54,1.6599,1.19,0.3144,0.0121,0.62,0.25,0.9814
2003-12-31,906584815,906584815,1,42675000000,6611000000,29562000000,6476000000,13113000000,0,0,7847000000,16841000000,6681000000,426000000,428000000,0.47,0.48,0.13,2136000000,-1652000000,-664000000,-177000000,2424000000,1445000000,15.72,16.72,14.72,0.1441,0.0444,14.46,1.12,7.78,9.41,0.2422,1.2843,0.3073,0.0744,0.6,0.76,1.0208
2003-09-30,947067622,947067622,1,42896000000,6643000000,29602000000,6436000000,13294000000,0,0,7820000000,17025000000,6714000000,-433000000,-431000000,-0.48,-0.48,0.125,1411000000,-951000000,-597000000,-138000000,2601000000,860000000,14.88,16.2,13.55,0.1364,0.0408,14.04,1.02,4.82,9.28,0.2622,1.2807,0.3099,0.0705,0.58,0.58,1.0322
2003-06-30,946286144,946286144,1,44644000000,6876000000,30804000000,6975000000,13840000000,0,0,9045000000,17107000000,6463000000,99000000,101000000,0.11,0.11,0.125,1910000000,-871000000,-411000000,644000000,2739000000,945000000,12.66,15.1,10.22,0.2093,0.0613,14.63,0.86,4.08,9.16,0.1712,1.2361,0.31,0.1074,0.57,1.02,0.9858
2003-03-31,942182127,942182127,1,44765000000,6305000000,30877000000,6411000000,13888000000,0,0,4429000000,17753000000,6339000000,1850000000,1852000000,2.07,2.06,0.125,1058000000,-556000000,-1657000000,1060000000,2095000000,547000000,13.91,16.76,11.06,0.2145,0.0611,14.74,1.06,10.23,9.03,0.1706,1.2783,0.3102,0.106,0.58,0.54,0.9835
2002-12-31,939702798,939702798,1,45293000000,6078000000,32999000000,7808000000,12294000000,0,0,4453000000,18405000000,6256000000,294000000,296000000,0.33,0.33,0.13,None,None,None,297000000,1035000000,1221000000,11.68,15.4,7.96,0.096,0.0262,13.08,0.84,None,8.91,0.3894,1.4971,0.2714,0.0456,0.58,None,0.7784
2002-09-30,937676021,937676021,1,46003000000,6189000000,32956000000,7253000000,13047000000,0,0,5162000000,19433000000,6787000000,526000000,528000000,0.59,0.59,0.125,1750000000,-1109000000,-551000000,90000000,738000000,1118000000,9.9,13.15,6.65,-0.0465,-0.0129,13.91,0.74,None,8.78,None,1.4895,0.2836,None,0.58,0.67,0.8533
2002-06-30,935905082,935905082,1,45559000000,5856000000,32975000000,7185000000,12584000000,0,0,5161000000,20349000000,6829000000,102000000,103000000,0.12,0.12,0.125,2147000000,-1287000000,-2378000000,-1518000000,648000000,1364000000,13.17,17.53,8.8,-0.0276,-0.0079,13.45,0.97,None,8.65,None,1.6171,0.2762,None,0.58,0.84,0.815
2002-03-31,934201177,934201177,1,47619000000,7738000000,34904000000,8278000000,12715000000,0,0,5169000000,21301000000,6762000000,286000000,288000000,0.32,0.32,0.125,635000000,-1151000000,2369000000,1853000000,2166000000,1146000000,16.49,20.47,12.51,-0.0128,-0.0038,13.61,1.22,None,8.53,None,1.6753,0.267,None,0.58,-0.55,0.9348
2001-12-31,932903013,932903013,1,45793000000,5562000000,33177000000,11436000000,12616000000,0,0,9547000000,16501000000,6656000000,-1511000000,-1512000000,-1.7,-1.7,0.13,1545000000,-2276000000,839000000,108000000,313000000,2286000000,21.45,24.39,18.5,-0.0104,-0.0033,13.52,1.51,12.84,8.4,None,1.3079,0.2755,None,0.58,-0.79,0.4864
2001-09-30,974628315,974628315,1,45571000000,5842000000,31690000000,10979000000,13881000000,0,0,5866000000,15434000000,6715000000,759000000,764000000,0.86,0.86,0.125,1524000000,-2230000000,735000000,29000000,205000000,2446000000,22.05,24.6,19.5,0.1073,0.0332,14.24,1.58,17.78,8.27,0.3195,1.1119,0.3046,0.057,0.59,-0.95,0.5321
2001-06-30,973361172,973361172,1,44584000000,5951000000,31022000000,11349000000,13562000000,0,0,5862000000,16214000000,6420000000,290000000,291000000,0.33,0.33,0.125,1181000000,-2487000000,1302000000,-4000000,176000000,2540000000,21.46,23.87,19.06,0.0789,0.0254,13.93,1.4,16.26,8.14,0.4203,1.1955,0.3042,0.0435,0.59,-1.4,0.5244
2001-03-31,886290013,886290013,1,43146000000,5865000000,29567000000,7806000000,13579000000,0,0,5857000000,18368000000,6280000000,315000000,317000000,0.36,0.36,0.125,441000000,-1785000000,1285000000,-59000000,180000000,1774000000,24.82,29.31,20.34,0.0802,0.0279,15.32,1.6,11.23,8.02,0.3834,1.3527,0.3147,0.0478,0.59,-1.5,0.7513
2000-12-31,885459491,885459491,1,42601000000,5973000000,28885000000,7968000000,13716000000,0,0,5855000000,17514000000,6376000000,97000000,97000000,0.11,0.12,0.13,1388000000,-2395000000,1027000000,20000000,239000000,2387000000,24.59,29.56,19.63,0.1341,0.0486,15.49,1.51,9.64,7.89,0.2262,1.2769,0.322,0.0835,0.58,-1.13,0.7496
2000-09-30,884296302,884296302,1,40845000000,5326000000,26455000000,5326000000,14390000000,0,0,7357000000,17151000000,5965000000,385000000,385000000,0.44,0.43,0.125,1018000000,-1600000000,602000000,20000000,219000000,1579000000,39.56,54.81,24.31,0.1564,0.0577,16.27,2.13,15.64,7.76,0.194,1.1919,0.3523,0.1023,0.56,-0.63,1
2000-06-30,884671144,884671144,1,40053000000,5065000000,23601000000,5065000000,16452000000,0,0,7322000000,14368000000,5793000000,367000000,367000000,0.42,0.41,0.125,979000000,-2356000000,1326000000,-51000000,199000000,1735000000,58.99,67,50.98,0.1564,0.0582,18.6,3.63,23.04,7.64,0.1953,0.8733,0.4108,0.1052,0.55,-0.85,1
2000-03-31,876609852,876609852,1,38714000000,4988000000,24491000000,5992000000,14223000000,0,0,7296000000,15099000000,5479000000,1122000000,1122000000,1.28,1.25,0.125,930000000,-56000000,-744000000,130000000,250000000,1451000000,61.47,67.81,55.13,0.1648,0.0602,16.23,3.97,34.63,7.51,0.1927,1.0616,0.3674,0.1106,0.54,-0.59,0.8324
1999-12-31,876065647,876065647,1,39250000000,5580000000,25690000000,6832000000,13560000000,0,0,7198000000,15685000000,5171800000,418200000,418200000,0.47,0.46,0.13,580000000,-2373000000,1487000000,-306000000,120000000,2079000000,64.97,75.94,54,0.1158,0.0428,15.48,4.11,97.7,7.39,0.2792,1.1567,0.3455,0.079,0.54,-1.71,0.8167
1999-09-30,871441348,871441348,1,37984000000,5589000000,24218000000,6318000000,13766000000,0,0,7147000000,14376000000,5111000000,361000000,361000000,0.42,0.41,0.125,775000000,-1768000000,1316000000,323000000,426000000,1405000000,49.16,55.69,42.63,0.0458,0.0173,15.8,3.05,93.64,7.26,6.9174,1.0443,0.3624,0.0306,0.57,-0.72,0.8846
1999-06-30,867506222,867506222,1,36099000000,4596000000,22112000000,5665000000,13987000000,0,0,6125000000,12822000000,4928000000,387000000,387000000,0.45,0.44,0.125,216900000,-1544000000,1281900000,-45200000,103000000,1312700000,53.05,57.47,48.63,0.04,0.0158,16.12,3.51,160.76,7.13,8.6441,0.9167,0.3875,0.0258,0.61,-1.26,0.8113
1999-03-31,432545579,865091158,2,33721100000,4151800000,20649300000,5457800000,13071800000,0,0,4891900000,11758500000,4717200000,407800000,407800000,0.94,0.93,0.25,380100000,-1472000000,635100000,-456800000,148400000,1317300000,43.61,50.34,36.88,0.0285,0.0117,15.11,3.02,415.33,7.01,13.4185,0.8995,0.3876,0.0175,0.67,-1.08,0.7607
1998-12-31,431716743,863433486,2,33231100000,4387900000,20782800000,5441100000,12448300000,0,0,4838800000,11942400000,5194000000,-546600000,-545800000,-1.3,-1.3,9.02,1305400000,-776900000,29000000,557500000,605200000,1239000000,39.23,42.66,35.81,0.0118,0.0051,14.42,3.63,39.83,6.88,35.646,0.9594,0.3746,0.0069,0.74,0.08,0.8064
1998-09-30,430735144,861470288,2,20453800000,3878600000,11151500000,3878600000,9302300000,0,0,0,5039800000,4062200000,239300000,239000000,0.55,0.54,0.25,1016900000,-1199600000,137100000,-45600000,47700000,951400000,35.41,40.06,30.75,0.0936,0.0446,10.8,3.3,36.89,2.38,0.5011,0.5418,0.4548,0.0546,0.81,0.08,1
1998-06-30,430076573,860153146,2,19790700000,3892700000,10567500000,3206400000,9223200000,0,0,0,4406200000,3967200000,213500000,213300000,0.5,0.49,0.25,1079700000,-1647700000,503100000,-64900000,93300000,1387800000,35.16,37.81,32.5,0.0915,0.0448,10.72,3.31,34.81,2.25,0.5174,0.4777,0.466,0.0538,0.83,-0.36,1.214
1998-03-31,430539047,861078094,2,18756800000,4017700000,9600600000,3187900000,9156200000,0,0,0,4075700000,3910900000,212100000,211800000,0.49,0.48,0.25,853400000,-861200000,64300000,56500000,158200000,652900000,32.72,37.81,27.63,0.0972,0.0489,10.63,3.12,29.61,2.13,0.4924,0.4451,0.4882,0.0576,0.85,0.23,1.2603
1997-12-31,430000000,860000000,2,18184800000,3772600000,9159600000,3076800000,9025200000,0,0,0,3748600000,3784800000,194900000,194700000,0.46,None,0.25,968300000,-1285800000,309800000,-7700000,101700000,958700000,27.34,30.31,24.38,0.1072,0.0546,10.49,2.64,23.57,2,0.4521,0.4153,0.4963,0.064,0.85,0.01,1.2261
1997-09-30,429800883,859601766,2,17621700000,3686700000,8706400000,3476500000,8915300000,0,0,0,2851200000,3791600000,211700000,211400000,0.49,None,0.25,866300000,-1385400000,236800000,-282300000,109400000,662200000,24.16,26.31,22,0.1145,0.0585,10.37,2.35,18.95,1.88,0.4294,0.3198,0.5059,0.0681,0.86,0.24,1.0605
1997-06-30,430431518,860863036,2,17039500000,3687300000,8196300000,3039300000,8843200000,0,0,0,2918800000,3678600000,255900000,255700000,0.59,None,0.25,844300000,-1248800000,-264000000,-668500000,391700000,1127400000,23.75,26.38,21.13,0.128,0.0652,10.27,2.35,17.66,1.75,0.3903,0.3301,0.519,0.0762,0.85,-0.33,1.2132
1997-03-31,430576899,861153798,2,16955000000,4298500000,8245300000,3157100000,8709700000,0,0,0,2931700000,3618900000,290000000,289700000,0.67,None,0.25,700100000,-579500000,-211000000,-90400000,1060200000,574400000,21.59,24,19.19,0.1375,0.0694,10.11,2.18,15.48,1.63,0.37,0.3366,0.5137,0.0814,0.85,0.15,1.3615
1996-12-31,430100000,860200000,2,16953000000,4352800000,8433100000,3314200000,8519900000,0,0,0,2981500000,3622000000,245300000,245100000,0.57,None,0.25,801600000,-1028500000,-204500000,-431400000,1150600000,864000000,20.38,22,18.75,0.1445,0.0714,9.9,2.09,32.87,1.5,0.347,0.3499,0.5026,0.0842,0.85,-0.07,1.3134
1996-09-30,430429263,860858526,2,16743200000,4658900000,8356000000,3194300000,8387200000,0,0,0,3047400000,3544400000,312400000,312100000,0.72,None,0.25,965000000,-847200000,-292400000,-174600000,1582000000,652500000,19.34,21.44,17.25,0.0823,0.0369,9.74,2.03,30.22,1.38,0.6578,0.3633,0.5009,0.0453,0.81,0.36,1.4585
1996-06-30,430511228,861022456,2,16456500000,4646300000,8239500000,2988100000,8217000000,0,0,0,3159000000,3506400000,316800000,316500000,0.73,None,0.25,492300000,-663100000,209200000,38400000,1756600000,522600000,20.47,22.19,18.75,0.0861,0.0342,9.54,1.88,32.75,1.25,0.6736,0.3844,0.4993,0.0422,0.81,-0.04,1.5549
1996-03-31,350357686,700715372,2,16127600000,4538600000,8515700000,3246700000,7611900000,0,0,0,3178000000,3371900000,309300000,308800000,0.77,None,0.25,144600000,682600000,766800000,1594000000,1718200000,478500000,17.64,19.31,15.97,0.0863,0.0299,10.86,2.66,31.5,1.13,0.7314,0.4175,0.472,0.0371,0.8,-0.48,1.3979
1995-12-31,350267424,700534848,2,15195900000,3619400000,10553300000,5142100000,4642600000,0,0,0,3253000000,2685700000,-343200000,-343900000,-0.98,None,0.25,912600000,-738900000,-403900000,-230200000,124200000,311700000,15.34,16.97,13.72,0.0817,0.025,6.63,2.12,11.32,1,0.8888,0.7007,0.3055,0.0308,0.81,0.86,0.7039
1995-09-30,348790809,697581618,2,16624100000,2578200000,11573900000,3263300000,5050200000,0,0,689200000,5473500000,3442300000,268500000,267900000,0.76,None,0.25,664900000,-473100000,-114700000,77100000,364000000,477100000,14.31,15.19,13.44,0.1989,0.0604,7.24,2.06,10.97,0.88,0.3671,1.0838,0.3038,0.0713,0.84,0.27,0.7901
1995-06-30,348639522,697279044,2,16324600000,2405000000,11478200000,2844800000,4846400000,0,0,694700000,5791800000,3365600000,245700000,245100000,0.7,None,0.25,548900000,-1313900000,919700000,154700000,286900000,612700000,13.65,14.78,12.53,0.1975,0.06,6.95,2.03,10.75,0.75,0.3825,1.1951,0.2969,0.0695,0.86,-0.09,0.8454
1995-03-31,348498192,696996384,2,15218500000,2214300000,10541800000,2997700000,4676700000,0,0,700100000,4784400000,3271500000,224300000,223600000,0.64,None,0.25,602500000,-615100000,21500000,8900000,132200000,455800000,11.91,13.16,10.66,0.1983,None,6.71,1.83,9.34,0.63,0.3929,1.023,0.3073,0.0686,0.88,0.21,0.7387
1994-12-31,348326042,696652084,2,14936300000,2188500000,10411500000,3054600000,4524800000,0,0,706700000,4604800000,3244400000,213600000,212900000,0.61,None,0.25,785400000,-741800000,-12900000,30700000,123300000,688500000,16.25,19.44,13.06,0.2064,None,6.5,2.57,None,0.5,0.3904,1.0177,0.3029,0.0701,0.88,0.14,0.7165
1994-09-30,348522395,697044790,2,14477000000,2084900000,10070600000,2816800000,4406400000,0,0,712000000,4580000000,3233800000,230100000,229500000,0.66,None,0.25,566700000,-493900000,-101600000,-28800000,92600000,479400000,18.56,20.06,17.06,None,None,6.32,3.02,None,0.38,None,1.0394,0.3044,None,None,0.13,0.7402
1994-06-30,345302162,690604324,2,14308400000,2037800000,10070800000,2829300000,4237600000,0,0,729900000,4586400000,3150400000,219600000,218900000,0.63,None,0.25,633200000,-527800000,-89700000,15700000,121400000,521100000,18.34,20.06,16.63,None,None,6.14,3.12,None,0.25,None,1.0823,0.2962,None,None,0.16,0.7202
1994-03-31,344422762,688845524,2,14066900000,1960100000,10025100000,2901000000,4041800000,0,0,732000000,4529500000,3033200000,227400000,226700000,0.65,None,0.25,486700000,-218400000,-239400000,28900000,105700000,326900000,17.66,19.06,16.25,None,None,5.87,3.1,None,0.13,None,1.1207,0.2873,None,None,0.23,0.6757
1993-12-31,343913432,687826864,2,14148900000,1977900000,10230600000,3068600000,3918300000,0,0,736800000,4571000000,None,None,None,None,None,0,None,None,None,None,76800000,0,17.91,20.13,15.69,None,None,5.7,None,None,0,None,1.1666,0.2769,None,None,None,0.6446
