"Quarter end","Shares","Shares split adjusted","Split factor","Assets","Current Assets","Liabilities","Current Liabilities","Shareholders equity","Non-controlling interest","Preferred equity","Goodwill & intangibles","Long-term debt","Revenue","Earnings","Earnings available for common stockholders","EPS basic","EPS diluted","Dividend per share","Cash from operating activities","Cash from investing activities","Cash from financing activities","Cash change during period","Cash at end of period","Capital expenditures","Price","Price high","Price low","ROE","ROA","Book value of equity per share","P/B ratio","P/E ratio","Cumulative dividends per share","Dividend payout ratio","Long-term debt to equity ratio","Equity to assets ratio","Net margin","Asset turnover","Free cash flow per share","Current ratio"
2019-06-30,537517040,537517040,1,26374000000,5554000000,16434000000,8611000000,9940000000,0,0,1282000000,2449000000,5909000000,741000000,741000000,1.37,1.37,0.18,966000000,-252000000,-612000000,102000000,2446000000,230000000,51.13,54.85,47.4,0.2413,0.0905,18.49,2.84,12.14,3.09,0.151,0.2464,0.3769,0.1073,0.84,1.37,0.645
2019-03-31,543064878,543064878,1,26459000000,5483000000,16668000000,8723000000,9791000000,0,0,1283000000,2602000000,5149000000,387000000,387000000,0.7,0.7,0.16,1105000000,164000000,-779000000,490000000,2344000000,160000000,51.69,58.77,44.61,0.2401,0.0901,18.03,2.9,12.02,2.91,0.1494,0.2658,0.37,0.1078,0.84,1.74,0.6286
2018-12-31,552688849,552688849,1,26243000000,5028000000,16390000000,7905000000,9853000000,0,0,1370000000,2771000000,5704000000,654000000,654000000,1.17,1.16,0.16,989000000,-667000000,-572000000,-250000000,1854000000,543000000,53.74,63.2,44.28,0.2489,0.0938,17.83,2.98,8.5,2.75,0.139,0.2812,0.3755,0.1122,0.84,0.81,0.6361
2018-09-30,562306592,562306592,1,26882000000,5601000000,16729000000,7843000000,10153000000,0,0,1373000000,3100000000,5575000000,615000000,615000000,1.08,1.08,0.16,1271000000,-604000000,-677000000,-10000000,2104000000,462000000,57.26,64.02,50.5,0.3681,0.1423,18.06,3.28,9.42,2.59,0.0894,0.3053,0.3777,0.1718,0.83,1.44,0.7141
2018-06-30,573019190,573019190,1,26465000000,5408000000,16468000000,7716000000,9997000000,0,0,1376000000,3155000000,5742000000,733000000,733000000,1.27,1.27,0.16,1631000000,-694000000,-645000000,292000000,2114000000,538000000,53.56,57.19,49.93,0.3694,0.1416,17.45,3.23,8.87,2.43,0.0878,0.3156,0.3777,0.169,0.84,1.91,0.7009
2018-03-31,579803228,579803228,1,25503000000,4801000000,15884000000,7162000000,9619000000,0,0,1380000000,3227000000,4944000000,463000000,463000000,0.79,0.79,0.125,1002000000,-73000000,-602000000,327000000,1822000000,433000000,60.27,66.52,54.01,0.3852,0.1458,16.59,3.4,10.36,2.27,0.0828,0.3355,0.3772,0.1696,0.86,0.98,0.6703
2017-12-31,587950973,587950973,1,25110000000,4815000000,14680000000,6905000000,10430000000,0,0,1383000000,3320000000,5273000000,1888000000,1888000000,3.2,3.18,0.13,562000000,-734000000,207000000,35000000,1495000000,533000000,59.88,66.99,52.78,0.3879,0.1438,17.74,4.04,17.16,2.15,0.082,0.3183,0.4154,0.1648,0.87,0.05,0.6973
2017-09-30,593387660,593387660,1,24249000000,4280000000,15449000000,6965000000,8800000000,0,0,1386000000,2763000000,5271000000,503000000,503000000,0.84,0.84,0.125,996000000,-620000000,-453000000,-77000000,1460000000,655000000,57.08,64.39,49.76,0.2502,0.0893,14.83,4.01,17.46,2.02,0.1275,0.314,0.3629,0.1013,0.88,0.57,0.6145
2017-06-30,598565399,598565399,1,23921000000,4343000000,15391000000,7097000000,8530000000,0,0,1389000000,2788000000,5744000000,746000000,746000000,1.24,1.23,0.125,746000000,-584000000,-476000000,-314000000,1537000000,598000000,57.81,62.74,52.89,0.242,0.0855,14.25,4.26,17.41,1.89,0.1285,0.3268,0.3566,0.0964,0.89,0.25,0.6119
2017-03-31,604662683,604662683,1,23763000000,4658000000,15559000000,7458000000,8204000000,0,0,1393000000,2781000000,4883000000,351000000,351000000,0.57,0.57,0.1,1625000000,-470000000,-984000000,171000000,1851000000,463000000,54.22,59.68,48.75,0.2564,0.0901,13.57,3.95,15.32,1.77,0.1178,0.339,0.3452,0.1017,0.89,1.92,0.6246
2016-12-31,615254524,615254524,1,23286000000,4498000000,14845000000,6844000000,8441000000,0,0,1396000000,2821000000,5076000000,525000000,525000000,0.84,0.85,0.1,709000000,-839000000,-156000000,-286000000,1680000000,713000000,44.11,51.31,36.91,0.2822,0.0986,13.72,3.37,12.53,1.67,0.1038,0.3342,0.3625,0.1099,0.9,-0.01,0.6572
2016-09-30,615597738,615597738,1,23045000000,4839000000,14998000000,7816000000,8047000000,0,0,1400000000,2323000000,5139000000,388000000,388000000,0.63,0.62,0.1,856000000,-584000000,-346000000,-74000000,1966000000,497000000,40.21,45,35.42,0.2936,0.1013,13.07,3.19,10.64,1.57,0.0959,0.2887,0.3492,0.1109,0.91,0.58,0.6191
2016-06-30,620232662,620232662,1,22447000000,4469000000,14626000000,7833000000,7821000000,0,0,1404000000,2391000000,5384000000,820000000,820000000,1.3,1.28,0.1,1112000000,-674000000,-786000000,-348000000,2040000000,488000000,42.24,48,36.48,0.3307,0.1125,12.61,3.6,12.42,1.47,0.083,0.3057,0.3484,0.1195,0.94,1.01,0.5705
2016-03-31,638686803,638686803,1,22241000000,4574000000,14745000000,8253000000,7496000000,0,0,1430000000,2355000000,4826000000,511000000,511000000,0.8,0.79,0.075,1616000000,-175000000,-636000000,805000000,2388000000,449000000,39.67,45.39,33.96,0.309,0.1044,11.74,3.44,12.13,1.37,0.0852,0.3142,0.337,0.1107,0.94,1.83,0.5542
2015-12-31,638070032,638070032,1,21312000000,4024000000,13954000000,7406000000,7358000000,0,0,1434000000,2541000000,4977000000,536000000,536000000,0.83,0.83,0.07,323000000,-945000000,465000000,-157000000,1583000000,836000000,44.17,51.34,37,0.3073,0.103,11.53,4.12,16.3,1.29,0.0839,0.3453,0.3453,0.11,0.94,-0.8,0.5433
2015-09-30,650355108,650355108,1,21159000000,4573000000,14191000000,7084000000,6968000000,0,0,1439000000,2381000000,5318000000,584000000,584000000,0.89,0.88,0.075,836000000,-259000000,-609000000,-32000000,1740000000,262000000,36.11,40.87,31.36,0.264,0.0878,10.71,3.33,15.63,1.22,0.0975,0.3417,0.3293,0.0942,0.93,0.88,0.6455
2015-06-30,659355545,659355545,1,21075000000,4596000000,13917000000,6876000000,7158000000,0,0,1444000000,2411000000,5111000000,608000000,608000000,0.91,0.9,0.075,627000000,-407000000,-473000000,-253000000,1772000000,450000000,38.61,44.19,33.02,0.2236,0.0762,10.86,3.74,18.56,1.15,0.1081,0.3368,0.3396,0.0834,0.91,0.27,0.6684
2015-03-31,668296625,668296625,1,21163000000,4963000000,14261000000,6903000000,6902000000,0,0,1449000000,2416000000,4414000000,453000000,453000000,0.67,0.66,0.06,1452000000,-302000000,-407000000,743000000,2025000000,595000000,42.72,47.17,38.26,0.2008,0.0694,10.33,4.26,26.05,1.07,0.1131,0.35,0.3261,0.0762,0.91,1.28,0.719
2014-12-31,675993892,675993892,1,20200000000,4404000000,13425000000,5923000000,6775000000,0,0,1333000000,2434000000,4628000000,190000000,190000000,0.28,0.27,0.06,205000000,-468000000,-287000000,-550000000,1282000000,488000000,35.8,43.19,28.4,0.1572,0.0557,10.02,3.27,21.57,1.01,0.1321,0.3593,0.3354,0.0611,0.91,-0.42,0.7435
2014-09-30,678744363,678744363,1,20539000000,4985000000,13110000000,6446000000,7429000000,0,0,1336000000,2125000000,4800000000,329000000,329000000,0.48,0.48,0.06,240000000,-44000000,-246000000,-50000000,1832000000,433000000,30.68,35.49,25.86,0.1572,0.0574,10.95,2.8,19.79,0.95,0.1188,0.286,0.3617,0.0629,0.91,-0.28,0.7733
2014-06-30,685140186,685140186,1,20891000000,5317000000,13375000000,7027000000,7516000000,0,0,1339000000,2153000000,5011000000,465000000,465000000,0.67,0.67,0.06,1338000000,-857000000,-340000000,141000000,1882000000,500000000,25.02,27.7,22.35,0.1498,0.0547,10.97,2.41,21.03,0.89,0.1146,0.2865,0.3598,0.0599,0.91,1.22,0.7567
2014-03-31,691843165,691843165,1,19976000000,4814000000,12786000000,6441000000,7190000000,0,0,1342000000,2172000000,4166000000,152000000,152000000,0.22,0.22,0.04,1119000000,-358000000,-375000000,386000000,1741000000,407000000,21.48,24.17,18.78,0.1196,0.0434,10.39,2.06,20.46,0.83,0.1321,0.3021,0.3599,0.0476,0.91,1.03,0.7474
2013-12-31,701991465,701991465,1,19345000000,4456000000,12009000000,5676000000,7336000000,0,0,1136000000,2191000000,4427000000,212000000,212000000,0.31,0.29,0.04,288000000,-253000000,-13000000,22000000,1355000000,452000000,16.74,19,14.48,0.1074,0.039,10.45,1.66,19.24,0.79,0.1212,0.2987,0.3792,0.0426,0.92,-0.23,0.7851
2013-09-30,696720541,696720541,1,19364000000,4773000000,12351000000,5546000000,7013000000,0,0,1093000000,2616000000,4545000000,259000000,259000000,0.37,0.37,0.04,428000000,-359000000,-225000000,-156000000,1333000000,268000000,13.7,14.82,12.58,0.0895,0.0325,10.07,1.43,26.35,0.75,0.4772,0.373,0.3622,0.0356,0.91,0.23,0.8606
2013-06-30,706213905,706213905,1,19382000000,4864000000,12601000000,5779000000,6781000000,0,0,1097000000,2671000000,4643000000,224000000,224000000,0.31,0.31,0.04,778000000,-300000000,-327000000,151000000,1489000000,193000000,13.5,14.56,12.45,0.0545,0.0199,9.6,1.4,26.47,0.71,0.7297,0.3939,0.3499,0.022,0.91,0.83,0.8417
2013-03-31,722296988,722296988,1,19197000000,4514000000,12236000000,5411000000,6961000000,0,0,1102000000,2708000000,4084000000,59000000,59000000,0.08,0.08,0.01,983000000,-472000000,-286000000,225000000,1338000000,534000000,11.97,13.58,10.36,0.055,0.0203,9.64,1.25,21.38,0.67,0.6676,0.389,0.3626,0.0222,0.91,0.62,0.8342
2012-12-31,728096579,728096579,1,18596000000,4227000000,11604000000,4650000000,6992000000,0,0,1108000000,2916000000,4172000000,79000000,79000000,0.11,0.11,0.32,230000000,-189000000,-96000000,-55000000,1113000000,399000000,9.64,10.61,8.68,0.0603,0.0225,9.6,1.02,15.06,0.66,0.5968,0.417,0.376,0.0246,0.91,-0.23,0.909
2012-09-30,737979436,737979436,1,18813000000,4652000000,11811000000,4969000000,7002000000,0,0,1114000000,2961000000,4309000000,16000000,16000000,0.02,0.02,0.01,464000000,-277000000,-102000000,85000000,1168000000,406000000,9.13,9.82,8.45,0.071,0.0266,9.49,0.99,20.75,0.34,0.037,0.4229,0.3722,0.029,0.92,0.08,0.9362
2012-06-30,743070523,743070523,1,18516000000,4691000000,11676000000,5080000000,6840000000,0,0,1121000000,3019000000,4616000000,228000000,228000000,0.3,0.3,0.01,145000000,-355000000,-265000000,-475000000,1083000000,416000000,8.59,9.42,7.76,0.0495,0.0184,9.21,0.93,24.54,0.33,0.0426,0.4414,0.3694,0.0199,0.93,-0.36,0.9234
2012-03-31,767684913,767684913,1,18826000000,5120000000,11729000000,5047000000,7097000000,0,0,1117000000,3048000000,3991000000,98000000,98000000,0.13,0.13,0.0045,1225000000,-12000000,-484000000,729000000,1558000000,127000000,9.04,10.05,8.03,0.0392,0.0147,9.24,1.02,39.3,0.32,0.039,0.4295,0.377,0.0164,0.9,1.43,1.0145
2011-12-31,772906217,772906217,1,18068000000,4345000000,11191000000,4533000000,6877000000,0,0,1125000000,3146000000,4108000000,152000000,152000000,0.19,0.19,0,419999981,-819999274,-809999684,-1209998977,829000000,910999509,8.21,9.28,7.15,0.0262,0.01,8.9,0.99,37.32,0.32,0.0589,0.4575,0.3806,0.0114,0.88,-0.64,0.9585
2011-09-30,778522395,778522395,1,17885000000,4594,11400000000,5320,6485000000,0,0,970000000,3220000000,4311000000,-140000000,-140000000,-0.18,-0.18,0.0045,-218,-137,-224,-579,1016,276,9.72,11.65,7.79,0.0237,0.0091,8.33,1.08,14.51,0.32,0.0668,0.4965,0.3626,0.0107,0.85,-0,0.8635
2011-06-30,803997967,803997967,1,18945000000,5421,11743000000,5318,7202000000,0,0,971000000,3242000000,4136000000,161000000,161000000,0.21,0.21,0.0045,237,-589,-92,-444,1595,215,11.77,12.87,10.68,0.0773,0.0304,8.96,1.34,19.3,0.31,0.0206,0.4502,0.3802,0.0371,0.82,0,1.0194
2011-03-31,747958666,747958666,1,16414000000,5329000000,9827000000,4358000000,6587000000,0,0,0,2428000000,3103000000,5000000,5000000,0.01,0.01,0.0045,965000000,-231000000,44000000,778000000,2039000000,57000000,12.5,13.59,11.41,0.0745,0.0292,8.81,1.5,20.49,0.31,0.0223,0.3686,0.4013,0.036,0.81,1.21,1.2228
2010-12-31,747563467,747563467,1,15463000000,4279000000,9226000000,3305000000,6237000000,0,0,0,2875000000,3114000000,131000000,131000000,0.19,0.18,0,263000000,-21000000,-12000000,230000000,1261000000,95000000,13.32,14.32,12.31,0.0789,0.0305,8.34,1.67,22.97,0.3,0.0219,0.461,0.4033,0.0379,0.81,0.22,1.2947
2010-09-30,747095928,747095928,1,15143000000,4042000000,9193000000,3187000000,5950000000,0,0,0,3350000000,3192000000,205000000,205000000,0.27,0.27,0.0045,385000000,-312000000,-31000000,42000000,1031000000,100000000,12.29,14.16,10.42,0.0788,0.0301,7.96,1.65,42.38,0.3,0.0227,0.563,0.3929,0.0379,0.79,0.38,1.2683
2010-06-30,745946155,745946155,1,14987000000,3971000000,9439000000,3338000000,5548000000,0,0,0,3324000000,3168000000,112000000,112000000,0.15,0.15,0.0045,540000000,-610000000,-51000000,-121000000,989000000,159000000,12.52,13.97,11.06,0.0408,0.0153,7.44,1.68,48.15,0.3,0.0453,0.5991,0.3702,0.0199,0.77,0.51,1.1896
2010-03-31,744447409,744447409,1,14530000000,3621000000,8994000000,2918000000,5536000000,0,0,0,3305000000,2630000000,11000000,11000000,0.01,0.01,0.0045,373000000,-322000000,-55000000,-4000000,1110000000,139000000,12.16,13.42,10.91,0.0376,0.0141,7.44,1.65,93.54,0.29,0.0499,0.597,0.381,0.0189,0.75,0.31,1.2409
2009-12-31,743267585,743267585,1,14269000000,3358000000,8803000000,2676000000,5466000000,0,0,0,3325000000,2711000000,115000000,115000000,0.15,0.15,0,492000000,-257000000,-23000000,212000000,1114000000,115000000,9.94,11.78,8.1,0.0191,0.007,7.35,1.41,None,0.29,0.1011,0.6083,0.3831,0.0096,0.73,0.51,1.2549
2009-09-30,741939911,741939911,1,14100000000,3127000000,8883000000,3024000000,5217000000,0,0,0,3378000000,2666000000,-16000000,-16000000,-0.02,-0.02,0.0045,72000000,-297000000,181000000,-44000000,902000000,198000000,8.3,10.2,6.4,-0.0144,-0.0052,7.03,1.2,None,0.29,None,0.6475,0.37,None,0.73,-0.17,1.0341
2009-06-30,741447409,741447409,1,14027000000,3094000000,8879000000,3068000000,5148000000,0,0,0,3278000000,2616000000,91000000,91000000,0.12,0.12,0.0045,135000000,-377000000,43000000,-199000000,946000000,187000000,6.88,7.75,6.02,-0.032,-0.0117,6.94,1.03,98.29,0.29,None,0.6368,0.367,None,0.7,-0.07,1.0085
2009-03-31,740813556,740813556,1,14179000000,2996000000,9251000000,3123000000,4928000000,0,0,0,3447000000,2357000000,-91000000,-91000000,-0.12,-0.12,0.0045,286000000,-638000000,129000000,-223000000,1145000000,85000000,7.45,9.95,4.95,0.0083,0.003,6.65,1.11,31.04,0.28,0.188,0.6995,0.3476,0.0049,0.62,0.27,0.9593
2008-12-31,740146494,740146494,1,14308000000,2893000000,9355000000,2806000000,4953000000,0,0,0,3498000000,2733000000,-57000000,-57000000,-0.09,-0.09,0,-2545000000,458000000,1065000000,-1022000000,1368000000,158000000,11.01,14.97,7.05,0.0255,0.0097,6.69,1.15,23.93,0.28,0.0558,0.7062,0.3462,0.0161,0.6,-3.65,1.031
2008-09-30,739724140,739724140,1,18175000000,5301000000,11111000000,5588000000,7064000000,0,0,0,2580000000,2891000000,-120000000,-120000000,-0.16,-0.16,0.0045,-2276000000,-46000000,59000000,-2263000000,2390000000,178000000,14.72,16.77,12.68,0.0464,0.0182,9.55,1.24,17.52,0.28,0.0286,0.3652,0.3887,0.0322,0.57,-3.32,0.9486
2008-06-30,733931937,733931937,1,23262000000,8929000000,14532000000,8374000000,8730000000,0,0,0,2590000000,2869000000,321000000,321000000,0.44,0.44,0.0045,2336000000,-1264000000,599000000,1671000000,4653000000,223000000,13.32,14.89,11.75,0.0864,0.0347,11.89,1.36,17.53,0.27,0.0157,0.2967,0.3753,0.06,0.58,2.88,1.0663
2008-03-31,731757810,731757810,1,18031000000,5050000000,10846000000,5781000000,7185000000,0,0,0,2079000000,2530000000,34000000,34000000,0.05,0.05,0.0045,964000000,-126000000,-69000000,769000000,2982000000,364000000,12.06,13.1,11.02,0.0874,0.0365,9.82,1.28,14.53,0.27,0.017,0.2894,0.3985,0.0575,0.64,0.82,0.8736
2007-12-31,735665898,735665898,1,16772000000,4443000000,9831000000,4838000000,6941000000,0,0,0,2050000000,2492000000,112000000,112000000,0.15,0.13,0,1094000000,-409000000,478000000,1163000000,2213000000,349000000,13.59,15.06,12.12,0.0985,0.0427,9.43,1.59,17.88,0.26,0.0158,0.2953,0.4138,0.0654,0.65,1.01,0.9184
2007-09-30,734037983,734037983,1,14524000000,2870000000,8255000000,3826000000,6269000000,0,0,0,1555000000,2588000000,162000000,162000000,0.22,0.22,0.0045,154000000,-316000000,-393000000,-555000000,1050000000,319000000,15.59,16.96,14.21,0.0918,0.0413,8.54,1.81,25.98,0.26,0.0173,0.248,0.4316,0.0612,0.68,-0.22,0.7501
2007-06-30,747315847,747315847,1,14853000000,3306000000,8426000000,4085000000,6427000000,0,0,0,1518000000,2583000000,278000000,278000000,0.36,0.36,0.0045,980000000,-533000000,-460000000,-13000000,1605000000,338000000,14.96,15.9,14.03,0.0731,0.0336,8.6,1.78,23.38,0.26,0.0219,0.2362,0.4327,0.0506,0.66,0.86,0.8093
2007-03-31,780832895,780832895,1,14238000000,2999000000,7684000000,3524000000,6554000000,0,0,0,1556000000,2198000000,93000000,93000000,0.12,0.12,0.0045,617000000,-271000000,-118000000,228000000,1618000000,325000000,15.54,16.58,14.5,0.0799,0.0372,8.39,1.9,26.34,0.25,0.02,0.2374,0.4603,0.0573,0.65,0.37,0.851
2006-12-31,788431522,788431522,1,13460000000,2601000000,7011000000,2887000000,6449000000,0,0,0,1567000000,2276000000,57000000,57000000,0.07,0.06,0,142000000,-367000000,-332000000,-557000000,1390000000,352000000,15.82,17.03,14.61,0.0745,0.0346,8.18,1.89,25.93,0.25,0.0215,0.243,0.4791,0.0549,0.63,-0.27,0.9009
2006-09-30,791833168,791833168,1,14087000000,3301000000,7463000000,3944000000,6624000000,0,0,0,1275000000,2342000000,48000000,48000000,0.06,0.06,0.0045,-319000000,-339000000,13000000,-645000000,1947000000,381000000,16.93,18.2,15.66,0.0782,0.0362,8.37,1.91,20.4,0.25,0.0203,0.1925,0.4702,0.06,0.6,-0.88,0.837
2006-06-30,786077109,786077109,1,15344000000,4358000000,8391000000,4685000000,6953000000,0,0,0,1350000000,2449000000,333000000,333000000,0.42,0.4,0.0045,832000000,-480000000,-360000000,-8000000,2592000000,404000000,16.65,18.2,15.1,0.1042,0.0479,8.85,1.98,26.43,0.24,0.0152,0.1942,0.4531,0.0837,0.57,0.54,0.9302
2006-03-31,802567873,802567873,1,14723000000,4092000000,7958000000,4449000000,6765000000,0,0,0,1368000000,2019000000,61000000,61000000,0.08,0.07,0.0045,751000000,-309000000,-122000000,320000000,2600000000,262000000,16.8,18.1,15.51,0.0804,0.0371,8.43,2.02,25.85,0.24,0.0201,0.2022,0.4595,0.0671,0.55,0.61,0.9198
2005-12-31,804661597,804661597,1,14218000000,3620000000,7543000000,3848000000,6675000000,0,0,0,1394000000,1988000000,86000000,86000000,0.11,0.08,0,73000000,-283000000,62000000,-148000000,2280000000,217000000,15.74,16.95,14.54,0.0848,0.0391,8.3,1.85,25.39,0.24,0.0194,0.2088,0.4695,0.0723,0.54,-0.18,0.9407
2005-09-30,792725729,792725729,1,14746000000,4109000000,7991000000,3458000000,6755000000,0,0,0,1861000000,1989000000,227000000,227000000,0.29,0.28,0.0045,602000000,-459000000,16000000,159000000,2428000000,274000000,13.95,14.85,13.05,0.0837,0.0389,8.52,1.74,28.47,0.24,0.0206,0.2755,0.4581,0.0713,0.55,0.41,1.1883
2005-06-30,787270573,787270573,1,13779000000,3482000000,7462000000,3142000000,6317000000,0,0,0,1863000000,1944000000,159000000,159000000,0.2,0.2,0.0045,668000000,-296000000,-11000000,361000000,2269000000,296000000,14.53,15.5,13.56,0.0697,0.0327,8.02,1.87,33.79,0.23,0.0259,0.2949,0.4585,0.059,0.55,0.47,1.1082
2005-03-31,784751947,784751947,1,13254000000,3235000000,7139000000,2880000000,6115000000,0,0,0,1926000000,1663000000,76000000,76000000,0.1,0.09,0.0045,886000000,-172000000,146000000,860000000,1908000000,423000000,15.02,16.45,13.6,0.0648,0.0308,7.79,2.13,40.59,0.23,0.0292,0.315,0.4614,0.0541,0.57,0.59,1.1233
2004-12-31,783771923,783771923,1,11337000000,2172000000,5813000000,2142000000,5524000000,0,0,0,1700000000,1656000000,55000000,55000000,0.08,0.05,0,-50000000,-483000000,-38000000,-571000000,1305000000,408000000,15.09,16.74,13.45,0.0588,0.0284,7.05,2.14,39.71,0.22,0.0339,0.3077,0.4873,0.0479,0.59,-0.58,1.014
2004-09-30,779583386,779583386,1,11731000000,2872000000,6227000000,2405000000,5504000000,0,0,0,1606000000,1674000000,119000000,119000000,0.15,0.15,0.0045,360000000,-496000000,244000000,108000000,1876000000,496000000,15.02,16.85,13.18,0.0622,0.0304,7.06,2.26,41.72,0.22,0.0328,0.2918,0.4692,0.0507,0.6,-0.17,1.1942
2004-06-30,790181982,790181982,1,10813000000,2471000000,5559000000,2309000000,5254000000,0,0,0,1239000000,1716000000,113000000,113000000,0.14,0.14,0.0045,430000000,-511000000,25000000,-56000000,1768000000,511000000,15.31,17.06,13.56,0.0616,0.0306,6.65,2.41,29.44,0.22,0.0343,0.2358,0.4859,0.0496,0.62,-0.1,1.0702
2004-03-31,790181982,790181982,1,10271000000,2400000000,5246000000,2181000000,5025000000,0,0,0,1270000000,1484000000,26000000,26000000,0.03,0.03,0.0045,417000000,-360000000,-98000000,-41000000,1824000000,360000000,14.74,16.6,12.88,0.0902,0.045,6.36,2.3,28.35,0.21,0.0239,0.2527,0.4892,0.0731,0.61,0.07,1.1004
2003-12-31,789390678,789390678,1,9878000000,2313000000,4826000000,1723000000,5052000000,0,0,0,1332000000,1518000000,66000000,66000000,0.07,0.06,0,290000000,-383000000,-76000000,-169000000,1865000000,383000000,17.5,19.69,15.3,0.0925,0.0461,6.4,2.83,35,0.21,0.0239,0.2637,0.5114,0.0744,0.62,-0.12,1.3424
2003-09-30,787190570,787190570,1,9699000000,2425000000,4831000000,1572000000,4868000000,0,0,0,1525000000,1553000000,106000000,106000000,0.14,0.13,0.0045,141000000,-337000000,26000000,-170000000,2034000000,337000000,17.42,18.99,15.86,0.0905,0.0448,6.18,2.88,37.87,0.21,0.0253,0.3133,0.5019,0.0719,0.62,-0.25,1.5426
2003-06-30,782931936,782931936,1,9638000000,2581000000,4901000000,1658000000,4737000000,0,0,0,1539000000,1515000000,246000000,246000000,0.32,0.3,0.0045,638000000,-325000000,2000000,315000000,2204000000,325000000,15.89,17.7,14.09,0.0863,0.0423,6.05,2.78,54.79,0.2,0.0271,0.3249,0.4915,0.0685,0.62,0.4,1.5567
2003-03-31,778897115,778897115,1,9104000000,2276000000,4645000000,1548000000,4459000000,0,0,0,1547000000,1351000000,24000000,24000000,0.03,0.03,0.0045,267000000,-193000000,0,74000000,1889000000,193000000,13.53,15.33,11.72,0.0559,0.027,5.72,2.38,46.66,0.2,0.043,0.3469,0.4898,0.0434,0.62,0.1,1.4703
2002-12-31,776662894,776662894,1,8953750000,2231960000,4532133000,1433828000,4421617000,0,0,0,1552781000,1400539000,42399000,42399000,0.05,0.04,0,113859000,-230581000,-11957000,-128679000,1815352000,230581000,13.96,16.7,11.23,0.0564,0.0268,5.69,2.5,48.14,0.2,0.0433,0.3512,0.4938,0.0436,0.61,-0.15,1.5566
2002-09-30,774646919,774646919,1,8954281000,2360628000,4631498000,1439880000,4322783000,0,0,0,1660907000,1391191000,74887000,74887000,0.1,0.09,0.0045,20301000,-119273000,-74832000,-173804000,1944031000,119273000,13.49,16.08,10.9,0.0629,0.0291,5.58,2.47,34.59,0.2,0.0398,0.3842,0.4828,0.0489,0.6,-0.13,1.6395
2002-06-30,772915619,772915619,1,9048021000,2473009000,4824443000,1687139000,4223578000,0,0,0,1661449000,1472798000,102298000,102298000,0.13,0.13,0.0045,293496000,-144126000,-145058000,4312000,2117835000,144126000,17.1,19.35,14.85,0.083,0.0386,5.46,3.21,35.63,0.19,0.0307,0.3934,0.4668,0.0638,0.61,0.19,1.4658
2002-03-31,771684488,771684488,1,8968778000,2445300000,4857659000,1743187000,4111119000,0,0,0,1701979000,1257243000,21385000,21385000,0.03,0.03,0.0045,92553000,-109080000,-149811000,-166338000,2113523000,109080000,19.59,22,17.17,0.1035,0.0492,5.33,3.75,32.65,0.19,0.0252,0.414,0.4584,0.0764,0.64,-0.02,1.4028
2001-12-31,766773730,766773730,1,8997141000,2520219000,4983088000,2239185000,4014053000,0,0,0,1327158000,1237647000,63505000,63505000,0.08,0.04,0,234448000,-331048000,887070000,790470000,2279861000,331048000,17.26,20,14.52,0.1325,0.0649,5.23,3.34,23.97,0.18,0.0202,0.3306,0.4461,0.092,0.7,-0.13,1.1255
2001-09-30,765345132,765345132,1,7994926000,1752466000,4045266000,1927720000,3949660000,0,0,0,751616000,1335125000,150964000,150964000,0.2,0.19,0.0045,345340000,-206034000,381738000,521044000,1489391000,206034000,15.74,20.23,11.25,0.1621,0.0825,5.16,3.14,20.62,0.18,0.0255,0.1903,0.494,0.1041,0.79,0.18,0.9091
2001-06-30,763401828,763401828,1,7468658000,1329367000,3647104000,1629315000,3821554000,0,0,0,752602000,1553785000,175633000,175633000,0.23,0.22,0.0045,484222000,-206433000,5880000,283669000,968347000,206433000,18.29,20.03,16.55,0.18,0.0919,5.01,3.83,23.35,0.18,0.0231,0.1969,0.5117,0.1072,0.86,0.36,0.8159
2001-03-31,761643359,761643359,1,7065853000,1044414000,3423747000,1488421000,3642106000,0,0,0,754686000,1428617000,121045000,121045000,0.16,0.15,0.0045,420598000,-254328000,-4587000,161683000,684678000,254328000,19.63,23.27,16,0.1955,0.0984,4.78,4.3,27.01,0.17,0.0215,0.2072,0.5155,0.1115,0.88,0.22,0.7017
2000-12-31,505028269,757542403,1.5,6669572000,831536000,3218252000,1298403000,3451320000,0,0,0,760992000,1467404000,154661000,154661000,0.31,0.24,0.01,255152000,-335137000,22372000,-57613000,522995000,335137000,19.54,23.33,15.75,0.1932,0.0953,4.56,4.59,29.91,0.17,0.022,0.2205,0.5175,0.1068,0.89,-0.11,0.6404
2000-09-30,501851494,752777241,1.5,6447657000,859872000,3237137000,1383900000,3210520000,0,0,0,762612000,1478834000,184298000,184298000,0.37,0.35,0.0055,231596000,-303487000,15849000,-56042000,580608000,303487000,14.71,16.67,12.75,0.1827,0.0893,4.26,3.66,25.36,0.16,0.1528,0.2375,0.4979,0.1007,0.89,-0.1,0.6213
2000-06-30,498567401,747851101,1.5,6259424000,899190000,3249879000,1327157000,3009545000,0,0,0,868121000,1460675000,190622000,190622000,0.38,0.36,0.0055,395973000,-304210000,2326000,94089000,636650000,304210000,13.78,15.17,12.38,0.1693,0.0837,4.02,3.65,25.84,0.16,0.1709,0.2885,0.4808,0.0943,0.89,0.12,0.6775
2000-03-31,496228775,744343162,1.5,5940033000,805465000,3126815000,1306333000,2813218000,0,0,0,868023000,1242647000,73512000,73512000,0.15,0.14,0.0055,415565000,-191810000,-100013000,123742000,542561000,191810000,11.96,13.92,10,0.1626,0.0815,3.78,3.15,21.36,0.15,0.1834,0.3086,0.4736,0.0922,0.88,0.3,0.6166
1999-12-31,497413174,746119761,1.5,5652113000,631005000,2816325000,960466000,2835788000,0,0,0,871717000,1204418000,93796000,93796000,0.19,0.13,0.15,219242000,-265393000,198282000,152131000,418819000,265393000,11.27,12.54,10,0.1754,0.0894,3.8,3.05,19.58,0.15,0.1743,0.3074,0.5017,0.1002,0.89,-0.06,0.657
1999-09-30,504435654,756653481,1.5,5317576000,488474000,2516335000,1001327000,2801241000,0,0,0,617379000,1235166000,126978000,126978000,0.25,0.24,0.0055,109330000,-333651000,3374000,-220947000,266688000,333651000,12.22,14.86,9.59,0.1853,0.0948,3.7,3.45,21.07,0.05,0.0237,0.2204,0.5268,0.105,0.9,-0.3,0.4878
1999-06-30,504030721,756046081,1.5,5282294000,719012000,2609339000,1107769000,2672955000,0,0,0,617207000,1220432000,157757000,157757000,0.31,0.29,0.0055,362486000,-279694000,-731000,82061000,487635000,279694000,14.38,15.72,13.03,0.1964,0.0989,3.54,4.33,25.88,0.05,0.0224,0.2309,0.506,0.109,0.91,0.11,0.6491
1999-03-31,335571191,755035179,2.25,4968871000,619416000,2458873000,999058000,2509998000,0,0,0,619068000,1075571000,95847000,95847000,0.29,0.27,0.0075,310652000,-289096000,5507000,27063000,405574000,289096000,12.61,15.28,9.95,0.1952,0.0975,3.32,3.95,24.04,0.04,0.023,0.2466,0.5051,0.1069,0.91,0.03,0.62
1998-12-31,334405787,752413020,2.25,4715996000,574155000,2318078000,850653000,2397918000,0,0,0,623309000,1047656000,100385000,100385000,0.31,0.23,0.01,193823000,-274104000,6608000,-73673000,378511000,274104000,8.68,10.55,6.81,0.1927,0.0952,3.19,2.89,16.41,0.04,0.0242,0.2599,0.5085,0.1041,0.91,-0.11,0.675
1998-09-30,336360194,756810436,2.25,4586288000,659203000,2315616000,896209000,2270672000,0,0,0,622000000,1094830000,129645000,129645000,0.39,0.37,0.0066,183888000,-201177000,-97700000,-114989000,452184000,201177000,9.02,10.39,7.64,0.1922,0.0933,3,3.05,18.68,0.04,0.0226,0.2739,0.4951,0.1011,0.92,-0.02,0.7355
1998-06-30,223848853,755489878,3.375,4568608000,777140000,2334799000,931424000,2233809000,0,0,0,622616000,1078841000,133393000,133393000,0.6,0.57,0.011,293155000,-235843000,2913000,60225000,567173000,235843000,8.35,9.21,7.48,0.1826,0.0871,2.96,3,19.13,0.03,0.0235,0.2787,0.4889,0.0943,0.92,0.08,0.8344
1998-03-31,223154213,753145468,3.375,4339211000,721212000,2243578000,886294000,2095633000,0,0,0,624775000,942653000,70008000,70008000,0.31,0.3,0.011,215269000,-235972000,-95692000,-116395000,506948000,235972000,8.16,9.52,6.81,0.1726,0.0804,2.78,3.06,19.67,0.03,0.0239,0.2981,0.483,0.087,0.92,-0.03,0.8137
1997-12-31,222627708,751368514,3.375,4246160000,806416000,2237142000,868513000,2009018000,0,0,0,628106000,975593000,80555000,80555000,0.36,None,0.01,169704000,-111413000,10934000,69225000,623343000,111413000,6.68,7.78,5.58,0.1715,0.0781,2.67,2.61,20.01,0.03,0.0229,0.3126,0.4731,0.0833,0.94,0.08,0.9285
1997-09-30,147146248,744927880,5.0625,4142034000,756978000,2234584000,898630000,1907450000,0,0,0,632143000,997241000,92511000,92511000,0.6,None,0.0115,126769000,-165040000,14605000,-23666000,554118000,165040000,5.84,6.56,5.13,0.1505,0.0674,2.56,2.4,19.84,0.02,0.0245,0.3314,0.4605,0.0723,0.93,-0.05,0.8424
1997-06-30,146002861,739139483,5.0625,4035983000,759200000,2239260000,915476000,1796723000,0,0,0,636927000,956892000,93832000,93832000,0.62,None,0.0115,220604000,-296624000,1392000,-74628000,577784000,296624000,4.89,5.53,4.25,0.1383,0.0614,2.43,2.12,17.31,0.02,0.0274,0.3545,0.4452,0.0655,0.94,-0.1,0.8293
1997-03-31,145583242,737015162,5.0625,3857245000,823117000,2157373000,761426000,1699872000,0,0,0,739188000,887095000,50874000,50874000,0.34,None,0.0115,93511000,-115850000,92910000,70571000,652412000,115850000,4.57,4.94,4.2,0.1382,0.061,2.31,2.04,17.66,0.02,0.028,0.4348,0.4407,0.064,0.95,-0.03,1.081
1996-12-31,145335143,735759161,5.0625,3723479000,750990000,2075167000,765404000,1648312000,0,0,0,650226000,831841000,28163000,28163000,0.13,None,0.01,169304000,-182181000,688000,-12189000,581841000,182181000,4.6,5.13,4.07,0.132,0.0581,2.24,2.09,16.28,0.02,0.0301,0.3945,0.4427,0.0609,0.95,-0.02,0.9812
1996-09-30,145031619,734222571,5.0625,3619515000,773954000,2004484000,720914000,1615031000,0,0,0,652246000,891492000,60858000,60858000,0.4,None,0.011,82033000,-161503000,195215000,115745000,594030000,161503000,4.97,5.73,4.22,0.1468,0.0644,2.2,2.34,17,0.01,0.028,0.4039,0.4462,0.067,0.96,-0.11,1.0736
1996-06-30,144915798,733636227,5.0625,3571512000,664553000,2017601000,758297000,1553911000,0,0,0,655726000,910308000,85316000,85316000,0.56,None,0.011,222176000,-201393000,132822000,153605000,478285000,201393000,5.83,6.57,5.09,0.1574,0.0682,2.12,2.92,22.19,0.01,0.0265,0.422,0.4351,0.0718,0.95,0.03,0.8764
1996-03-31,144706891,732578635,5.0625,3369291000,502960000,1903019000,681926000,1466272000,0,0,0,657263000,772529000,33000000,33000000,0.22,None,0.011,141715000,-132354000,-2044000,7317000,324680000,132354000,5.45,6.52,4.37,0.1459,None,2,2.79,23.19,0.01,0.029,0.4483,0.4352,0.0674,0.93,0.01,0.7376
1995-12-31,144399522,731022580,5.0625,3256122000,473136000,1828804000,610621000,1427318000,0,0,0,661010000,748572000,43359000,43359000,0.25,None,0.01,108519000,-156502000,-411000,-48394000,317363000,156502000,4.53,5.16,3.9,0.1359,None,1.95,2.38,None,0.01,0.0315,0.4631,0.4383,0.0636,0.9,-0.07,0.7748
1995-09-30,143931917,728655329,5.0625,3248268000,563932000,1866130000,646765000,1382138000,0,0,0,671066000,764975000,67717000,67717000,0.45,None,0.01,49720000,-213855000,128994000,-35141000,365757000,213855000,5.29,5.9,4.67,None,None,1.9,2.94,None,0.01,None,0.4855,0.4255,None,None,-0.23,0.8719
1995-06-30,143787798,727925727,5.0625,3192508000,567120000,1879810000,689232000,1312698000,0,0,0,673980000,738205000,59724000,59724000,0.41,None,0.01,193792000,-157012000,191369000,228149000,400898000,157012000,4.29,5.09,3.48,None,None,1.8,2.49,None,0,None,0.5134,0.4112,None,None,0.05,0.8228
1995-03-31,143579198,726869689,5.0625,3007752000,337352000,1756112000,607199000,1251640000,0,0,0,675949000,620999000,11826000,11826000,0.08,None,0.01,104411000,-201274000,95074000,-1789000,172749000,201274000,3.6,3.95,3.24,None,None,1.72,2.11,None,0,None,0.5401,0.4161,None,None,-0.13,0.5556
1994-12-31,143360669,725763386,5.0625,2823071000,314898000,1584365000,522270000,1238706000,0,0,0,583071000,None,None,None,None,None,0,None,None,None,None,174538000,0,3.87,4.67,3.06,None,None,1.71,None,None,0,None,0.4707,0.4388,None,None,None,0.6029
