"Quarter end","Shares","Shares split adjusted","Split factor","Assets","Current Assets","Liabilities","Current Liabilities","Shareholders equity","Non-controlling interest","Preferred equity","Goodwill & intangibles","Long-term debt","Revenue","Earnings","Earnings available for common stockholders","EPS basic","EPS diluted","Dividend per share","Cash from operating activities","Cash from investing activities","Cash from financing activities","Cash change during period","Cash at end of period","Capital expenditures","Price","Price high","Price low","ROE","ROA","Book value of equity per share","P/B ratio","P/E ratio","Cumulative dividends per share","Dividend payout ratio","Long-term debt to equity ratio","Equity to assets ratio","Net margin","Asset turnover","Free cash flow per share","Current ratio"
2019-06-30,239813983,239813983,1,61590000000,None,54720000000,None,6870000000,0,689000000,2946000000,1410000000,685000000,219000000,219000000,0.9,0.9,0.14,41000000,6386000000,-6299000000,128000000,1328000000,43000000,47.92,52.35,43.49,0.1684,0.0164,25.77,1.92,11.83,0.42,0.1003,0.2281,0.1004,0.3523,0.04,-0.01,None
2019-03-31,244670688,244670688,1,67518000000,None,60736000000,None,6782000000,0,689000000,2961000000,1409000000,755000000,290000000,270000000,1.1,1.09,0.14,185000000,-3454000000,1125000000,-2144000000,1200000000,38000000,47.14,51.25,43.02,0.1733,0.0167,24.9,1.98,12.28,0.28,0.0654,0.2312,0.0902,0.3599,0.04,0.6,None
2018-12-31,246312066,246312066,1,65003000000,None,58441000000,None,6562000000,0,689000000,2976000000,1409000000,735000000,270000000,270000000,1.04,1.01,0.14,463000000,277000000,1152000000,1892000000,3344000000,34000000,47.42,54.44,40.41,0.1668,0.0163,23.84,1.98,14.33,0.14,0.0339,0.2399,0.0903,0.3536,0.04,1.74,None
2018-09-30,254239061,254239061,1,64706000000,None,57940000000,None,6766000000,0,689000000,2876000000,0,720000000,285000000,261000000,1.01,1,0,747000000,197000000,-644000000,300000000,1452000000,29000000,57.82,63.39,52.25,0.1415,0.0142,23.9,2.42,20.65,0,0,0,0.0939,0.3153,0.04,2.82,None
2018-06-30,259675020,259675020,1,64353000000,None,57450000000,None,6903000000,0,689000000,2888000000,0,710000000,250000000,250000000,0.95,0.95,0,-70000000,706000000,-454000000,182000000,1152000000,28000000,59.97,66.46,53.48,0.1203,0.0123,23.93,2.55,23.52,0,0,0,0.0966,0.2822,0.04,-0.38,None
2018-03-31,263909776,263909776,1,64187000000,None,57298000000,None,6889000000,0,689000000,2645000000,0,708000000,247000000,235000000,0.88,0.88,0,546000000,-1370000000,-9000000,-833000000,970000000,21000000,52.92,58.49,47.36,0.1108,0.0116,23.49,2.26,24.61,0,0,0,0.0966,0.2745,0.04,1.99,None
2017-12-31,266334340,266334340,1,63365000000,None,56434000000,None,6931000000,0,689000000,2654000000,0,637000000,129000000,129000000,0.49,0.48,0,463000000,-2046000000,1618000000,35000000,931000000,25000000,46.8,51.04,42.55,0.0949,0.0103,23.44,2.02,21.97,0,0,0,0.0985,0.2489,0.04,1.64,None
2017-09-30,269659766,269659766,1,60375000000,None,53727000000,None,6648000000,0,394000000,2664000000,0,599000000,147000000,135000000,0.49,0.49,0,486000000,-1538000000,857000000,-195000000,896000000,27000000,40.9,43.67,38.13,0.096,0.0109,23.19,1.79,19.02,0,0,0,0.1036,0.2623,0.04,1.7,None
2017-06-30,274709880,274709880,1,58753000000,None,52070000000,None,6683000000,0,394000000,2673000000,0,577000000,193000000,193000000,0.7,0.7,0,-193000000,-3002000000,3288000000,93000000,1091000000,27000000,35.79,38.52,33.06,0.0979,0.0114,22.89,1.63,18.54,0,0,0,0.107,0.2781,0.04,-0.8,None
2017-03-31,275010754,275010754,1,55879000000,None,49435000000,None,6444000000,0,394000000,2682000000,0,553000000,145000000,132000000,0.48,0.48,0,365000000,-6990000000,5673000000,-952000000,998000000,23000000,35.43,38.61,32.25,0.0899,0.0107,22,1.66,17.89,0,0,0,0.1083,0.2626,0.04,1.24,None
2016-12-31,274678179,274678179,1,48999000000,None,42727000000,None,6272000000,0,394000000,2690000000,0,509000000,127000000,127000000,0.46,0.46,0,897000000,-399000000,-15000000,483000000,1950000000,24000000,31.69,36.04,27.34,0.0947,0.0113,21.4,1.47,17.41,0,0,0,0.12,0.2844,0.04,3.18,None
2016-09-30,273812280,273812280,1,49199000000,None,42883000000,None,6316000000,0,394000000,2698000000,0,486000000,139000000,139000000,0.51,0.51,0,401000000,-453000000,-874000000,-926000000,1467000000,13000000,25.65,29.36,21.94,0.0885,0.0107,21.63,1.21,32.88,0,0,0,0.1204,0.2725,0.04,1.42,None
2016-06-30,273685226,273685226,1,49202000000,None,43417000000,None,5785000000,0,0,1956000000,0,474000000,133000000,133000000,0.48,0.48,0,231000000,-448000000,983000000,766000000,2393000000,18000000,24.83,28.14,21.52,0.0384,0.0048,21.14,1.21,19.25,0,0,0,0.1176,0.1507,0.03,0.78,None
2016-03-31,278728710,278728710,1,47943000000,None,42206000000,None,5737000000,0,0,1961000000,0,472000000,153000000,153000000,0.54,0.53,0,96000000,-2704000000,2002000000,-606000000,1627000000,20000000,24.33,29.05,19.61,0.0661,0.0084,20.58,1.19,27.03,0,0,0,0.1197,0.2639,0.03,0.27,None
2015-12-31,282708675,282708675,1,45427000000,None,39628000000,None,5799000000,0,0,1966000000,0,454000000,89000000,89000000,0.3,0.3,0,164000000,-3246000000,3862000000,780000000,2233000000,18000000,27.77,30.98,24.55,0.0471,0.0059,20.51,1.4,37.53,0,0,0,0.1277,0.1877,0.03,0.52,None
2015-09-30,292967985,292967985,1,41205000000,None,35393000000,None,5812000000,0,0,1971000000,0,73000000,-153000000,-153000000,-0.53,-0.53,0,279000000,4470000000,-5168000000,-419000000,1453000000,20000000,26.66,30.66,22.66,0.0394,0.0049,19.84,1.35,17.09,0,0,0,0.1411,0.1533,0.03,0.88,None
2015-06-30,290306550,290306550,1,47115000000,None,41401000000,None,5714000000,0,0,1976000000,0,445000000,292000000,292000000,1.01,0.99,0,919000000,39000000,-111000000,847000000,1872000000,16000000,29.36,31.48,27.24,0.0842,0.0099,19.68,1.56,36.25,0,0,0,0.1213,0.2547,0.04,3.11,None
2015-03-31,289915838,289915838,1,46825000000,None,41372000000,None,5453000000,0,0,1981000000,0,456000000,40000000,40000000,0.14,0.14,0,-530000000,-1261000000,1033000000,-758000000,1025000000,16000000,24.84,28.67,21.01,0.0443,0.0051,18.81,1.34,24.84,0,0,0,0.1165,0.1315,0.04,-1.88,None
2014-12-31,289824138,289824138,1,45530000000,None,40155000000,None,5375000000,0,0,1986000000,0,461000000,41000000,41000000,0.14,0.14,0,333000000,289000000,-648000000,-26000000,1783000000,25000000,21.39,24.58,18.2,0.0562,0.0064,18.55,1.17,20.37,0,0,0,0.1181,0.1615,0.04,1.06,None
2014-09-30,289161187,289161187,1,45819000000,None,40545000000,None,5274000000,0,0,1991000000,0,440000000,86000000,86000000,0.3,0.29,0,68000000,24000000,-90000000,2000000,1809000000,32000000,22.35,24.57,20.13,0.0609,0.0067,18.24,1.24,24.29,0,0,0,0.1151,0.1721,0.04,0.12,None
2014-06-30,288718428,288718428,1,45748000000,None,40560000000,None,5188000000,0,0,1997000000,0,438000000,69000000,69000000,0.24,0.24,0,443000000,1063000000,-1284000000,222000000,1807000000,23000000,21.55,23.87,19.24,0.0545,0.0059,17.97,1.24,43.98,0,0,0,0.1134,0.1527,0.04,1.45,None
2014-03-31,288532837,288532837,1,46438000000,None,41406000000,None,5032000000,0,0,2002000000,0,475000000,97000000,97000000,0.34,0.33,0,-143000000,337000000,-447000000,-253000000,1585000000,7000000,22.22,25.58,18.86,0.0304,0.0032,17.44,1.32,79.36,0,0,0,0.1084,0.0831,0.04,-0.52,None
2013-12-31,288271360,288271360,1,46279856000,None,41423931000,None,4855925000,0,0,2007739000,0,447099000,57863000,57863000,0.2,0.19,0,228583000,-372182000,185430000,41831000,1838012000,15326000,17.61,19.67,15.54,0.0177,0.0019,16.84,1.05,None,0,0,0,0.1049,0.0499,0.04,0.74,None
2013-09-30,287198016,287198016,1,45547479000,None,40717905000,None,4829574000,0,0,2013437000,0,416802000,47428000,47428000,0.17,0.16,0,618923000,297236000,-165230000,750929000,1796181000,8278000,15.2,17.73,12.66,-0.0325,-0.0035,16.82,0.92,None,0,None,0,0.106,None,0.04,2.13,None
2013-06-30,287065440,287065440,1,45006525000,None,40245897000,None,4760628000,0,0,2019136000,0,439931000,-54403000,-54403000,-0.19,-0.19,0,-189890000,-439955000,167375000,-462470000,1045252000,7917000,11.13,12.73,9.52,-0.0475,-0.005,16.58,0.64,None,0,None,0,0.1058,None,0.04,-0.69,None
2013-03-31,286834552,286834552,1,44966314000,None,40014487000,None,4951827000,0,0,2188787000,0,419865000,35124000,35124000,0.12,0.12,0,459466000,801301000,-2514539000,-1253772000,1507722000,15087000,10.44,11.82,9.06,-0.028,-0.0029,17.26,0.61,None,0,None,0,0.1101,None,0.04,1.55,None
2012-12-31,286626031,286626031,1,47386739000,None,42482269000,None,4904470000,0,0,2194854000,0,467656000,-186059000,-186059000,-0.65,-0.65,0,-517241000,2064717000,-1610994000,-63518000,2761494000,14017000,8.62,9.54,7.7,-0.0224,-0.0023,17.11,0.48,37.48,0,None,0,0.1035,None,0.04,-1.85,None
2012-09-30,286057303,286057303,1,50355605000,None,45261751000,None,5093854000,0,0,2201150000,0,490035000,-28625000,-28625000,-0.1,-0.1,0,347769000,471745000,627044000,1446558000,2825012000,20811000,8.59,10.09,7.08,0.0133,0.0014,17.81,0.48,15.07,0,0,0,0.1012,0.0352,0.04,1.14,None
2012-06-30,285740705,285740705,1,49155830000,None,44076221000,None,5079609000,0,0,2207445000,0,452408000,39510000,39510000,0.14,0.14,0,199815000,1135895000,-1975694000,-639984000,1378454000,22125000,9.28,11.16,7.39,0.0333,0.0034,17.78,0.53,15.73,0,0,0,0.1033,0.0865,0.04,0.62,None
2012-03-31,285687131,285687131,1,51291744000,None,46255843000,None,5035901000,0,0,2213741000,0,489397000,62591000,62591000,0.22,0.22,0,-189102000,-3007937000,3115638000,-81401000,2018438000,22887000,9.63,11.5,7.77,0.0353,0.0036,17.63,0.56,18.17,0,0,0,0.0982,0.0875,0.04,-0.74,None
2011-12-31,285676649,285676649,1,47940452000,None,43012502000,None,4927950000,0,0,2220037000,0,475010000,-6346000,-6346000,-0.03,-0.03,0,519075000,-1229609000,1131476000,420942000,2099839000,17501000,9.55,11.69,7.42,0.0328,0.0033,17.25,0.55,23.29,0,0,0,0.1028,0.0769,0.04,1.76,None
2011-09-30,285272038,285272038,1,46524658000,None,41578443000,None,4946215000,0,0,2226574000,0,507275000,70696000,70696000,0.25,0.24,0,417587000,817999000,-926400000,309186000,1678897000,28353000,12.87,16.66,9.07,0.0305,0.003,17.34,0.76,64.35,0,0,0,0.1063,0.0668,0.04,1.36,None
2011-06-30,285213819,285213819,1,46984312000,None,42171967000,None,4812345000,0,0,2233112000,0,517619000,47118000,47118000,0.18,0.16,0,-199718000,377802000,-672701000,-494617000,1369711000,23799000,15.03,16.83,13.23,0.0176,0.0016,16.87,0.96,93.94,0,0,0,0.1024,0.0372,0.04,-0.78,None
2011-03-31,279700971,279700971,1,47596543000,None,43198751000,None,4397792000,0,0,2239650000,0,536695000,45233000,45233000,0.2,0.16,0,359011000,-1596366000,727337000,-510018000,1864328000,19757000,16.36,18.13,14.6,0.0154,0.0014,15.72,0.89,None,0,0,0,0.0924,0.0311,0.05,1.21,None
2010-12-31,221247848,221247848,1,46373001000,None,42320556000,None,4052445000,0,0,2265379000,0,517949000,-24115000,-24115000,-0.15,-0.15,0,-66177000,-1695085000,1005465000,-756055000,2374346000,20293000,14.98,16.24,13.73,-0.007,-0.0006,18.32,0.79,None,0,None,0,0.0874,None,0.05,-0.39,None
2010-09-30,220817337,220817337,1,45268613000,None,41104142000,None,4164471000,0,0,2272406000,0,489422000,8404000,8404000,0.04,0.03,0,717616000,-747424000,64279000,37314000,3130401000,22888000,13.38,15.6,11.15,-0.0238,-0.0021,18.86,0.71,None,0,None,0,0.092,None,0.05,3.15,None
2010-06-30,220722632,220722632,1,44347080000,None,40206645000,None,4140435000,0,0,2270857000,0,534001000,35076000,35076000,0.17,0.12,0,444634000,606712000,-1028717000,24736000,3093087000,16710000,15.81,19.9,11.73,-0.2435,-0.02,18.76,0.91,None,0,None,0,0.0934,None,0.05,1.94,None
2010-03-31,2200350995,220035099,0.1,46678674000,None,42862275000,None,3816399000,0,0,2301589000,0,536503000,-47837000,-47837000,-0.02,-0.02,0,-46778000,762943000,-1127157000,-414887000,3068351000,22185000,16.3,18.5,14.1,-0.3136,-0.0234,17.34,0.83,None,0,None,0,0.0818,None,0.05,-0.31,None
2009-12-31,1917988680,191798868,0.1,47366485000,None,43616930000,None,3749555000,0,0,2308730000,0,523440000,-90154000,-90154000,-0.04,-0.04,0,241692000,-735250000,-815279000,-1313138000,3483238000,21504000,15.85,18.4,13.3,-0.4044,-0.0269,19.55,0.81,None,0,None,0,0.0792,None,0.05,1.15,None
2009-09-30,1865498830,186549883,0.1,48486976000,None,44841104000,None,3645872000,0,0,2316162000,0,575327000,-831686000,-831686000,-0.66,-0.66,0,-205073000,340742000,-592812000,-437779000,4796376000,18907000,16.15,20.8,11.5,-0.508,-0.0305,19.54,0.6,None,0,None,0,0.0752,None,0.04,-1.2,None
2009-06-30,1116821812,111682181,0.1,47951250000,None,44968697000,None,2982553000,0,0,2323593000,0,620906000,-143237000,-143237000,-0.22,-0.22,0,661132000,1828341000,-1766191000,741849000,5234155000,22616000,20.35,29,11.7,-0.2657,-0.0144,26.71,0.47,None,0,None,0,0.0622,None,0.04,5.72,None
2009-03-31,572193965,57219396,0.1,49446876000,None,46988725000,None,2458151000,0,0,2331025000,0,497343000,-232685000,-232685000,-0.41,-0.41,0,274206000,-235610000,611885000,638457000,4492306000,23168000,10.85,15.8,5.9,-0.2556,-0.0131,42.96,0.24,None,0,None,0,0.0497,None,0.04,4.39,None
2008-12-31,572045762,57204576,0.1,48538215000,None,45946719000,None,2591496000,0,0,2324455000,0,465420000,-275563000,-275563000,-0.5,-0.5,0,1494098000,-485808000,-277152000,695109000,3853849000,27611000,20.45,33,7.9,-0.1953,-0.0101,45.3,0.43,None,0,None,0,0.0534,None,0.04,25.64,None
2008-09-30,537750272,53775027,0.1,49705024000,None,47167895000,None,2537129000,0,0,2332214000,0,377732000,-50475000,-50475000,-0.09,-0.09,0,1122228000,37639000,-819657000,339480000,3158740000,25524000,31.75,40.5,23,-0.727,-0.0368,47.18,0.65,None,0,None,0,0.051,None,None,20.39,None
2008-06-30,537225702,53722570,0.1,51810361000,None,49173015000,None,2637346000,0,0,2340144000,0,532337000,-94559000,-94559000,-0.19,-0.19,0,-67967000,799195000,-975794000,-242727000,2819260000,31876000,37.75,45.3,30.2,-0.6369,-0.0346,49.09,0.66,None,0,None,0,0.0509,None,None,-1.86,None
2008-03-31,473062126,47306212,0.1,53196950000,None,50481611000,None,2715339000,0,0,2369787000,0,550107000,-91193000,-91193000,-0.2,-0.2,0,-301074000,3937811000,-2343269000,1283743000,3061987000,25226000,37.8,54.8,20.8,-0.487,-0.0287,57.4,0.62,None,0,None,0,0.051,None,None,-6.9,None
2007-12-31,461992712,46199271,0.1,56845937000,None,54016872000,None,2829065000,0,0,2363375000,0,None,-1711845000,-1711845000,-3.99,-3.99,0,690022000,4955850000,-5283475000,368064000,1778244000,25402000,87.05,142.6,31.5,-0.3692,-0.0236,61.24,0.9,8.53,0,None,0,0.0498,None,None,14.39,None
2007-09-30,423754324,42375432,0.1,64186765000,None,60082782000,None,4103983000,0,0,2475851000,0,507768000,-58448000,-58448000,-0.14,-0.14,0,282982000,-1019339000,1043329000,306972000,1410180000,18250000,167.75,236.3,99.2,0.1052,0.0074,96.85,1.64,11.11,0,0,0,0.0639,0.1781,0.04,6.25,None
2007-06-30,423629118,42362911,0.1,62975066000,None,58640904000,None,4334162000,0,0,2488448000,0,693594000,159129000,159129000,0.38,0.37,0,-359333000,-2805751000,3009613000,-155471000,1039510000,42216000,233.05,257.9,208.2,0.1557,0.0115,102.31,2.29,15.54,0,0,0,0.0688,0.2537,0.05,-9.48,None
2007-03-31,426865051,42686505,0.1,60135082000,None,55784056000,None,4351026000,0,0,2546668000,0,666184000,169410000,169410000,0.4,0.39,0,181570000,-5915869000,5717046000,-17253000,1194981000,43427000,235.95,260.8,211.1,0.1597,0.0122,101.93,2.4,16.39,0,0,0,0.0724,0.2599,0.05,3.24,None
2006-12-31,427164672,42716467,0.1,53739303000,None,49542933000,None,4196370000,0,0,2544853000,0,640804000,176655000,176655000,0.42,0.4,0,242190000,-1837944000,1608350000,12596000,1212234000,41252000,231.75,255,208.5,0.1603,0.0125,98.24,2.45,16.92,0,0,0,0.0781,0.2551,0.05,4.7,None
2006-09-30,426951622,42695162,0.1,51523171000,None,47492914000,None,4030257000,0,0,2562341000,0,594313000,153249000,153249000,0.36,0.35,0,427223000,-2697535000,2593545000,323233000,1199638000,25644000,225.55,250,201.1,0.1562,0.0121,94.4,2.5,17.35,0,0,0,0.0782,0.2518,0.05,9.41,None
2006-06-30,427191281,42719128,0.1,48892799000,None,45045814000,None,3846985000,0,0,2523176000,0,621628000,156484000,156484000,0.37,0.36,0,114447000,-3013267000,2952070000,53250000,876405000,21345000,232.85,277.6,188.1,0.1602,0.0121,90.05,2.74,19.24,0,0,0,0.0787,0.2491,0.05,2.18,None
2006-03-31,426429649,42642964,0.1,47384893000,None,43766872000,None,3618021000,0,0,2535279000,0,608546000,142471000,142471000,0.34,0.33,0,97218000,-873286000,755035000,-21033000,823155000,21252000,237.65,271.2,204.1,0.1624,0.0118,84.84,2.92,21.22,0,0,0,0.0764,0.2486,0.05,1.78,None
2005-12-31,417911092,41791109,0.1,44567686000,None,41168126000,None,3399560000,0,0,2535564000,0,485477000,129360000,129360000,0.34,0.33,0,195483000,-5479055000,4738198000,-545374000,844188000,20712000,186.05,217.1,155,0.1637,0.0116,81.35,2.77,18.06,0,0,0,0.0763,0.2448,0.05,4.18,None
2005-09-30,373883781,37388378,0.1,36202471000,None,33688176000,None,2514295000,0,0,518423000,0,435729000,107491000,107491000,0.29,0.28,0,30033000,-2018878000,2283029000,294184000,1389562000,20661000,157.25,176,138.5,0.1673,0.0116,67.25,2.53,16.38,0,0,0,0.0695,0.2321,0.05,0.25,None
2005-06-30,370953106,37095310,0.1,34941311000,None,32631523000,None,2309788000,0,0,523262000,0,404343000,101567000,101567000,0.28,0.27,0,344968000,-2015018000,2044432000,374382000,1095378000,18471000,124.6,143.9,105.3,0.1615,0.0112,62.27,2,12.46,0,0,0,0.0661,0.2274,0.05,8.8,None
2005-03-31,368490666,36849066,0.1,33110005000,None,30816131000,None,2293874000,0,0,528527000,0,432312000,91994000,91994000,0.25,0.24,0,286252000,-891677000,386515000,-218910000,720996000,19170000,133.4,149.8,117,0.1748,0.0123,62.25,2.21,13.47,0,0,0,0.0693,0.2433,0.05,7.25,None
2004-12-31,369337130,36933713,0.1,31032583000,None,28804381000,None,2228202000,0,0,529164000,0,411563000,89829000,89829000,0.25,0.24,0,762236000,-1758577000,1210712000,208875000,939906000,40792000,131.9,151.7,112.1,0.1797,0.0128,60.33,2.28,12.81,0,0,0,0.0718,0.2429,0.05,19.53,None
2004-09-30,371908473,37190847,0.1,30336724000,None,28185881000,None,2150843000,0,0,533317000,0,346282000,79274000,79274000,0.21,0.21,0,6076000,-1079420000,593898000,-512540000,731031000,21467000,111.05,127,95.1,0.1951,0.014,57.83,1.96,11.22,0,0,0,0.0709,0.2569,0.05,-0.41,None
2004-06-30,373272546,37327254,0.1,30241614000,None,28127729000,None,2113885000,0,0,507964000,0,388354000,122905000,122905000,0.34,0.31,0,None,None,None,396791000,1243571000,14844000,121.6,137.5,105.7,0.1971,0.0141,56.63,2.25,17.13,0,0,0,0.0699,0.2363,0.06,None,None
2004-03-31,365435161,36543516,0.1,26909318000,None,24931517000,None,1977801000,0,0,538452000,0,419908000,88475000,88475000,0.24,0.23,0,648265000,-393291000,-329558000,-74584000,846855000,28142000,131.1,154,108.2,0.1486,0.0107,54.12,2.52,24.28,0,0,0,0.0735,0.1678,0.06,16.97,None
2003-12-31,368386666,36838666,0.1,26049216000,None,24130922000,None,1918294000,0,0,546486000,0,395120000,107455000,107455000,0.3,0.28,0,-208352000,-1890053000,2029641000,-68764000,921439000,23301000,110.8,129.1,92.5,0.1186,0.0085,52.07,2.38,28.41,0,0,0,0.0736,0.1334,0.06,-6.29,None
2003-09-30,366051871,36605187,0.1,24734446000,None,23029706000,None,1704740000,0,0,566549000,0,405693000,61403000,61403000,0.17,0.17,0,22179000,-841871000,927659000,107967000,990203000,17642000,94.7,106.4,83,0.0819,0.0058,46.57,2.06,33.82,0,0,0,0.0689,0.089,0.06,0.12,None
2003-06-30,362308545,36230854,0.1,23200479000,None,21391676000,None,1665344000,143459000,0,571281000,0,388915000,12687000,12687000,0.04,0.03,0,264983000,-806939000,449234000,-92722000,882236000,11834000,68.25,95.1,41.4,0.0587,0.0043,45.96,1.56,20.07,0,0,0,0.0718,0.0646,0.07,6.99,None
2003-03-31,356109558,35610955,0.1,21900512000,None,20185239000,None,1557312000,157961000,0,555937000,0,332503000,21482000,21482000,0.06,0.06,0,608539000,-253954000,-153232000,201353000,974958000,7344000,46.05,55.6,36.5,0.0737,0.0055,43.73,1.13,None,0,0,0,0.0711,0.083,0.07,16.88,None
2002-12-31,368384496,36838449,0.1,21534248000,None,19885094000,None,1505789000,143365000,0,543036000,0,352043000,36108000,36108000,0.11,0.13,0,1152820000,-5090935000,2954532000,-983583000,773605000,18709000,47.95,59.8,36.1,-0.1284,-0.0097,40.88,1.18,None,0,None,0,0.0699,None,0.07,30.79,None
2002-09-30,361431956,36143195,0.1,18250956000,None,16691847000,None,1465250000,93859000,0,485655000,0,333781000,20678000,20678000,0.06,0.06,0,-1329000,1525119000,-782555000,741235000,1757188000,139000,41.4,54.7,28.1,-0.1369,-0.011,40.54,1.01,None,0,None,0,0.0803,None,0.07,-0.04,None
2002-06-30,365445155,36544515,0.1,18826917000,None,17234084000,None,1499044000,93789000,0,493943000,0,320445000,32790000,32790000,0.09,0.09,0,166388000,-1281228000,1045698000,-69142000,1015953000,82239000,70.7,95.4,46,-0.3155,-0.0255,41.02,1.88,None,0,None,0,0.0796,None,0.07,2.3,None
2002-03-31,355290580,35529058,0.1,18009890000,None,16604403000,None,1335957000,69530000,0,392281000,0,334259000,-275981000,-275981000,-0.8,-0.8,0,579359000,-448151000,117686000,248894000,1085095000,16514000,101.25,126.4,76.1,-0.3279,-0.0277,37.6,2.29,None,0,None,0,0.0742,None,0.07,15.84,None
2001-12-31,355395553,35539555,0.1,18172414000,None,16531997000,None,1570914000,69503000,0,684426000,0,349821000,21603000,21603000,0.05,0.05,0,-1218095000,-123880000,431487000,-910488000,836201000,6726000,83.45,111,55.9,-0.1467,-0.0131,44.2,2.07,None,0,None,0,0.0864,None,0.07,-34.46,None
2001-09-30,370585687,37058568,0.1,18029510000,None,16480611000,None,1493921000,54978000,0,480334000,0,292160000,-243737000,-243737000,-0.72,-0.72,0,1034507000,255796000,26529000,1316832000,1760175000,26732000,54.45,68.2,40.7,-0.1548,-0.0142,40.31,1.03,68.06,0,None,0,0.0829,None,0.07,27.19,None
2001-06-30,339117637,33911763,0.1,19300171000,None,17469388000,None,1800004000,30779000,0,492227000,0,309835000,-10195000,-10195000,-0.03,-0.03,0,21440000,-917721000,925596000,29315000,185409000,33519000,77.6,102,53.2,0.0131,0.0013,53.08,1.44,59.69,0,0,0,0.0933,0.0175,0.07,-0.36,None
2001-03-31,319290700,31929070,0.1,18415535000,None,16661680000,None,1723092000,30763000,0,456813000,0,331024000,-9203000,-9203000,-0.03,-0.03,0,-92546000,-469387000,505597000,-56336000,156094000,62715000,108.65,153.8,63.5,0.0219,0.0023,53.97,1.96,135.81,0,0,0,0.0936,0.0288,0.08,-4.86,None
2000-12-31,314799628,31479962,0.1,17741110000,None,15964315000,None,1746048000,30747000,0,441984000,0,335413000,1353000,1353000,0,0,0,40911000,-2116796000,2112872000,36987000,212430000,61686000,115.8,165,66.6,0.0138,0.0015,55.47,1.91,193,0,0,0,0.0984,0.0176,0.09,-0.66,None
2000-09-30,306586119,30658611,0.1,17317437000,None,15429073000,None,1856833000,31531000,0,484166000,0,364141000,41442000,41442000,0.14,0.14,0,236142000,-1519715000,1247218000,-36355000,175443000,50107000,168.45,197.5,139.4,0.0102,0.0013,60.56,2.72,None,0,0,0,0.1072,0.014,0.09,6.07,None
2000-06-30,299908164,29990816,0.1,14892597000,None,13002380000,None,1859586000,30631000,0,471895000,0,331315000,5690000,5690000,0.02,0.02,0,-157746000,-1006031000,971535000,-192242000,178894000,54363000,206.9,274.4,139.4,-0.0238,-0.0034,62.01,3.24,None,0,None,0,0.1249,None,0.1,-7.07,None
2000-03-31,291712105,29171210,0.1,15709886000,None,13817187000,None,1862084000,30615000,0,382299000,0,408686000,-23189000,-23189000,-0.08,-0.08,0,-144199000,-1751020000,1969057000,73838000,371136000,46263000,262.85,326.3,199.4,-0.0464,-0.0074,63.83,3.9,None,0,None,0,0.1185,None,0.11,-6.53,None
1999-12-31,289095417,28909541,0.1,11738637000,None,9758400000,None,1949637000,30600000,0,372987000,0,268179000,-4791000,-4791000,-0.02,-0.02,0,-72889000,-908832000,1154218000,172497000,297298000,33716000,306.9,391.9,221.9,-0.0325,-0.0065,67.44,5.29,None,0,None,0,0.1661,None,0.13,-3.69,None
1999-09-30,244433966,24443396,0.1,7908224000,None,6458339000,None,1419301000,30584000,0,17211000,0,293102000,-19977000,-19977000,-0.06,-0.06,0,157661000,-2063810000,1952028000,45879000,124801000,81712000,319.7,426.3,213.1,-0.0508,-0.012,58.06,7.58,None,0,None,0,0.1795,None,0.15,3.11,None
1999-06-30,234548699,23454869,0.1,3832670000,3173140000,2843464000,None,989206000,0,0,0,0,151742000,-24216000,-24216000,-0.1,-0.1,0,-95799000,74022000,1614000,-20163000,29495000,39914000,508.15,722.5,293.8,-0.0607,-0.0181,42.17,12.27,None,0,None,0,0.2581,None,0.16,-5.79,None
1999-03-31,234079656,23407965,0.1,3312892000,2758934000,2343118000,None,969774000,0,0,0,0,126848000,5647000,5647000,0.02,0.02,0,-31621000,37362000,12738000,18479000,49658000,26446000,229.8,332.2,127.4,-0.0306,-0.0093,41.43,7.3,None,0,None,0,0.2927,None,0.16,-2.48,None
1998-12-31,230771984,23077198,0.1,2241518000,2073542000,1514748000,None,726770000,0,0,0,0,88241000,-13546000,-13546000,-0.06,-0.06,0,-5286000,13083000,1492000,9289000,31179000,2877000,93.75,162.5,25,-0.0399,-0.0117,31.49,3.01,535.71,0,None,0,0.3242,None,0.16,-0.35,None
1998-09-30,227834594,22783459,0.1,1969445000,1851369000,1259909000,None,709536000,0,0,0,0,78562000,-19404000,-19404000,-0.09,-0.09,0,-38960000,-364908000,402916000,-952000,21890000,7908000,63.6,88.1,39.1,-0.0046,-0.0012,31.14,3.45,43.86,0,None,0,0.3603,None,0.17,-2.06,None
1998-06-30,40884881,16353952,0.4,1403782000,1342429000,1102080000,None,301702000,0,0,0,0,62316000,6560000,6560000,0.17,0.16,0,-34954000,-11738000,4629000,-42063000,21422000,16929000,59.85,70.3,49.4,0.0794,0.0189,18.45,3.19,46.94,0,0,0,0.2149,0.1074,0.18,-3.17,None
1998-03-31,39284711,15713884,0.4,1322394000,1277801000,1027797000,None,294597000,0,0,0,0,53309000,6118000,6118000,0.16,0.15,0,51414000,2574000,1636000,55624000,63485000,7800000,58.3,69.7,46.9,0.083,0.0186,18.75,3.17,51.82,0,0,0,0.2228,0.1033,0.18,2.78,None
1997-12-31,38949521,15579808,0.4,1177877000,1142296000,891072000,None,286805000,0,0,0,0,51130000,4914000,4914000,0.13,0.12,0,-7584000,-6927000,558000,-13953000,7861000,3128000,81.4,119.4,43.4,0.0912,None,18.41,4.49,81.4,0,0,0,0.2435,0.0981,0.2,-0.69,None
1997-09-30,38806308,15522523,0.4,989903000,957534000,708628000,None,281275000,0,0,0,0,48477000,5523000,5523000,0.15,None,0,35206000,-169595000,138087000,3698000,21814000,3247000,81.21,117.5,44.92,0.1088,None,18.12,12.12,None,0,0,0,0.2841,0.0974,0.23,2.06,None
1997-06-30,31003147,12401258,0.4,719845000,691076000,636788000,636782000,83057000,0,0,0,0,37036000,3068000,3068000,0.09,None,0,-54234000,-4068000,52277000,-6025000,18116000,3685000,44.69,52.5,36.88,None,None,6.7,7.33,None,0,None,0,0.1154,None,None,-4.67,1.0853
1997-03-31,30873347,12349338,0.4,452325000,428732000,376943000,376931000,75382000,0,0,0,0,32201000,3054000,3054000,0.09,None,0,10161000,-299000,865000,10727000,24141000,4599000,45.48,63.13,27.82,None,None,6.1,7.54,None,0,None,0,0.1667,None,None,0.45,1.1374
1996-12-31,29605207,11842082,0.4,363141000,344560000,291678000,291666000,71463000,0,0,0,0,25023000,2260000,2260000,0.07,None,0,-684000,-432000,-111000,-1227000,13414000,937000,26.88,31.25,22.5,None,None,6.03,4.58,None,0,None,0,0.1968,None,None,-0.14,1.1814
1996-09-30,29539147,11815658,0.4,294881000,280575000,225577000,225555000,69304000,0,0,0,0,None,None,None,None,None,0,None,None,None,None,14641000,0,26.96,32.97,20.95,None,None,5.87,None,None,0,None,0,0.235,None,None,None,1.2439
