"Quarter end","Shares","Shares split adjusted","Split factor","Assets","Current Assets","Liabilities","Current Liabilities","Shareholders equity","Non-controlling interest","Preferred equity","Goodwill & intangibles","Long-term debt","Revenue","Earnings","Earnings available for common stockholders","EPS basic","EPS diluted","Dividend per share","Cash from operating activities","Cash from investing activities","Cash from financing activities","Cash change during period","Cash at end of period","Capital expenditures","Price","Price high","Price low","ROE","ROA","Book value of equity per share","P/B ratio","P/E ratio","Cumulative dividends per share","Dividend payout ratio","Long-term debt to equity ratio","Equity to assets ratio","Net margin","Asset turnover","Free cash flow per share","Current ratio"
2019-05-04,172224129,172224129,1,3255353000,950603000,2013602000,649797000,1241751000,0,0,57221000,0,886290000,40752000,40752000,0.24,0.23,0.1375,7719000,10358000,-46639000,-28659000,304671000,36574000,21.95,24.3,19.59,0.2067,0.1169,7.21,2.94,14.93,8.09,0.3344,0,0.3814,0.0641,1.82,-0.17,1.4629
2019-02-02,172584549,172584549,1,1903378000,1046253000,615823000,542645000,1287555000,0,0,58167000,0,1244199000,76168000,76168000,0.43,0.43,0.09,213056000,-58486000,-102368000,53458000,333330000,45206000,20.05,23.1,17,0.2074,0.1403,7.46,2.73,12.94,7.95,0.3378,0,0.6765,0.0649,2.16,0.97,1.9281
2018-11-03,176432192,176432192,1,1981482000,1123468000,686070000,607147000,1295412000,0,0,59062000,0,1003707000,85472000,85472000,0.48,0.48,0.1375,91192000,-82555000,-49251000,-43450000,279872000,42699000,25.3,29.88,20.73,0.2233,0.1516,7.34,3.56,17.69,7.86,0.3433,0,0.6538,0.0696,2.18,0.27,1.8504
2018-08-04,177365947,177365947,1,1850749000,997080000,590172000,508020000,1260577000,0,0,59990000,0,964853000,60333000,60333000,0.34,0.34,0.1375,124407000,-74571000,-16603000,33622000,323322000,54571000,22.84,26.24,19.45,0.2115,0.1433,7.11,3.34,18.88,7.72,0.3641,0,0.6811,0.0649,2.21,0.39,1.9627
2018-05-05,176613476,176613476,1,1730914000,874596000,523533000,434804000,1207381000,0,0,60928000,0,822961000,39929000,39929000,0.23,0.22,0.1375,27990000,-67217000,-84281000,-123913000,289700000,47217000,19.09,22.03,16.14,0.1846,0.1244,6.84,2.72,16.89,7.59,0.4189,0,0.6975,0.0567,2.19,-0.11,2.0115
2018-02-03,177607606,177607606,1,1816313000,968530000,569522000,485221000,1246791000,0,0,61736000,0,1228723000,93958000,93958000,0.53,0.51,0.13,206326000,-36585000,-13925000,156086000,413613000,36585000,16,19.48,12.51,0.1755,0.1177,7.02,2.44,17.39,7.45,0.4384,0,0.6864,0.0538,2.19,0.96,1.9961
2017-10-28,177307946,177307946,1,1801780000,930212000,638581000,552840000,1163199000,0,0,61951000,0,960433000,63733000,63733000,0.36,0.36,0.125,134880000,-48874000,-23916000,64969000,257527000,48874000,12.36,14.49,10.23,0.143,0.0955,6.56,1.95,12.74,7.32,0.5467,0,0.6456,0.045,2.12,0.49,1.6826
2017-07-29,177048991,177048991,1,1686323000,817185000,562024000,471982000,1124299000,0,0,62589000,0,844557000,21236000,21236000,0.12,0.12,0.125,42512000,-46545000,-27341000,-32639000,192558000,46545000,12.57,14.57,10.56,0.1532,0.1022,6.35,1.99,11.64,7.19,0.5127,0,0.6667,0.0485,2.11,-0.02,1.7314
2017-04-29,176975145,176975145,1,1633193000,763672000,515320000,420591000,1117873000,0,0,63234000,0,761836000,25236000,25236000,0.14,0.14,0.125,10708000,-40146000,-123590000,-153416000,225197000,40146000,14.45,15.86,13.04,0.1717,0.1138,6.32,2.19,12.46,7.07,0.4628,0,0.6845,0.0544,2.09,-0.17,1.8157
2017-01-28,182221528,182221528,1,1782660000,901229000,578091000,493783000,1204569000,0,0,64260000,0,1097246000,54621000,54621000,0.31,0.3,0.13,162742000,-54191000,-21552000,86946000,378613000,54191000,16.68,18.91,14.45,0.1866,0.1233,6.61,2.59,13.13,6.94,0.4319,0,0.6757,0.0589,2.09,0.6,1.8252
2016-10-29,181879272,181879272,1,1822540000,936849000,650580000,562879000,1171960000,0,0,67308000,0,940609000,75760000,75760000,0.41,0.41,0.125,101488000,-47258000,-9920000,43733000,291667000,47258000,18.01,19.55,16.47,0.2177,0.1425,6.44,2.98,14.52,6.81,0.3822,0,0.643,0.0662,2.15,0.3,1.6644
2016-07-30,181763310,181763310,1,1693188000,826219000,592791000,498531000,1100397000,0,0,68160000,0,822594000,41592000,41592000,0.23,0.23,0.125,71497000,-36479000,-24478000,8958000,247934000,36479000,15.65,17.99,13.32,0.2144,0.1401,6.05,2.63,13.26,6.69,0.3916,0,0.6499,0.0661,2.12,0.19,1.6573
2016-04-30,180894777,180894777,1,1596296000,729327000,518988000,418486000,1077308000,0,0,68952000,0,749416000,40476000,40476000,0.22,0.22,0.125,29869000,-25094000,-29114000,-21091000,238976000,25094000,14.95,17.13,12.78,0.2039,0.1339,5.96,2.57,13.47,6.56,0.4132,0,0.6749,0.0643,2.08,0.03,1.7428
2016-01-30,180659762,180659762,1,1612246000,723375000,560870000,463682000,1051376000,0,0,69018000,0,1105828000,81706000,81706000,0.42,0.41,0.13,179036000,-42663000,-237124000,-103050000,260067000,42663000,14.94,16.64,13.24,0.1909,0.1259,5.82,2.41,14.65,6.44,0.4432,0,0.6521,0.0619,2.03,0.75,1.5601
2015-10-31,194635687,194635687,1,1887836000,1050347000,678563000,578143000,1209273000,0,0,59734000,0,919072000,74112000,74112000,0.38,0.38,0.125,108561000,-30231000,-42015000,35827000,363116000,30231000,16.52,18.35,14.68,0.17,0.1129,6.21,2.77,23.94,6.31,0.4976,0,0.6406,0.0568,1.99,0.4,1.8168
2015-08-01,195429368,195429368,1,1760209000,922975000,594531000,492144000,1165678000,0,0,60160000,0,797428000,33265000,33265000,0.17,0.17,0.125,60247000,-37786000,-20735000,383000,327290000,37786000,17.02,18.31,15.74,0.1164,0.0771,5.96,2.9,30.95,6.18,0.741,0,0.6622,0.0388,1.98,0.11,1.8754
2015-05-02,195420953,195420953,1,1672760000,859639000,527355000,428788000,1145405000,0,0,60662000,17500000,699520000,29055000,29055000,0.15,0.15,0.125,-12731000,-42821000,-29292000,-83790000,326907000,42821000,15.93,17.9,13.96,0.093,0.0619,5.86,2.73,37.93,6.06,0.9326,0.0153,0.6847,0.0316,1.96,-0.28,2.0048
2015-01-31,195022073,195022073,1,1696908000,890513000,557162000,459093000,1139746000,0,0,60302000,13700000,1071853000,61608000,61608000,0.32,0.32,0.13,204563000,-34648000,-27474000,130252000,410697000,34648000,13.27,14.63,11.91,0.0707,0.0472,5.84,2.3,82.94,5.93,1.2234,0.012,0.6717,0.0245,1.93,0.87,1.9397
2014-11-01,194490669,194490669,1,1772072000,931488000,651825000,546481000,1120247000,0,0,61376000,44600000,854290000,9035000,9035000,0.05,0.05,0.125,105186000,-64398000,-25204000,17817000,280445000,64398000,12.62,14.81,10.42,0.0256,0.0172,5.76,2.16,52.58,5.8,3.3573,0.0398,0.6322,0.009,1.91,0.21,1.7045
2014-08-02,194431536,194431536,1,1680061000,830673000,546214000,439789000,1133847000,0,0,62126000,54700000,710595000,5813000,5813000,0.03,0.03,0.125,33984000,-74565000,-25478000,-65071000,262628000,74565000,11.13,11.97,10.28,0.0389,0.0263,5.83,1.88,35.9,5.68,2.1711,0.0482,0.6749,0.0139,1.9,-0.21,1.8888
2014-05-03,194411830,194411830,1,1651877000,857581000,502719000,395737000,1149158000,0,0,62685000,0,646129000,3866000,3866000,0.02,0.02,0.125,-4344000,-62653000,-25628000,-91234000,327699000,72655000,12.9,14.85,10.95,0.05,0.0338,5.91,2.14,30,5.55,1.6593,0,0.6957,0.018,1.88,-0.4,2.167
2014-02-01,193824031,193824031,1,1694164000,923560000,527986000,415478000,1166178000,0,0,62801000,0,1041707000,10510000,10510000,0.06,0.06,0.13,156632000,-64481000,-22148000,64649000,418933000,66592000,14.64,16.52,12.77,0.0696,0.0475,6.02,2.37,17.43,5.43,0.8844,0,0.6884,0.0251,1.89,0.46,2.2229
2013-11-02,192789779,192789779,1,1840086000,1093863000,647377000,538457000,1192709000,0,0,58219000,0,857305000,24903000,24903000,0.13,0.13,0.125,82710000,-47170000,-24450000,9096000,354284000,94177000,16.61,19.97,13.24,0.1387,0.095,6.19,2.66,15.1,5.3,0.5435,0,0.6482,0.0496,1.91,-0.06,2.0315
2013-08-03,192728223,192728223,1,1780085000,1073982000,576412000,464799000,1203673000,0,0,58472000,0,727313000,19594000,19594000,0.1,0.1,0.125,29198000,-46323000,-20646000,-37987000,345188000,99364000,19.05,20.48,17.62,0.1798,0.1256,6.25,3.04,17.48,5.17,1.7452,0,0.6762,0.0645,1.95,-0.36,2.3106
2013-05-04,192671985,192671985,1,1667044000,1036606000,459919000,347135000,1207125000,0,0,49365000,0,679477000,27976000,27976000,0.14,0.14,0,-38684000,-37391000,-49282000,-125944000,383175000,45952000,20.46,22.55,18.38,0.1698,0.1218,6.27,3.25,17.79,5.05,1.7385,0,0.7241,0.0641,1.9,-0.44,2.9862
2013-02-02,194100506,194100506,1,1756053000,1141800000,534866000,435902000,1221187000,0,0,49620000,0,1106655000,94776000,94776000,0.49,0.47,0.22,284719000,-144827000,-175696000,-35564000,509119000,22883000,19.97,21.45,18.49,0.1702,0.124,6.29,3.08,21.24,5.05,1.7436,0,0.6954,0.0668,1.86,1.35,2.6194
2012-10-27,198027373,198027373,1,1833133000,1197852000,549562000,443498000,1283571000,0,0,49951000,0,910374000,78608000,78608000,0.4,0.39,1.61,156134000,-16943000,-291366000,-151394000,544683000,23267000,21.84,23.8,19.89,0.1335,0.0982,6.48,2.9,26.63,4.83,2.0327,0,0.7002,0.0553,1.78,0.67,2.7009
2012-07-28,196596615,196596615,1,1978882000,1346463000,500468000,385874000,1478414000,0,0,50127000,0,739680000,19027000,19027000,0.1,0.09,0.11,21524000,-21677000,-15736000,-17366000,696077000,23863000,19.41,20.92,17.89,0.113,0.0838,7.52,2.59,23.39,3.22,0.5288,0,0.7471,0.0487,1.72,-0.01,3.4894
2012-04-28,195969496,195969496,1,1916452000,1259981000,445921000,318221000,1470531000,0,0,51100000,0,719093000,39697000,39697000,0.2,0.2,0.11,12678000,-7983000,-11757000,-6102000,713443000,25051000,16,18.43,13.58,0.1157,0.0853,7.5,2.2,20.78,3.11,0.5256,0,0.7673,0.0499,1.71,-0.06,3.9595
2012-01-28,194539858,194539858,1,1950802000,1287488000,533951000,405401000,1416851000,0,0,51301000,0,1042727000,51284000,51284000,0.26,0.26,0.11,287339000,71589000,-19593000,339261000,719545000,3691000,14.3,15.72,12.89,0.1097,0.0803,7.28,2,15.05,3,0.5642,0,0.7263,0.048,1.67,1.46,3.1758
2011-10-29,193746676,193746676,1,1910452000,1205841000,527910000,396549000,1382542000,0,0,51599000,0,831826000,52427000,52427000,0.27,0.27,0.11,36896000,-8605000,-37330000,-9015000,380284000,31485000,11.88,13.6,10.17,0.1372,0.1001,7.14,1.69,13.98,2.89,0.9759,0,0.7237,0.062,1.61,0.03,3.0408
2011-07-30,194901192,194901192,1,1866502000,1155141000,499515000,362492000,1366987000,0,0,51963000,0,675703000,19669000,19669000,0.1,0.1,0.11,-45790000,-17153000,-22114000,-85369000,389299000,28251000,14.1,15.71,12.49,0.1225,0.0898,7.01,2.01,17.63,2.78,1.0899,0,0.7324,0.0571,1.57,-0.38,3.1867
2011-04-30,194871695,194871695,1,1832338000,1101943000,465874000,322947000,1366464000,0,0,52164000,0,609562000,28325000,28325000,0.15,0.14,0.11,-39189000,-133207000,-21689000,-192925000,474668000,70895000,15.32,16.18,14.46,0.115,0.0846,7.01,2.21,21.58,2.67,1.1593,0,0.7457,0.0542,1.56,-0.56,3.4121
2011-01-29,194690703,194690703,1,1879998000,1174410000,528927000,387837000,1351071000,0,0,11472000,0,905097000,87038000,87038000,0.44,0.44,0.61,253020000,-82645000,-133398000,36818000,667593000,18896000,15.59,17.16,14.02,0.0998,0.0739,6.94,2.18,28.35,2.56,1.2964,0,0.7187,0.0474,1.56,1.2,3.0281
2010-10-30,195687722,195687722,1,1909124000,1187997000,507840000,367562000,1401284000,0,0,11395000,0,751507000,33024000,33024000,0.17,0.17,0.11,101254000,123259000,-20726000,205252000,630775000,26019000,14.7,17.36,12.04,0.077,0.0574,7.16,2.09,22.27,1.95,0.7481,0,0.734,0.0372,1.54,0.38,3.2321
2010-07-31,195544821,195544821,1,1849703000,962811000,471713000,331226000,1377990000,0,0,11364000,0,651502000,9663000,9663000,0.05,0.05,0.11,51764000,-384000,-159881000,-109716000,425523000,20267000,14.36,17.13,11.6,0.0929,0.069,7.05,1.96,19.15,1.84,0.6021,0,0.745,0.0459,1.5,0.16,2.9068
2010-05-01,205421259,205421259,1,1975190000,1046004000,468833000,324052000,1506357000,0,0,11413000,0,659453000,10922000,10922000,0.05,0.05,0.1,-24878000,-12621000,-122525000,-158721000,535239000,19077000,17.54,19.34,15.73,0.104,0.0769,7.33,2.32,21.65,1.73,0.5251,0,0.7626,0.052,1.48,-0.21,3.2279
2010-01-30,209044166,209044166,1,2138148000,1167030000,559631000,408955000,1578517000,0,0,11210000,0,971976000,59324000,59324000,0.28,0.28,0.1,241066000,-18721000,-41172000,181357000,693960000,21165000,16.3,18.06,14.54,0.1126,0.0829,7.55,2.22,23.97,1.63,0.4916,0,0.7383,0.0565,1.47,1.05,2.8537
2009-10-31,207772852,207772852,1,2095908000,1094452000,572603000,420997000,1523305000,0,0,11165000,0,748962000,59159000,59159000,0.29,0.28,0.1,64490000,-6610000,-42275000,12340000,512603000,33287000,16.5,19.62,13.37,0.0976,0.0714,7.33,2.33,27.05,1.53,0.5816,0,0.7268,0.0487,1.47,0.15,2.5997
2009-08-01,207375883,207375883,1,2010314000,1031443000,540457000,397082000,1469857000,0,0,11181000,0,657596000,28572000,28572000,0.14,0.14,0.1,95070000,30000,-17470000,81456000,500263000,38092000,14.16,15.53,12.8,0.0884,0.0641,7.09,2.04,18.63,1.43,0.6568,0,0.7312,0.043,1.49,0.27,2.5976
2009-05-02,206785601,206785601,1,1913297000,899360000,479827000,324389000,1433470000,0,0,10831000,0,611986000,21967000,21967000,0.11,0.11,0.1,-14164000,-23768000,-18888000,-54535000,418807000,34875000,12.02,15.6,8.44,0.1116,0.0806,6.93,1.76,13.98,1.33,0.5252,0,0.7492,0.0531,1.52,-0.24,2.7725
2009-01-31,206380486,206380486,1,1963676000,925359000,554645000,401763000,1409031000,0,0,10706000,0,905713000,32731000,32731000,0.16,0.15,0.1,187762000,-28279000,-20821000,140505000,473342000,38669000,9.01,10.91,7.11,0.1287,0.0924,6.83,1.34,6.58,1.23,0.4603,0,0.7175,0.0599,1.54,0.72,2.3032
2008-11-01,206163075,206163075,1,1971419000,907586000,586615000,422614000,1384804000,0,0,10741000,0,754036000,42604000,42604000,0.21,0.21,0.1,75513000,-59896000,-19511000,-20553000,332837000,69180000,13.05,16.69,9.4,0.2088,0.1499,6.72,1.91,8.11,1.13,0.2797,0,0.7024,0.0932,1.61,0.03,2.1476
2008-08-02,205890966,205890966,1,1945324000,859334000,540007000,385715000,1405317000,0,0,11370000,0,688815000,59831000,59831000,0.29,0.29,0.1,90065000,-56880000,-19909000,15152000,353390000,83857000,15.59,19.05,12.13,0.2488,0.1793,6.83,2.35,9.22,1.03,0.2357,0,0.7224,0.112,1.6,0.03,2.2279
2008-05-03,205823268,205823268,1,1868495000,806779000,504025000,350333000,1364470000,0,0,11402000,0,640302000,43895000,43895000,0.21,0.21,0.1,-51147000,223444000,51730000,222177000,338238000,73629000,19.62,23.45,15.79,0.2658,0.193,6.63,3,10.72,0.93,0.2243,0,0.7303,0.1184,1.63,-0.61,2.3029
2008-02-02,204899265,204899265,1,1867680000,1020834000,527216000,376178000,1340464000,0,0,11479000,0,995401000,140479000,140479000,0.67,0.66,0.09,276251000,-50212000,-216115000,11184000,116061000,59871000,20.4,23.94,16.86,0.2895,0.2122,6.54,3.09,11.09,0.83,0.1971,0,0.7177,0.1309,1.62,1.06,2.7137
2007-11-03,213960888,213960888,1,1982823000,1155856000,567899000,403112000,1414924000,0,0,11722000,0,744443000,99426000,99426000,0.46,0.45,0.1,173520000,-112986000,-79222000,-18840000,104877000,70214000,24.38,27.29,21.46,0.2925,0.214,6.61,3.81,13.32,0.74,0.1689,0,0.7136,0.1351,1.58,0.48,2.8673
2007-08-04,214907297,214907297,1,1847515000,1091198000,472677000,313266000,1374838000,0,0,9950000,0,703189000,81344000,81344000,0.37,0.37,0.1,92175000,74741000,-114440000,53926000,123717000,55001000,26.84,30.19,23.5,0.2979,0.2188,6.4,4.21,15.14,0.64,0.1596,0,0.7442,0.1378,1.59,0.17,3.4833
2007-05-05,218759933,218759933,1,1841083000,1070374000,444983000,295259000,1396100000,0,0,9950000,0,612386000,78770000,78770000,0.36,0.35,0.08,-77676000,191118000,-104193000,10054000,69791000,65321000,30.66,33.14,28.18,0.2956,0.2171,6.38,4.76,18,0.54,0.1506,0,0.7583,0.1394,1.56,-0.65,3.6252
2007-02-03,220145869,220145869,1,1987484000,1198254000,570172000,460464000,1417312000,0,0,9950000,0,973365000,150159000,150159000,0.69,0.67,0.04,320885000,-301986000,-78364000,-61479000,59737000,64416000,32.11,34.8,29.43,0.2942,0.2158,6.44,5.37,21.31,0.46,0.1421,0,0.7131,0.1386,1.56,1.16,2.6023
2006-10-28,222960944,222960944,1,1840294000,1208834000,507507000,395038000,1332787000,0,0,9950000,0,696290000,100945000,100945000,0.45,0.44,0.08,100818000,-241305000,-70337000,-210142000,121216000,58374000,26.05,31.5,20.61,0.2755,0.2028,5.98,4.51,18.88,0.42,0.1686,0,0.7242,0.1333,1.52,0.19,3.06
2006-07-29,149095108,223642662,1.5,1736566000,1165695000,443178000,338626000,1293388000,0,0,9950000,0,602326000,72099000,72099000,0.48,0.47,0.11,273310000,-99050000,-10204000,162786000,331358000,71440000,22.09,24.1,20.07,0.2675,0.1986,5.78,4.06,16.82,0.34,0.1624,0,0.7448,0.1286,1.54,0.9,3.4424
2006-04-29,149766117,224649175,1.5,1617258000,1064806000,394159000,294559000,1223099000,0,0,9950000,0,522428000,64156000,64156000,0.43,0.42,0.08,54255000,-8780000,-9856000,38043000,168572000,31709000,19.21,21.85,16.57,0.2644,0.1982,5.44,3.71,15.17,0.27,0.1543,0,0.7563,0.1274,1.56,0.1,3.6149
2006-01-28,148753711,223130566,1.5,1605649000,1080672000,450097000,361623000,1155552000,0,0,9950000,0,764367000,107541000,107541000,0.73,0.71,0.08,None,None,None,-29829000,130529000,21793000,15.46,17.96,12.97,0.2662,0.201,5.18,3.24,12.6,0.21,0.1444,0,0.7197,0.1274,1.58,None,2.9884
2005-10-29,149489887,224234830,1.5,1428583000,916543000,358881000,265193000,1069702000,0,0,10136000,0,577665000,73320000,73320000,0.48,0.47,0.075,95902000,63823000,-148597000,13509000,216047000,21139000,17.98,22.4,13.55,0.2717,0.2072,4.77,3.69,15.37,0.16,0.1118,0,0.7488,0.133,1.56,0.33,3.4561
2005-07-30,155393243,233089864,1.5,1463940000,950591000,327688000,240124000,1136252000,0,0,10136000,0,513320000,58019000,58019000,0.38,0.37,0.075,88529000,-138626000,2106000,-47760000,202538000,21855000,19.87,22.69,17.04,0.2733,0.2103,4.87,4.34,18.8,0.11,0.0931,0,0.7762,0.1304,1.61,0.29,3.9588
2005-04-30,154115811,231173716,1.5,1356623000,847198000,297728000,213576000,1058895000,0,0,10136000,0,454019000,55273000,55273000,0.36,0.35,0.05,26866000,-49320000,11661000,-24763000,250298000,16758000,18.41,20.3,16.52,0.2721,0.2091,4.58,4.39,19.65,0.06,0.0561,0,0.7805,0.1227,1.7,0.04,3.9667
2005-01-29,153243762,229865643,1.5,1293659000,827640000,330173000,253265000,963486000,0,0,10136000,0,614008000,100563000,100563000,0.68,0.65,0.01,None,None,None,115543000,275061000,19379000,15.13,17.14,13.11,0.2666,0.2036,4.19,4.08,22.7,0.03,0.0279,0,0.7448,0.1134,1.8,None,3.2679
2004-10-30,73713366,221140098,3,1057225000,677067000,236782000,214849000,820443000,0,0,10136000,0,503431000,58049000,58049000,0.8,0.77,0.06,94993000,-35264000,-11565000,50402000,273755000,25639000,11.86,13.87,9.85,0.2056,0.1575,3.71,3.55,25.97,0.02,0.0299,0,0.776,0.083,1.9,0.31,3.1514
2004-07-31,73385355,220156065,3,950872000,588518000,214596000,181652000,736276000,0,0,10136000,0,413777000,29624000,29624000,0.41,0.4,0,37058000,-34613000,7791000,10904000,223353000,37278000,9.73,11.03,8.44,0.1502,0.1133,3.34,3.07,27.03,0,0,0,0.7743,0.0606,1.87,-0,3.2398
2004-05-01,71720424,215161272,3,889049000,549894000,207763000,176357000,681286000,0,0,10136000,0,350025000,25107000,25107000,0.35,0.34,0,-2603000,-42194000,6527000,-38875000,212449000,14992000,7.93,9.66,6.19,0.1245,0.0937,3.17,2.64,28.66,0,0,0,0.7663,0.0499,1.88,-0.08,3.1181
2004-01-31,71560285,214680855,3,865071000,525623000,221401000,189035000,643670000,0,0,10136000,0,517255000,35354000,35354000,0.5,0.49,0,152961000,6363000,-1479000,158570000,251324000,9659000,5.62,6.27,4.96,0.0986,0.0742,3,1.97,18.94,0,0,0,0.7441,0.0395,1.88,0.67,2.7806
2003-11-01,71184441,213553323,3,833363000,484614000,224852000,194589000,608511000,0,0,15614000,0,373800000,10139000,10139000,0.14,0.14,0,31885000,-58369000,-576000,-26574000,92754000,20356000,6.16,7.39,4.93,0.1073,0.0817,2.85,2.21,16.5,0,0,0,0.7302,0.0425,1.92,0.05,2.4904
2003-08-02,71125992,213377976,3,773984000,441817000,178154000,153302000,595830000,0,0,23614000,0,337055000,8104000,8104000,0.11,0.11,0,17458000,-3676000,-990000,12373000,119328000,20540000,6.17,7.47,4.86,0.14,0.1067,2.79,2.24,16.1,0,0,0,0.7698,0.0538,1.98,-0.01,2.882
2003-05-03,71068048,213204144,3,760026000,434627000,173980000,152125000,586046000,0,0,23614000,0,291858000,6403000,6403000,0.09,0.09,0,-12835000,-73803000,-1939000,-87571000,106955000,13618000,5.16,5.82,4.5,0.148,0.112,2.75,1.9,12.59,0,0,0,0.7711,0.0558,2.01,-0.12,2.857
2003-02-01,71058137,213174411,3,741339000,427878000,163857000,141586000,577482000,0,0,23614000,0,491554000,38876000,38876000,0.54,0.55,0,88903000,-853000,-9185000,79130000,194526000,11223000,5.5,6.72,4.29,0.1644,0.1237,2.71,2.17,12.99,0,0,0,0.779,0.0606,2.04,0.36,3.022
2002-11-02,71186937,213560811,3,741107000,424232000,201564000,176064000,539543000,0,0,23966000,16663000,374471000,27061000,27061000,0.38,0.37,0,28421000,-10834000,-11443000,6150000,115396000,18059000,4.55,5.68,3.43,0.18,0.1339,2.53,1.87,10.34,0,0,0.0309,0.728,0.0653,2.05,0.05,2.4095
2002-08-03,71783225,215349675,3,701740000,393273000,177719000,153298000,524021000,0,0,23966000,17400000,319223000,10080000,10080000,0.14,0.14,0,12021000,-21020000,-1922000,-10808000,109246000,14443000,6.83,8.61,5.06,0.1953,0.1451,2.43,2.86,14.74,0,0,0.0332,0.7467,0.0684,2.12,-0.01,2.5654
2002-05-04,72146957,216440871,3,684563000,376997000,167064000,144214000,517499000,0,0,23966000,18662000,277893000,12718000,12718000,0.18,0.17,0,-24797000,-35764000,136000,-60344000,120054000,17682000,8.45,9.67,7.23,0.2165,0.1607,2.39,3.64,17.73,0,0,0.0361,0.756,0.0734,2.19,-0.2,2.6141
2002-02-02,72060636,216181908,3,672721000,378030000,170669000,149942000,502052000,0,0,23966000,0,464300000,43902000,43902000,0.61,0.59,0,158090000,-48905000,-1087000,107447000,180398000,17639000,8.81,10.18,7.44,0.2379,0.1743,2.32,4.2,17.39,0,0,0,0.7463,0.0769,2.27,0.65,2.5212
2001-11-03,71879122,215637366,3,627424000,337763000,175520000,153668000,451904000,0,0,0,0,363659000,30742000,30742000,0.43,0.42,0,39654000,-34911000,-7330000,-2546000,72951000,28963000,8.52,11.17,5.86,0.2701,0.1933,2.1,4.32,16.96,0,0,0,0.7203,0.0832,2.32,0.05,2.198
2001-08-04,71972971,215918913,3,570303000,294450000,145171000,121621000,425132000,0,0,24625000,0,292392000,15306000,15306000,0.21,0.21,0,-10406000,-38705000,10727000,-38368000,75497000,44929000,12.53,13.76,11.3,0.2946,0.2095,1.97,6.81,28.12,0,0,0,0.7454,0.0873,2.4,-0.26,2.421
2001-05-05,71472738,214418214,3,550783000,305222000,155772000,131680000,395011000,0,0,26416000,0,251548000,15545000,15545000,0.22,0.21,0,-12448000,-12018000,5291000,-19581000,113865000,27816000,10.79,13.32,8.25,0.2931,0.2067,1.84,6.24,24.9,0,0,0,0.7172,0.0829,2.49,-0.19,2.3179
2001-02-03,70873788,212621364,3,543046000,318661000,175351000,149147000,367695000,0,0,23780000,0,423734000,49147000,49147000,0.71,0.68,0,122840000,-96221000,35447000,62066000,133446000,17075000,10.15,12.86,7.44,0.3129,0.2247,1.73,7.2,27.03,0,0,0,0.6771,0.0857,2.62,0.5,2.1366
2000-10-28,46441050,208984725,4.5,420822000,265700000,125778000,124326000,295044000,0,0,0,0,282767000,29226000,29226000,0.63,0.61,0,54618000,-3860000,336000,51094000,70959000,24124000,5.64,7.97,3.31,0.2985,0.2208,1.41,4.48,16.06,0,0,0,0.7011,0.0856,2.58,0.15,2.1371
2000-07-29,46172049,207774220,4.5,356799000,219683000,94777000,93141000,262022000,0,0,0,0,208977000,2777000,2777000,0.06,0.06,0,4620000,-3374000,-15385000,-14139000,19865000,21917000,3.63,4.61,2.64,0.3005,0.2235,1.26,2.79,8.74,0,0,0,0.7344,0.0859,2.6,-0.08,2.3586
2000-04-29,46644599,209900695,4.5,348512000,226573000,74883000,73266000,273629000,0,0,0,0,177999000,12608000,12608000,0.27,0.26,0,-31487000,-5994000,-5096000,-42577000,34004000,24709000,6.1,8.43,3.78,0.3815,0.2839,1.3,4.88,14.76,0,0,0,0.7851,0.1053,2.7,-0.27,3.0925
2000-01-29,47010494,211547223,4.5,354628000,262562000,90127000,88425000,264501000,0,0,0,0,285425000,37131000,37131000,0.81,0.76,0,63651000,-39428000,330000,24553000,76581000,10734000,9.36,11.03,7.68,0.4257,0.3124,1.25,8.83,26.08,0,0,0,0.7459,0.109,2.87,0.25,2.9693
1999-10-30,46658087,209961391,4.5,315503000,229710000,92655000,92655000,222848000,0,0,0,0,222693000,24337000,24337000,0.52,0.5,0,58086000,-55280000,123000,2929000,52028000,14112000,10.04,12.81,7.26,0.4247,0.3084,1.06,10.91,32.16,0,0,0,0.7063,0.1032,2.99,0.21,2.4792
1999-07-31,46614462,209765079,4.5,263682000,187135000,70282000,70282000,193400000,0,0,0,0,178582000,16949000,16949000,0.36,0.35,0,13323000,-28309000,917000,-14069000,49099000,11278000,9.96,11.49,8.42,0.4252,0.3032,0.92,12.15,35.71,0,0,0,0.7335,0.099,3.06,0.01,2.6626
1999-05-01,46518367,209332651,4.5,226947000,162980000,55818000,55818000,171129000,0,0,0,0,145404000,12243000,12243000,0.27,0.25,0,-2148000,-7930000,1306000,-8772000,63168000,9432000,8.36,9.75,6.96,0.4363,0.3056,0.82,11.45,33.44,0,0,0,0.754,0.0956,3.2,-0.06,2.9198
1999-01-30,23162456,208462104,9,210948000,154504000,59751000,59751000,151197000,0,0,0,0,213107000,24889000,24889000,1.1,1.03,0,44047000,-17065000,913000,27895000,71940000,3711000,6.23,7.6,4.86,0.4483,0.3026,0.73,10.56,29.72,0,0,0,0.7168,0.0921,3.29,0.19,2.5858
1998-10-31,23136417,208227753,9,194999000,139040000,71499000,71499000,123500000,0,0,0,0,149068000,13871000,13871000,0.61,0.58,0,17050000,-8993000,-278000,7779000,44045000,8993000,4.61,6.07,3.14,0.4259,0.2772,0.59,8.7,26.3,0,0,0,0.6333,0.0852,3.25,0.04,1.9446
1998-08-01,22841925,205577325,9,159720000,109824000,50324000,50324000,109396000,0,0,0,0,125731000,9553000,9553000,0.42,0.4,0,-2072000,-6657000,721000,-8008000,36266000,6657000,4.81,5.94,3.68,0.4016,0.254,0.53,10.02,35.29,0,0,0,0.6849,0.0773,3.29,-0.04,2.1823
1998-05-02,23016742,207150678,9,149785000,None,50976000,None,98809000,0,0,0,0,99694000,5805000,5805000,0.26,0.24,0,796000,-5558000,677000,-4085000,44274000,5558000,3.17,4.62,1.72,0.3512,0.2167,0.48,7.04,34.51,0,0,0,0.6597,0.0652,3.33,-0.02,None
1998-01-31,15076033,203526445,13.5,144795000,102473000,53987000,53987000,90808000,0,0,0,0,153700000,15760000,15760000,1.15,1,0,36907000,-2461000,1286000,35732000,48359000,2515000,1.73,2,1.46,0.2615,0.1613,0.45,4.68,34.35,0,0,0,0.6271,0.0482,3.35,0.17,1.8981
1997-11-01,9929150,201065287,20.25,134570000,93503000,61144000,61144000,73426000,0,0,0,0,104902000,6276000,6276000,0.61,0.61,0,11207000,-3016000,50000,8241000,12627000,3016000,1.1,1.43,0.77,0.1462,0.0907,0.37,3.33,35.93,0,0,0,0.5456,0.0272,3.33,0.04,1.5292
1997-08-02,9925750,200996437,20.25,105410000,65353000,38596000,38596000,66814000,0,0,0,0,86159000,1120000,1120000,0.11,0.11,0,-5713000,-4170000,8000,-9875000,4386000,3270000,0.67,0.83,0.5,0.0899,None,0.33,1.97,24.67,0,0,0,0.6338,0.0174,3.24,-0.04,1.6933
1997-05-03,9923550,200951887,20.25,99730000,60614000,31905000,31905000,67825000,0,0,0,0,60952000,-3619000,-3619000,-0.36,-0.36,0,-16233000,-3845000,13000,-20065000,14261000,3845000,0.51,0.62,0.4,0.0799,None,0.34,1.46,16.93,0,0,0,0.6801,0.0159,3.15,-0.1,1.8998
1997-02-01,9917950,200838487,20.25,110438000,73760000,39382000,39382000,71056000,0,0,0,0,122905000,6425000,6425000,0.66,0.66,0,28323000,-2958000,43000,25408000,34326000,5264000,0.77,1.18,0.37,None,None,0.35,2.41,None,0,0,0,0.6434,None,None,0.11,1.8729
1996-11-02,9905950,200595487,20.25,115594000,80136000,51031000,51031000,64563000,0,0,0,0,78846000,2145000,2145000,0.21,0.21,0,-4874000,-2889000,354000,-7409000,8918000,2889000,1.09,1.44,0.74,None,None,0.32,3.52,None,0,None,0,0.5585,None,None,-0.04,1.5703
1996-08-03,9885400,200179350,20.25,97360000,62863000,35765000,35765000,61595000,0,0,0,0,70257000,346000,346000,0.04,0.04,0,-638000,-920000,28000,-1530000,16327000,920000,0.8,0.96,0.64,None,None,0.31,2.58,None,0,None,0,0.6327,None,None,-0.01,1.7577
1996-05-04,9875000,199968750,20.25,87901000,52701000,26891000,26891000,61010000,0,0,0,0,54396000,-2991000,-2991000,-0.3,-0.3,0,-4230000,2101000,0,-2129000,17857000,1467000,0.52,0.71,0.32,None,None,0.31,None,None,0,None,0,0.6941,None,None,-0.03,1.9598
