"Quarter end","Shares","Shares split adjusted","Split factor","Assets","Current Assets","Liabilities","Current Liabilities","Shareholders equity","Non-controlling interest","Preferred equity","Goodwill & intangibles","Long-term debt","Revenue","Earnings","Earnings available for common stockholders","EPS basic","EPS diluted","Dividend per share","Cash from operating activities","Cash from investing activities","Cash from financing activities","Cash change during period","Cash at end of period","Capital expenditures","Price","Price high","Price low","ROE","ROA","Book value of equity per share","P/B ratio","P/E ratio","Cumulative dividends per share","Dividend payout ratio","Long-term debt to equity ratio","Equity to assets ratio","Net margin","Asset turnover","Free cash flow per share","Current ratio"
2019-05-03,782916484,782916484,1,43219000000,19335000000,39983000000,17781000000,3236000000,0,0,303000000,16542000000,17741000000,1046000000,1043000000,1.31,1.31,0.48,2137000000,-131000000,446000000,2462000000,2973000000,181000000,107.08,118.23,95.93,0.524,0.0626,4.13,23.38,38.11,11.14,0.6475,5.1119,0.0749,0.033,1.89,2.5,1.0874
2019-02-01,795922717,795922717,1,34508000000,14228000000,30864000000,14497000000,3644000000,0,0,303000000,14391000000,15646000000,-823000000,-821000000,-1.02,-1.02,0.48,-605000000,-292000000,-203000000,-1103000000,511000000,302000000,92.72,100.69,84.75,0.4487,0.0632,4.58,13.8,20.65,10.66,0.6459,3.9492,0.1056,0.0324,1.95,-1.14,0.9814
2018-11-02,802957007,802957007,1,36713000000,15138000000,31319000000,15069000000,5394000000,0,0,1272000000,14460000000,17415000000,629000000,628000000,0.78,0.78,0.48,1011000000,-308000000,-1284000000,-583000000,1668000000,283000000,104.66,117.7,91.61,0.646,0.1002,6.72,14.64,21.99,10.18,0.393,2.6808,0.1469,0.0517,1.93,0.91,1.0046
2018-08-03,808275229,808275229,1,37105000000,15483000000,31324000000,14581000000,5781000000,0,0,1271000000,14937000000,20888000000,1520000000,1515000000,1.86,1.86,0.48,2358000000,-244000000,-1422000000,686000000,2251000000,294000000,92.49,101.98,83,0.6781,0.1067,7.15,13.14,20.19,9.7,0.3572,2.5838,0.1558,0.0556,1.91,2.55,1.0619
2018-05-04,816153978,816153978,1,38237000000,16033000000,32492000000,15774000000,5745000000,0,0,1288000000,14948000000,17360000000,988000000,985000000,1.19,1.19,0.41,3429000000,-236000000,-2215000000,977000000,1565000000,219000000,92.13,103.11,81.16,0.6675,0.1043,7.04,12.96,22.53,9.22,0.3546,2.6019,0.1502,0.0553,1.88,3.93,1.0164
2018-02-02,825766281,825766281,1,35291000000,12772000000,29418000000,12096000000,5873000000,0,0,1307000000,15564000000,15494000000,554000000,553000000,0.66,0.66,0.41,-307000000,-369000000,523000000,-155000000,588000000,312000000,93.06,108.98,77.14,0.6059,0.0942,7.11,13.45,22.32,8.81,0.3829,2.6501,0.1664,0.0501,1.88,-0.75,1.0559
2017-11-03,829760597,829760597,1,36783000000,14009000000,31041000000,13738000000,5742000000,0,0,1327000000,15570000000,16770000000,872000000,870000000,1.05,1.05,0.41,298000000,-276000000,-978000000,-953000000,743000000,300000000,76.75,82.74,70.76,0.607,0.0978,6.92,11.54,21.62,8.4,0.3621,2.7116,0.1561,0.0512,1.89,-0,1.0197
2017-08-04,832812179,832812179,1,36668000000,14033000000,31132000000,13625000000,5536000000,0,0,1255000000,15788000000,19495000000,1419000000,1413000000,1.68,1.68,0.41,1779000000,-505000000,-1547000000,-267000000,1696000000,270000000,78.91,86.25,71.58,0.5034,0.085,6.65,12.05,24.81,7.99,0.4093,2.8519,0.151,0.0447,1.88,1.81,1.0299
2017-05-05,844226444,844226444,1,37613000000,15276000000,32082000000,14686000000,5531000000,0,0,1081000000,15770000000,16860000000,602000000,600000000,0.7,0.7,0.35,3295000000,-291000000,-1605000000,1405000000,1963000000,196000000,79.06,86,72.11,0.4368,0.0781,6.55,10.54,22.85,7.58,0.4335,2.8512,0.1471,0.0417,1.85,3.67,1.0402
2017-02-03,857332918,857332918,1,34408000000,12000000000,27974000000,11974000000,6434000000,0,0,1082000000,14394000000,15784000000,662000000,644000000,0.74,0.74,0.35,348000000,-309000000,-436000000,-402000000,558000000,338000000,70.67,76.47,64.87,0.451,0.0862,7.5,9.31,25.89,7.23,0.3784,2.2372,0.187,0.0471,1.81,0.01,1.0022
2016-10-28,869847152,869847152,1,35370000000,12728000000,28662000000,12633000000,6599000000,109000000,0,1034000000,14395000000,15739000000,378000000,376000000,0.43,0.43,0.35,641000000,-118000000,-1546000000,-1028000000,960000000,319000000,74.69,82.68,66.71,0.3422,0.0696,7.59,9.45,24.09,6.88,0.4572,2.1814,0.1866,0.0389,1.78,0.37,1.0075
2016-07-29,874659454,874659454,1,36471000000,13351000000,29449000000,13183000000,6913000000,109000000,0,1074000000,14618000000,18260000000,1167000000,1162000000,1.32,1.31,0.35,1408000000,-2585000000,-1394000000,-2573000000,1988000000,276000000,79.11,83.65,74.56,0.3694,0.0808,7.9,9.72,26.46,6.53,0.3812,2.1146,0.1895,0.0456,1.76,1.29,1.0127
2016-04-29,886104716,886104716,1,37177000000,16473000000,29965000000,14121000000,7212000000,0,0,0,14322000000,15234000000,884000000,880000000,0.98,0.98,0.28,3220000000,-349000000,1284000000,4156000000,4561000000,197000000,70.13,77.63,62.62,0.3437,0.0818,8.14,8.22,25.88,6.18,0.3698,1.9859,0.194,0.0456,1.79,3.41,1.1666
2016-01-29,897438629,897438629,1,31266000000,10561000000,23612000000,10492000000,7654000000,0,0,0,11545000000,13237000000,11000000,10000000,0.02,0.01,0.28,238000000,-357000000,-703000000,-822000000,405000000,347000000,72.53,78.13,66.93,0.2964,0.0771,8.53,7.92,22.95,5.9,0.3872,1.5084,0.2448,0.0429,1.79,-0.12,1.0066
2015-10-30,915104607,915104607,1,33655000000,12395000000,25277000000,12162000000,8378000000,0,0,0,11541000000,14360000000,736000000,733000000,0.8,0.8,0.28,382000000,-250000000,198000000,326000000,1227000000,243000000,69.5,74.78,64.22,0.3258,0.09,9.16,7.4,23.56,5.62,0.319,1.3775,0.2489,0.0509,1.76,0.15,1.0192
2015-07-31,925232550,925232550,1,32745000000,11366000000,24058000000,12141000000,8687000000,0,0,0,10345000000,17348000000,1126000000,1121000000,1.2,1.2,0.28,1686000000,-495000000,-1718000000,-533000000,901000000,321000000,69.88,73.93,65.83,0.2906,0.0852,9.39,6.88,25.05,5.34,0.3246,1.1909,0.2653,0.0489,1.73,1.48,0.9362
2015-05-01,932685656,932685656,1,34422000000,12791000000,24945000000,12970000000,9477000000,0,0,0,10334000000,14129000000,673000000,670000000,0.7,0.7,0.23,2478000000,-241000000,-1270000000,968000000,1434000000,229000000,71.21,76.25,66.17,0.2647,0.0824,10.16,6.8,26.37,5.06,0.3226,1.0904,0.2753,0.0481,1.71,2.41,0.9862
2015-01-30,951704640,951704640,1,31827000000,10080000000,21859000000,9348000000,9968000000,0,0,0,10815000000,12540000000,450000000,450000000,0.46,0.46,0.23,245000000,-201000000,-1137000000,-1096000000,466000000,285000000,63.94,71.11,56.76,0.2483,0.081,10.47,5.8,25.27,4.83,0.3151,1.085,0.3132,0.0479,1.69,-0.04,1.0783
2014-10-31,972908668,972908668,1,34032000000,12130000000,23302000000,10804000000,10730000000,0,0,0,10806000000,13681000000,585000000,582000000,0.59,0.59,0.23,761000000,-362000000,127000000,523000000,1562000000,183000000,52.47,57.41,47.52,0.2252,0.0762,11.03,4.61,21.77,4.6,0.319,1.0071,0.3153,0.0461,1.65,0.59,1.1227
2014-08-01,987110345,987110345,1,33137000000,11075000000,21897000000,10013000000,11240000000,0,0,0,10063000000,16599000000,1039000000,1039000000,1.04,1.04,0.23,1929000000,-245000000,-1304000000,381000000,1039000000,182000000,46.34,48.54,44.13,0.209,0.0736,11.39,4.03,20.6,4.37,0.3153,0.8953,0.3392,0.0452,1.63,1.77,1.1061
2014-05-02,997316166,997316166,1,34229000000,11952000000,22747000000,10814000000,11482000000,0,0,0,10080000000,13403000000,624000000,624000000,0.61,0.61,0.18,1994000000,-280000000,-1447000000,267000000,658000000,178000000,47.87,51.28,44.45,0.1933,0.0705,11.51,4.12,22.47,4.14,0.3124,0.8779,0.3354,0.0441,1.6,1.82,1.1052
2014-01-31,1018776409,1018776409,1,32732000000,10296000000,20879000000,8876000000,11853000000,0,0,0,10086000000,11661000000,306000000,306000000,0.29,0.29,0.18,252000000,-263000000,-696000000,-710000000,391000000,317000000,48.85,52.08,45.62,0.1799,0.0678,11.63,4.04,23.26,3.96,0.3204,0.8509,0.3621,0.0428,1.58,-0.06,1.16
2013-11-01,1045828749,1045828749,1,34077000000,11365000000,21426000000,9403000000,12651000000,0,0,0,10090000000,12957000000,499000000,499000000,0.47,0.47,0.18,503000000,-505000000,20000000,16000000,1101000000,219000000,47.13,50.74,43.52,0.1718,0.0673,12.1,3.79,23.8,3.78,0.3188,0.7976,0.3712,0.043,1.57,0.27,1.2087
2013-08-02,1051788452,1051788452,1,33408000000,10913000000,20346000000,9340000000,13062000000,0,0,0,9015000000,15711000000,941000000,941000000,0.88,0.88,0.18,1364000000,-255000000,-1103000000,4000000,1085000000,139000000,42.08,45.3,38.87,0.1593,0.0643,12.42,3.4,24.18,3.6,0.3301,0.6902,0.391,0.0417,1.54,1.16,1.1684
2013-05-03,1072416632,1072416632,1,34731000000,12014000000,21479000000,10439000000,13252000000,0,0,0,9026000000,13088000000,540000000,540000000,0.49,0.49,0.16,1992000000,-263000000,-1190000000,540000000,1081000000,190000000,37.92,39.98,35.86,0.1405,0.0578,12.36,2.98,22.57,3.42,0.3591,0.6811,0.3816,0.0391,1.48,1.68,1.1509
2013-02-01,1088511808,1088511808,1,32666000000,9784000000,18809000000,7708000000,13857000000,0,0,0,9030000000,11046000000,289000000,289000000,0.26,0.26,0.16,254000000,-120000000,-683000000,-550000000,541000000,239000000,35.24,39.26,31.23,0.1349,0.0564,12.73,2.79,20.98,3.26,0.358,0.6517,0.4242,0.0388,1.46,0.01,1.2693
2012-11-02,1124677129,1124677129,1,33953000000,10830000000,19728000000,8614000000,14225000000,0,0,0,9004000000,12073000000,396000000,396000000,0.35,0.35,0.16,712000000,249000000,-1584000000,-619000000,1091000000,269000000,29.48,33.63,25.34,0.1312,0.057,12.65,2.27,19.52,3.1,0.3487,0.633,0.419,0.039,1.46,0.39,1.2573
2012-08-03,1140565085,1140565085,1,35032000000,11599000000,20208000000,9022000000,14824000000,0,0,0,9008000000,14249000000,747000000,747000000,0.64,0.64,0.16,329000000,-562000000,-1126000000,-1362000000,1710000000,265000000,28.07,31.37,24.76,0.115,0.0522,13,2.17,18.59,2.94,0.3789,0.6077,0.4232,0.0358,1.46,0.06,1.2856
2012-05-04,1176721190,1176721190,1,37208000000,13628000000,22005000000,10996000000,15203000000,0,0,0,9018000000,13153000000,527000000,527000000,0.43,0.43,0.14,2467000000,-470000000,60000000,2058000000,3072000000,308000000,29.43,32.29,26.58,0.1166,0.0549,12.92,2.13,20.73,2.78,0.3593,0.5932,0.4086,0.0372,1.48,1.83,1.2394
2012-02-03,1198910882,1198910882,1,33559000000,10072000000,17026000000,7891000000,16533000000,0,0,0,7035000000,11628000000,323000000,323000000,0.24,0.26,0.14,457000000,-454000000,337000000,339000000,1014000000,539000000,23.95,27.57,20.34,0.1088,0.0536,13.79,1.78,17.61,2.64,0.3605,0.4255,0.4927,0.0366,1.46,-0.07,1.2764
2011-10-28,1252560892,1252560892,1,33866000000,10423000000,17057000000,9156000000,16809000000,0,0,0,6025000000,11852000000,225000000,225000000,0.18,0.18,0.14,599000000,-289000000,-199000000,107000000,675000000,478000000,20.27,22.48,18.07,0.1042,0.0524,13.42,1.52,13.79,2.5,0.3554,0.3584,0.4963,0.0367,1.43,0.1,1.1384
2011-07-29,1260527156,1260527156,1,34045000000,10168000000,17266000000,8677000000,16779000000,0,0,0,6581000000,14543000000,830000000,830000000,0.65,0.64,0.14,870000000,-283000000,-1516000000,-928000000,568000000,452000000,23.95,26.6,21.31,0.1112,0.0574,13.31,1.79,16.99,2.36,0.3114,0.3922,0.4928,0.0406,1.41,0.33,1.1718
2011-04-29,1302069836,1302069836,1,35884000000,11973000000,18425000000,9921000000,17459000000,0,0,0,6538000000,12185000000,461000000,461000000,0.35,0.34,0.11,2423000000,-411000000,-1171000000,844000000,1496000000,308000000,25.79,27.45,24.13,0.1076,0.0572,13.41,1.88,18.29,2.22,0.2999,0.3745,0.4865,0.0408,1.4,1.62,1.2068
2011-01-28,1318320422,1318320422,1,33699000000,9967000000,15587000000,7119000000,18112000000,0,0,0,6537000000,10479000000,285000000,285000000,0.2,0.2,0.11,19000000,-316000000,-130000000,-426000000,652000000,316000000,23.69,26.29,21.09,0.1069,0.0574,13.74,1.73,17.42,2.11,0.2885,0.3609,0.5375,0.0412,1.39,-0.23,1.4001
2010-10-29,1380003909,1380003909,1,34341000000,10701000000,15449000000,8008000000,18892000000,0,0,0,5539000000,11587000000,404000000,404000000,0.29,0.29,0.11,1051000000,-400000000,-765000000,-113000000,1078000000,385000000,21.13,22.91,19.35,0.1013,0.0554,13.69,1.54,16.25,2,0.2927,0.2932,0.5501,0.0398,1.39,0.48,1.3363
2010-07-30,1403275853,1403275853,1,34633000000,11121000000,15420000000,7993000000,19213000000,0,0,0,5533000000,14361000000,832000000,832000000,0.58,0.58,0.11,46000000,-384000000,-1147000000,-1486000000,1191000000,325000000,23.79,27.93,19.64,0.0974,0.0536,13.69,1.79,19.34,1.89,0.2918,0.288,0.5548,0.0387,1.39,-0.2,1.3913
2010-04-30,1429199463,1429199463,1,37414000000,13695000000,18395000000,10881000000,19019000000,0,0,0,5531000000,12388000000,489000000,489000000,0.34,0.34,0.09,2736000000,-1084000000,391000000,2045000000,2677000000,278000000,24.91,28.54,21.29,0.0937,0.0517,13.31,1.89,20.59,1.78,0.2918,0.2908,0.5083,0.0376,1.37,1.72,1.2586
2010-01-29,1443389268,1443389268,1,33005000000,9732000000,13936000000,7355000000,19069000000,0,0,0,4528000000,10169000000,204000000,204000000,0.15,0.15,0.09,-313000000,240000000,-439000000,-509000000,632000000,384000000,21.82,24.5,19.15,0.0937,0.0525,13.21,1.65,18.81,1.69,0.2921,0.2375,0.5778,0.0378,1.39,-0.48,1.3232
2009-10-30,1472032172,1472032172,1,34409000000,10492000000,14990000000,8977000000,19419000000,0,0,0,4524000000,11375000000,344000000,344000000,0.23,0.23,0.09,651000000,-458000000,-144000000,54000000,1141000000,388000000,21.77,24.09,19.46,0.0927,0.0514,13.19,1.68,17.28,1.6,0.3008,0.233,0.5644,0.037,1.39,0.18,1.1688
2009-07-31,1477558822,1477558822,1,34182000000,10093000000,15006000000,8944000000,19176000000,0,0,0,4515000000,13844000000,759000000,759000000,0.51,0.51,0.09,1371000000,-880000000,-99000000,405000000,1087000000,448000000,20.35,22.68,18.02,0.1024,0.0562,12.98,1.63,14.64,1.51,0.2738,0.2355,0.561,0.0398,1.41,0.62,1.1285
2009-05-01,1476524035,1476524035,1,34209000000,10602000000,15772000000,9204000000,18437000000,0,0,0,5023000000,11832000000,476000000,476000000,0.32,0.32,0.085,2345000000,-788000000,-1119000000,437000000,682000000,561000000,17.55,22.09,13,0.1147,0.0623,12.49,1.43,11.86,1.42,0.246,0.2724,0.539,0.043,1.45,1.21,1.1519
2009-01-30,1474239704,1474239704,1,32686000000,9251000000,14631000000,8022000000,18055000000,0,0,0,5039000000,9984000000,162000000,162000000,0.13,0.1,0.09,-236000000,-486000000,638000000,-84000000,245000000,724000000,19.79,23.73,15.85,0.1252,0.0671,12.25,1.62,12.14,1.34,0.2275,0.2791,0.5524,0.0455,1.47,-0.65,1.1532
2008-10-31,1469449361,1469449361,1,33029000000,9521000000,15072000000,8431000000,17957000000,0,0,0,5044000000,11728000000,488000000,488000000,0.33,0.33,0.085,490000000,-678000000,33000000,-155000000,322000000,913000000,22.13,28.49,15.76,0.1432,0.0756,12.22,1.85,12.79,1.25,0.1981,0.2809,0.5437,0.0502,1.51,-0.29,1.1293
2008-08-01,1465680775,1465680775,1,32549000000,9304000000,15043000000,8528000000,17506000000,0,0,0,5050000000,14509000000,938000000,938000000,0.64,0.64,0.085,1330000000,-1182000000,-584000000,-436000000,477000000,795000000,22.09,26.18,18,0.1567,0.0822,11.94,1.95,12.55,1.16,0.1832,0.2885,0.5378,0.0536,1.54,0.37,1.091
2008-05-02,1463769822,1463769822,1,32654000000,10158000000,16035000000,8973000000,16619000000,0,0,0,5576000000,12009000000,607000000,607000000,0.42,0.41,0.08,2538000000,-880000000,-1026000000,632000000,913000000,805000000,23.71,27.18,20.25,0.1654,0.0868,11.35,2.15,12.96,1.08,0.1753,0.3355,0.5089,0.0556,1.56,1.18,1.1321
2008-02-01,1461815744,1461815744,1,30869000000,8686000000,14771000000,7751000000,16098000000,0,0,0,5576000000,10379000000,408000000,408000000,0.29,0.25,0.08,562000000,-1274000000,657000000,-55000000,281000000,1098000000,23.41,26.87,19.94,0.176,0.0931,11.01,2.13,12.07,1,0.1522,0.3464,0.5215,0.0582,1.6,-0.37,1.1206
2007-11-02,1462603002,1462603002,1,30189000000,8776000000,14135000000,7192000000,16054000000,0,0,0,5580000000,11565000000,643000000,643000000,0.44,0.43,0.08,707000000,-797000000,89000000,-1000000,336000000,1214000000,29.12,32.53,25.71,0.1899,0.1025,10.98,2.7,14.78,0.92,0.1281,0.3476,0.5318,0.0624,1.64,-0.35,1.2202
2007-08-03,1478600654,1478600654,1,29644000000,8851000000,13675000000,8040000000,15969000000,0,0,0,4301000000,14167000000,1019000000,1019000000,0.68,0.67,0.08,939000000,-967000000,-264000000,-292000000,337000000,991000000,30.28,33.19,27.38,0.1975,0.1078,10.8,2.9,15.94,0.84,0.1118,0.2693,0.5387,0.0644,1.67,-0.04,1.1009
2007-05-04,1505036108,1505036108,1,29969000000,10057000000,14243000000,8621000000,15726000000,0,0,0,4306000000,12172000000,739000000,739000000,0.49,0.48,0.05,2139000000,-1085000000,-789000000,265000000,629000000,707000000,32.8,35.74,29.87,0.1955,0.1083,10.45,3.15,16.82,0.76,0.101,0.2738,0.5247,0.0637,1.7,0.95,1.1666
2007-02-02,1510309351,1510309351,1,27767000000,8314000000,12042000000,6539000000,15725000000,0,0,0,4325000000,10406000000,613000000,613000000,0.4,0.36,0.05,859000000,-1171000000,19000000,-293000000,364000000,1192000000,31.62,34.65,28.59,0.2059,0.115,10.41,3.19,16.05,0.71,0.0884,0.275,0.5663,0.0662,1.74,-0.22,1.2714
2006-11-03,1522786382,1522786382,1,27173000000,8622000000,12087000000,6714000000,15086000000,0,0,0,4337000000,11211000000,716000000,716000000,0.47,0.46,0.05,1039000000,-1111000000,413000000,341000000,657000000,1168000000,28.85,31.55,26.15,0.216,0.1213,9.91,2.96,15.07,0.66,0.0772,0.2875,0.5552,0.0672,1.81,-0.08,1.2842
2006-08-04,1527926339,1527926339,1,26037000000,8328000000,11117000000,6662000000,14920000000,0,0,0,3410000000,13389000000,935000000,935000000,0.61,0.6,0.05,494000000,-658000000,-660000000,-824000000,316000000,824000000,29.88,32.85,26.9,0.2169,0.1211,9.76,3.18,16.24,0.61,0.0695,0.2286,0.573,0.0666,1.82,-0.22,1.2501
2006-05-05,775378752,1550757504,2,27028000000,9788000000,12447000000,7980000000,14581000000,0,0,0,3446000000,11921000000,841000000,841000000,1.08,1.06,0.06,2110000000,-775000000,-618000000,717000000,1140000000,732000000,32.7,34.83,30.58,0.2171,0.1207,9.4,3.55,19.46,0.56,0.0619,0.2363,0.5395,0.0667,1.81,0.89,1.2266
2006-02-03,1551613794,1551613794,1,24639000000,7788000000,10343000000,5832000000,14296000000,0,0,0,3499000000,10809000000,688000000,688000000,0.45,0.38,0.03,482000000,-670000000,-834000000,-1022000000,423000000,1102000000,32.34,34.85,29.83,0.2087,0.1155,9.21,3.72,20.66,0.53,0.0619,0.2448,0.5802,0.0639,1.81,-0.4,1.3354
2005-10-28,781918679,1563837358,2,25109000000,9198000000,11508000000,6724000000,13601000000,0,0,0,3749000000,10592000000,649000000,649000000,0.83,0.81,0.06,1134000000,-1462000000,773000000,445000000,1445000000,912000000,31.7,34.48,28.92,0.2048,0.1114,8.7,3.78,21.28,0.5,0.0605,0.2756,0.5417,0.0628,1.77,0.14,1.3679
2005-07-29,779660336,1559320672,2,23137000000,7967000000,10052000000,6299000000,13085000000,0,0,0,2810000000,11929000000,838000000,838000000,1.08,1.05,0.06,1029000000,-753000000,-75000000,201000000,1112000000,741000000,29.73,33.51,25.94,0.2049,0.1114,8.39,3.82,21.09,0.47,0.0571,0.2147,0.5655,0.062,1.8,0.18,1.2648
2005-04-29,772468057,1544936114,2,22913000000,8250000000,10897000000,6929000000,12016000000,0,0,0,3058000000,9913000000,590000000,590000000,0.76,0.74,0.04,1197000000,-789000000,-139000000,269000000,911000000,624000000,27.67,29.99,25.36,0.2046,0.1096,7.78,3.71,20.88,0.44,0.0535,0.2545,0.5244,0.0613,1.79,0.37,1.1906
2005-01-28,774421813,1548843626,2,21209000000,6974000000,9674000000,5719000000,11535000000,0,0,0,3060000000,8550000000,495000000,495000000,0.63,0.53,0.04,920000000,-231000000,7000000,696000000,642000000,811000000,28.89,30.27,27.52,0.1993,0.1058,7.45,4.03,22.48,0.42,0.0534,0.2653,0.5439,0.0597,1.77,0.07,1.2194
2004-10-29,772760600,1545521200,2,20512000000,6753000000,9427000000,4909000000,11085000000,0,0,0,3661000000,9064000000,522000000,522000000,0.68,0.66,0.04,357000000,-702000000,-16000000,-361000000,479000000,746000000,25.91,28.88,22.95,0.1968,0.1043,7.17,3.79,20.98,0.4,0.0521,0.3303,0.5404,0.0599,1.74,-0.25,1.3756
2004-07-30,771846871,1543693742,2,19732000000,6502000000,9185000000,4733000000,10547000000,0,0,0,3664000000,10169000000,704000000,704000000,0.91,0.89,0.04,530000000,-796000000,-742000000,-1008000000,840000000,785000000,25.96,28.08,23.84,0.1958,0.1032,6.83,3.85,22.28,0.38,0.0503,0.3474,0.5345,0.0599,1.72,-0.17,1.3738
2004-04-30,779633865,1559267730,2,20778000000,8085000000,10272000000,5871000000,10506000000,0,0,0,3668000000,8681000000,455000000,455000000,0.58,0.57,0.03,1226000000,-528000000,-296000000,402000000,1848000000,585000000,27.59,29.33,25.85,0.1909,0.0998,6.74,4.2,24.1,0.36,0.0472,0.3491,0.5056,0.0591,1.69,0.41,1.3771
2004-01-30,785041386,1570082772,2,19042000000,6687000000,8733000000,4368000000,10309000000,0,0,0,3678000000,6930000000,407000000,407000000,0.51,0.45,0.03,None,None,None,250000000,1446000000,759000000,27.8,30.21,25.38,0.1961,0.1019,6.57,4.43,25.39,0.34,0.046,0.3568,0.5414,0.0609,1.67,None,1.5309
2003-10-31,786353723,1572707446,2,18675000000,6902000000,8813000000,4523000000,9862000000,0,0,0,3681000000,7924000000,452000000,452000000,0.58,0.56,0.03,357000000,-721000000,10000000,-354000000,1196000000,675000000,26.38,29.98,22.77,0.1973,0.1011,6.27,4.43,25.61,0.33,0.0482,0.3733,0.5281,0.0596,1.7,-0.2,1.526
2003-08-01,785754069,1571508138,2,18074000000,6831000000,8701000000,4473000000,9373000000,0,0,0,3684000000,8773000000,597000000,597000000,0.76,0.75,0.025,634000000,-650000000,-34000000,-50000000,1550000000,618000000,21.73,24.36,19.1,0.1951,0.0987,5.96,3.9,22.87,0.31,0.0467,0.393,0.5186,0.0588,1.68,0.01,1.5272
2003-05-02,783521035,1567042070,2,17900000000,7053000000,9165000000,4915000000,8735000000,0,0,0,3733000000,7211000000,421000000,421000000,0.54,0.53,0.025,1046000000,-300000000,1000000,747000000,1600000000,392000000,19.84,23,16.68,0.1897,0.0948,5.57,3.73,21.92,0.3,0.048,0.4274,0.488,0.0568,1.67,0.42,1.435
2003-01-31,779798432,1559596864,2,16109000000,5568000000,7807000000,3578000000,8302000000,0,0,0,3736000000,6117929000,318903000,318903000,0.4,0.35,0.03,661015000,-1109789000,-3758000,-452532000,853000000,912648000,19.41,21.9,16.93,0.1903,0.0935,5.32,3.81,22.84,0.29,0.0477,0.45,0.5154,0.0555,1.68,-0.16,1.5562
2002-11-01,780943932,1561887864,2,15811202000,6024238000,7853537000,3786786000,7957665000,0,0,0,3738971000,6414812000,339214000,339214000,0.44,0.43,0.02,406884000,-571081000,-17197000,-181394000,1305371000,539897000,19.63,23,16.25,0.1872,0.0905,5.09,4.03,24.69,0.27,0.0455,0.4699,0.5033,0.0535,1.69,-0.09,1.5909
2002-08-02,780399756,1560799512,2,15426617000,6011218000,7823855000,3767600000,7602762000,0,0,0,3733020000,7487662000,467072000,467072000,0.6,0.59,0.02,454853000,-399336000,-44331000,11186000,1486765000,408262000,20.68,25,16.35,0.1847,0.0879,4.87,4.57,29.13,0.26,0.0485,0.491,0.4928,0.052,1.69,0.03,1.5955
2002-05-03,778245221,1556490442,2,15610540000,6441094000,8553448000,4497496000,7057092000,0,0,0,3735651000,6470597000,345811000,345811000,0.45,0.44,0.02,1173248000,-497794000,1286000,676740000,1475579000,501193000,22.29,23.89,20.68,0.1739,0.0821,4.53,5.18,35.1,0.25,0.0542,0.5293,0.4521,0.0491,1.67,0.43,1.4322
2002-02-01,776775934,1553551868,2,13736219000,4920392000,7061777000,3016830000,6674442000,0,0,0,3734011000,5253483000,218402000,218402000,0.29,0.24,0.02,635464000,-522367000,75199000,188296000,798839000,524743000,20.65,24.44,16.85,0.1636,0.0769,4.3,4.98,34.27,0.24,0.0586,0.5594,0.4859,0.0463,1.66,0.07,1.631
2001-11-02,774317177,1548634354,2,13531973000,5061728000,7112653000,3032138000,6419320000,0,0,0,3787138000,5454534000,250497000,250497000,0.32,0.32,0.02,165220000,-566325000,382355000,-18750000,610543000,610502000,16.07,19.65,12.49,0.1587,0.0744,4.15,4.04,27.95,0.23,0.0633,0.59,0.4744,0.0442,1.68,-0.29,1.6694
2001-08-03,773125913,1546251826,2,12867392000,4845071000,6714138000,3145931000,6153254000,0,0,0,3291605000,6126726000,329083000,329083000,0.43,0.42,0.02,189129000,-562930000,3141000,-370660000,629293000,552021000,17.54,19.93,15.15,0.1577,0.0748,3.98,4.69,32.04,0.22,0.0643,0.5349,0.4782,0.0439,1.7,-0.23,1.5401
2001-05-04,385333443,1541333772,4,13059671000,5469172000,7291809000,3721602000,5767862000,0,0,0,3305434000,5276365000,225280000,225280000,0.59,0.58,0.035,623236000,-547712000,468771000,544295000,999953000,511842000,14.27,16.15,12.39,0.1559,0.0748,3.74,4,27.18,0.21,0.0656,0.5731,0.4417,0.0433,1.73,0.07,1.4696
2001-02-02,384585740,1538342960,4,11375754000,4175013000,5880869000,2928585000,5494885000,0,0,0,2697669000,4543052000,140830000,140830000,0.37,0.35,0.04,553139000,-720586000,494359000,326912000,455658000,717467000,11.66,13.88,9.44,0.1552,0.0767,3.57,3.34,22.21,0.2,0.0686,0.4909,0.483,0.0431,1.78,-0.11,1.4256
2000-10-27,382871747,1531486988,4,10674754000,4092589000,5328524000,2886380000,5346230000,0,0,0,2209806000,4504141000,202293000,202293000,0.53,0.53,0.035,58055000,-625416000,125874000,-441487000,128746000,640138000,11.1,13.63,8.56,0.163,0.0821,3.49,3.3,22.09,0.19,0.0678,0.4133,0.5008,0.0454,1.81,-0.38,1.4179
2000-07-28,382808361,1531233444,4,10249341000,4184057000,5097405000,2665553000,5151936000,0,0,0,2217006000,5264252000,279599000,279599000,0.73,0.73,0.035,58747000,-499871000,488422000,47298000,570233000,505907000,11.64,13.18,10.1,0.1628,0.0824,3.36,3.65,24.77,0.18,0.0683,0.4303,0.5027,0.045,1.83,-0.29,1.5697
2000-04-28,382686076,1530744304,4,9935246000,4271614000,5058284000,3118757000,4876962000,0,0,0,1732202000,4467114000,187149000,187149000,0.49,0.49,0.035,459768000,-403788000,-24167000,31813000,522935000,468410000,13.5,16.82,10.19,0.1592,0.0807,3.19,4.4,31.4,0.17,0.0702,0.3552,0.4909,0.0443,1.82,-0.01,1.3697
2000-01-28,382529286,1530117144,4,9012323000,3709541000,4316852000,2385954000,4695471000,0,0,0,1726579000,3789269000,148932000,148932000,0.37,0.35,0.04,325648000,-412765000,-45187000,-132304000,491122000,426451000,12.88,15,10.77,0.1522,0.0767,3.07,4.34,31.04,0.17,0.0738,0.3677,0.521,0.0423,1.81,-0.07,1.5547
1999-10-29,382321824,1529287296,4,8859758000,3877206000,4314092000,2391474000,4545666000,0,0,0,1733312000,3909188000,168688000,168688000,0.44,0.44,0.03,108332000,-424388000,-34202000,-350258000,623426000,428502000,12.37,13.98,10.75,0.1563,0.0778,2.97,4.36,31.92,0.16,0.0717,0.3813,0.5131,0.0419,1.86,-0.21,1.6213
1999-07-30,382137544,1528550176,4,8618454000,3929851000,4270606000,2345833000,4347848000,0,0,0,1747142000,4435219000,230217000,230217000,0.6,0.6,0.03,302836000,-348658000,-28126000,-73948000,973684000,328624000,13.71,15,12.42,0.1582,0.0772,2.84,5.12,38.62,0.15,0.0766,0.4018,0.5045,0.0409,1.89,-0.02,1.6752
1999-04-30,381447451,1525789804,4,8588016000,4151562000,4496376000,2598707000,4091640000,0,0,0,1722316000,3771919000,124958000,124958000,0.33,0.33,0.03,434072000,-316223000,700909000,818758000,1047632000,288771000,14.72,16.61,12.83,0.1559,0.0747,2.68,6.75,43.29,0.14,0.0846,0.4209,0.4764,0.0391,1.91,0.1,1.5975
1999-01-29,359217081,1436868324,4,6344651000,2585683000,3208699000,1765344000,3135952000,0,0,0,1283092000,2915664000,106212000,106212000,0.3,0.29,0.03,167087000,-249982000,-11428000,-94323000,222709000,284705000,11.59,14.58,8.61,0.1638,0.0772,2.18,5.39,36.36,0.13,0.0866,0.4092,0.4943,0.0394,1.96,-0.08,1.4647
1998-10-30,352694298,1410777192,4,6373709000,2826244000,3345532000,1913188000,3028177000,0,0,0,1302343000,3003993000,116367000,116367000,0.33,0.33,0.03,78313000,-259306000,-15165000,-196158000,317032000,271632000,8.4,10.56,6.24,0.1596,0.0752,2.15,4.08,28.12,0.13,0.0926,0.4301,0.4751,0.0383,1.97,-0.14,1.4772
1998-07-31,352519932,1410079728,4,6161738000,2813061000,3259767000,1809449000,2901971000,0,0,0,1323689000,3425685000,165378000,165378000,0.47,0.47,0.03,126236000,-227151000,-9301000,-110216000,513190000,215448000,9.88,11.28,8.47,0.1564,0.0742,2.06,5.12,36.26,0.12,0.0969,0.4561,0.471,0.0374,1.99,-0.06,1.5547
1998-05-01,351766194,1407064776,4,6115863000,2921763000,3403111000,1949731000,2712752000,0,0,0,1331177000,2899540000,94465000,94465000,0.27,0.27,0.028,325212000,-169301000,272349000,428260000,623406000,156255000,7.76,9.05,6.47,0.1484,0.0712,1.93,4.19,30.28,0.11,0.1047,0.4907,0.4436,0.0359,1.98,0.12,1.4985
1998-01-30,175583890,1404671120,8,5219277000,2109602000,2618668000,1449320000,2600609000,0,0,0,1045570000,2397569000,72506000,72506000,0.41,0.41,0.06,319271000,-160340000,7676000,166607000,195146000,234557000,5.83,6.45,5.2,0.1451,0.0712,1.85,3.22,23.56,0.1,0.1114,0.402,0.4983,0.0353,2.02,0.06,1.4556
1997-10-31,174901889,1399215112,8,5173452000,2227083000,2637653000,1477550000,2535799000,0,0,0,1049898000,2530481000,88099000,88099000,0.5,0.5,0.056,43708000,-155173000,104331000,-7134000,28539000,216494000,4.89,5.54,4.24,0.1438,0.0706,1.81,2.81,20.48,0.1,0.1115,0.414,0.4902,0.0348,2.03,-0.12,1.5073
1997-08-01,174534256,1396274048,8,4935821000,2136040000,2502875000,1462838000,2432946000,0,0,0,934329000,2808086000,126496000,126496000,0.73,0.73,0.056,238094000,-312953000,62660000,-12199000,35673000,200202000,4.6,4.99,4.21,0.1439,0.0714,1.74,2.79,19.89,0.09,0.1124,0.384,0.4929,0.0347,2.06,0.03,1.4602
1997-05-02,173866419,1390931352,8,4749326000,2089325000,2460720000,1568713000,2288606000,0,0,0,788637000,2400754000,70383000,70383000,0.41,0.41,0.056,63797000,-103415000,47103000,7485000,47872000,121539000,4.54,5.03,4.05,0.144,0.0723,1.65,2.84,21.12,0.08,0.1131,0.3446,0.4819,0.0347,2.08,-0.04,1.3319
1997-01-31,173382339,1387058712,8,4434954000,1851466000,2217478000,1348531000,2217476000,0,0,0,767338000,2041496000,55626000,55626000,0.33,0.34,0.05,224212000,-222161000,1947000,3998000,40387000,218687000,4.7,5.44,3.95,0.1428,0.0704,1.6,2.99,23.5,0.07,0.1165,0.346,0.5,0.034,2.07,0,1.373
1996-10-31,173030089,1384240712,8,4239814000,1864827000,2068978000,1233365000,2170836000,0,0,0,740760000,2193239000,75183000,75183000,0.43,0.43,0.05,54106000,-150379000,27696000,-68577000,36389000,175794000,4.73,5.41,4.05,0.1441,0.0698,1.57,3.13,26.28,0.07,0.1217,0.3412,0.512,0.0333,2.1,-0.09,1.512
1996-07-31,172755058,1382040464,8,4031725000,1826098000,1944076000,1158618000,2087649000,0,0,0,693649000,2459008000,114279000,114279000,0.7,0.67,0.05,143800000,-101941000,-45252000,-3393000,104966000,138558000,4.23,4.88,3.58,0.1376,0.0649,1.51,3.2,26.44,0.06,0.1348,0.3323,0.5178,0.0311,2.09,0,1.5761
1996-04-30,161406093,1291248744,8,3903052000,1833140000,2195571000,1210256000,1707481000,0,0,0,897978000,1906498000,47062000,47062000,0.29,0.28,0.05,120875000,-103910000,27526000,44491000,108359000,144121000,4.1,4.53,3.67,0.1304,0.0602,1.32,3.2,24.12,0.06,0.1466,0.5259,0.4375,0.0291,2.06,-0.02,1.5147
1996-01-31,161232836,1289862688,8,3556386000,1603684000,1899671000,949931000,1656715000,0,0,0,866183000,1696702000,38175000,38175000,0.24,0.22,0.05,173849000,-171118000,13958000,16689000,63868000,160968000,3.92,4.36,3.48,0.1425,0.0667,1.28,3.11,22.24,0.05,0.1351,0.5228,0.4658,0.0319,2.09,0.01,1.6882
1995-10-31,160807046,1286456368,8,3523598000,1705502000,1896852000,1082195000,1626746000,0,0,0,748886000,1765992000,43919000,43919000,0.27,0.27,0.05,17722000,-125130000,61266000,-46142000,47179000,156125000,4.01,4.74,3.28,0.1533,0.0715,1.26,3.26,21.82,0.04,0.1233,0.4604,0.4617,0.0341,2.1,-0.11,1.576
1995-07-31,160593516,1284748128,8,3253939000,1584110000,1675506000,898577000,1578433000,0,0,0,714923000,1978058000,85007000,85007000,0.53,0.51,0.045,144417000,-177039000,-15590000,-48212000,93321000,115977000,3.96,4.66,3.25,0.1668,0.0784,1.23,3.41,22.47,0.04,0.1146,0.4529,0.4851,0.0366,2.14,0.02,1.7629
1995-04-30,160120048,1280960384,8,3218663000,1643788000,1733847000,991159000,1484816000,0,0,0,690273000,1634690000,58926000,58926000,0.37,0.36,0.045,-32679000,25345000,-1452000,-8786000,141533000,87292000,4.15,4.86,3.44,0.1647,None,1.16,3.74,23.88,0.03,0.1211,0.4649,0.4613,0.0363,2.12,-0.09,1.6585
1995-01-31,159925313,1279402504,8,3105992000,1557168000,1686102000,945892000,1419890000,0,0,0,681184000,1487489000,46265000,46265000,0.28,0.27,0.04,151393000,-65344000,-9502000,76547000,150319000,168165000,4.65,5.17,4.14,0.1772,None,1.11,4.31,28.84,0.03,0.1193,0.4797,0.4571,0.0366,2.19,-0.01,1.6462
1994-10-31,159405322,1275242576,8,2897326000,1567516000,1518606000,838212000,1378720000,0,0,0,628288000,1579005000,54191000,54191000,0.34,0.33,0.045,15908000,-154140000,-34177000,-172409000,73772000,84887000,4.43,5.11,3.75,None,None,1.08,4.26,None,0.02,0.129,0.4557,0.4759,None,None,-0.05,1.8701
1994-07-31,159158501,1273268008,8,2769774000,1509926000,1449070000,767729000,1320704000,0,0,0,628856000,1647019000,71351000,71351000,0.47,0.45,0.045,112424000,-217645000,298400000,193179000,246181000,79293000,4.26,4.72,3.81,None,None,1.04,5.46,None,0.02,None,0.4762,0.4768,None,None,0.03,1.9667
1994-04-30,148358180,1186865440,8,2385676000,1202039000,1457425000,799005000,928251000,0,0,0,605709000,1397008000,51753000,51753000,0.35,0.34,0.04,79251000,-92769000,-6733000,-20251000,53002000,81758000,4.01,4.56,3.47,None,None,0.78,5.42,None,0.01,None,0.6525,0.3891,None,None,-0,1.5044
1994-01-31,148210288,1185682304,8,2201648000,1083907000,1327979000,681176000,873669000,0,0,0,592333000,1145828000,25733000,25733000,0.17,0.17,0.04,None,None,None,None,73253000,0,3.39,3.88,2.9,None,None,0.74,None,None,0.005,None,0.678,0.3968,None,None,None,1.5912
