"Quarter end","Shares","Shares split adjusted","Split factor","Assets","Current Assets","Liabilities","Current Liabilities","Shareholders equity","Non-controlling interest","Preferred equity","Goodwill & intangibles","Long-term debt","Revenue","Earnings","Earnings available for common stockholders","EPS basic","EPS diluted","Dividend per share","Cash from operating activities","Cash from investing activities","Cash from financing activities","Cash change during period","Cash at end of period","Capital expenditures","Price","Price high","Price low","ROE","ROA","Book value of equity per share","P/B ratio","P/E ratio","Cumulative dividends per share","Dividend payout ratio","Long-term debt to equity ratio","Equity to assets ratio","Net margin","Asset turnover","Free cash flow per share","Current ratio"
2019-03-31,106691137,106691137,1,13211420000,2925825000,6942231000,1144134000,6143211000,125978000,0,8408177000,4421430000,1297402000,111214000,108829000,0.97,0.96,0.73,47232000,-90299000,-112179000,-151393000,497129000,53639000,134.26,146.67,121.85,0.0711,0.0318,57.58,2.37,32.43,33.65,0.9026,0.7197,0.465,0.0735,0.43,-0.06,2.5572
2018-12-31,106633296,106633296,1,12889395000,2941860000,6764215000,1128311000,6032951000,92229000,0,8417710000,4504417000,1219047000,15500000,15500000,0.09,0.09,0.73,235617000,-4910948000,49608000,-4625937000,648522000,63784000,137.72,150.57,124.88,0.1,0.0427,56.58,3.64,38.9,32.92,0.779,0.7466,0.4681,0.0854,0.5,1.61,2.6073
2018-09-30,106619224,106619224,1,9615542000,6946827000,5577593000,758456000,4031814000,6135000,0,1538439000,4331242000,907548000,95716000,95716000,1.18,1.17,0.73,146789000,-32820000,4845632000,4952036000,5274459000,34657000,132.2,141.68,122.72,0.123,0.0482,37.82,5.97,35.16,32.19,0.8493,1.0743,0.4193,0.0786,0.61,1.05,9.1592
2018-06-30,79047426,79047426,1,4673442000,2026580000,2917239000,699370000,1749855000,6348000,0,1540012000,1717189000,920016000,99149000,99149000,1.25,1.25,0.69,66564000,-34228000,-9922000,17147000,322423000,33991000,132.81,143.51,122.11,0.1715,0.0647,22.14,5.91,34.14,31.46,0.7298,0.9813,0.3744,0.0835,0.77,0.41,2.8977
2018-03-31,78943811,78943811,1,4681276000,1970341000,2902314000,716752000,1773150000,5812000,0,1580077000,1676211000,930928000,129416000,129416000,1.63,1.63,0.69,-11395000,-35239000,-14615000,-62770000,305276000,32812000,144.94,157.4,132.49,0.1796,0.0672,22.46,6.79,39.07,30.77,0.6917,0.9453,0.3788,0.0883,0.76,-0.56,2.749
2017-12-31,78927638,78927638,1,4598926000,1896544000,2909632000,768768000,1684202000,5092000,0,1572075000,1632186000,854625000,-40155000,-40155000,-0.51,-0.51,0.69,191267000,-36750000,-100054000,52044000,368046000,36791000,149.81,156.64,142.98,0.1754,0.0657,21.34,6.73,28.7,30.08,0.7104,0.9691,0.3662,0.087,0.76,1.96,2.467
2017-09-30,78977158,78977158,1,4520438000,1849747000,2757950000,696127000,1757313000,5175000,0,1577757000,1625502000,872940000,110261000,110261000,1.39,1.39,0.69,141568000,-31153000,-286115000,-175384000,316002000,30363000,138.41,145.89,130.94,0.2488,0.0955,22.25,6.53,27.96,29.39,0.4959,0.925,0.3887,0.1257,0.76,1.41,2.6572
2017-06-30,78975735,78975735,1,4618875000,1993926000,2938789000,861223000,1674358000,5728000,0,1571229000,1636338000,842861000,109795000,109795000,1.39,1.38,0.64,36220000,-69839000,229884000,191319000,491386000,19637000,134.43,140.44,128.42,0.2388,0.0931,21.2,6.53,26.73,28.7,0.5123,0.9773,0.3625,0.1231,0.76,0.21,2.3152
2017-03-31,78971175,78971175,1,4252259000,1711433000,2620742000,985824000,1626077000,5440000,0,1510683000,1186417000,828293000,115764000,115764000,1.46,1.45,0.64,21701000,-162188000,113727000,-23925000,300067000,26043000,125.1,137.04,113.16,0.243,0.0974,20.59,6.08,24.77,28.06,0.4886,0.7296,0.3824,0.1272,0.77,-0.05,1.736
2016-12-31,79037680,79037680,1,4016984000,1609014000,2385850000,898297000,1626244000,4890000,0,1365906000,1066855000,762559000,79918000,79918000,1,1,0.64,206053000,-289228000,-85469000,-174738000,323992000,53041000,130.14,143.64,116.64,0.2446,0.0986,20.58,6.1,25.82,27.42,0.4706,0.656,0.4048,0.13,0.76,1.94,1.7912
2016-09-30,79423806,79423806,1,4097129000,1857035000,2398931000,855924000,1693776000,4422000,0,1226119000,1110201000,777001000,89777000,89777000,1.13,1.12,0.64,174803000,-25988000,-187350000,-41262000,498730000,26909000,134.1,143.43,124.77,0.2455,0.1002,21.33,6.38,25.64,26.78,0.457,0.6555,0.4134,0.1317,0.76,1.86,2.1696
2016-06-30,79591844,79591844,1,4154628000,1929434000,2476696000,688251000,1673872000,4060000,0,1229381000,1357684000,793478000,116733000,116733000,1.46,1.46,0.56,122935000,-19101000,-86154000,11115000,539992000,18460000,122.98,131.3,114.65,0.2596,0.1056,21.03,6.01,24.3,26.14,0.4249,0.8111,0.4029,0.1377,0.77,1.31,2.8034
2016-03-31,79713873,79713873,1,4162460000,1891529000,2526900000,712748000,1630364000,5196000,0,1253265000,1372751000,783312000,118603000,118603000,1.48,1.47,0.56,31615000,-21146000,339279000,346889000,528877000,21146000,109.81,122.38,97.24,0.2546,0.106,20.45,5.52,21.28,25.58,0.4204,0.842,0.3917,0.1351,0.78,0.13,2.6539
2015-12-31,79867884,79867884,1,3721454000,1455884000,2126464000,742128000,1590318000,4672000,0,1247393000,941123000,715649000,79168000,79168000,0.99,0.99,0.56,138883000,-31089000,-198174000,-90288000,181988000,33527000,114.78,122.64,106.91,0.2632,0.1134,19.91,5.79,21.78,25.02,0.3949,0.5918,0.4273,0.1387,0.82,1.32,1.9618
2015-09-30,80250212,80250212,1,3911685000,1638751000,2315536000,687320000,1591872000,4277000,0,1255361000,1061717000,765092000,106447000,106447000,1.32,1.31,0.56,128377000,-331093000,113845000,-104978000,272276000,26779000,109.44,118.87,100.02,0.2731,0.1181,19.84,5.43,20.77,24.46,0.3691,0.667,0.407,0.1404,0.84,1.27,2.3843
2015-06-30,80585508,80585508,1,3653628000,1722254000,2026954000,523521000,1623000000,3674000,0,908974000,993442000,767541000,105374000,105374000,1.3,1.29,0.47,134842000,-197043000,-7425000,-66435000,377254000,18491000,114.72,120.61,108.82,0.2717,0.122,20.14,5.92,21.52,23.9,0.3523,0.6121,0.4442,0.1403,0.87,1.44,3.2898
2015-03-31,80886358,80886358,1,3507172000,1755110000,1935075000,487320000,1567317000,4780000,0,750201000,939898000,774907000,128258000,128258000,1.58,1.57,0.47,31476000,-17931000,-39542000,-34884000,443689000,17931000,110.34,123.08,97.59,0.2758,0.1257,19.38,5.87,21.81,23.43,0.334,0.5997,0.4469,0.141,0.89,0.17,3.6016
2014-12-31,80742973,80742973,1,3494621000,1710027000,1971932000,518808000,1518561000,4128000,0,752041000,939437000,756082000,90136000,90136000,1.11,1.1,0.47,200887000,-40797000,-74208000,73737000,478573000,44573000,97.82,104,91.64,0.2643,0.1211,18.81,4.83,20.77,22.96,0.3362,0.6186,0.4345,0.1342,0.9,1.94,3.2961
2014-09-30,80971601,80971601,1,3476509000,1712609000,1832855000,516854000,1639519000,4135000,0,753881000,939305000,773813000,107415000,107415000,1.32,1.31,0.47,163473000,-37144000,-38497000,77983000,404836000,37144000,100.68,105.84,95.51,0.2483,0.1141,20.25,5.11,21.89,22.49,0.3449,0.5729,0.4716,0.1262,0.9,1.56,3.3135
2014-06-30,81161082,81161082,1,3400533000,1644048000,1798589000,468650000,1598298000,3646000,0,755660000,938780000,788414000,110285000,110285000,1.35,1.35,0.39,119037000,-21034000,-40297000,58269000,326853000,26376000,98.46,105.61,91.31,0.2511,0.1129,19.69,5.28,21.93,22.02,0.336,0.5874,0.47,0.1248,0.9,1.14,3.5081
2014-03-31,81289929,81289929,1,3321353000,1569851000,1800415000,484541000,1516516000,4422000,0,759316000,938244000,770224000,106707000,106707000,1.31,1.3,0.39,34993000,-122358000,-49328000,-136921000,268584000,31794000,90.41,97.91,82.91,0.2555,0.1113,18.66,5.02,21.07,21.63,0.3328,0.6187,0.4566,0.1234,0.9,0.04,3.2399
2013-12-31,81271399,81271399,1,3331731000,1652903000,1864680000,560366000,1463072000,3979000,0,696197000,939759000,725169000,61479000,61479000,0.75,0.75,0.39,150246000,-37159000,-50857000,62356000,405505000,37179000,84.94,90.3,79.59,0.2536,0.1074,18,4.82,19.48,21.24,0.3365,0.6423,0.4391,0.1197,0.9,1.39,2.9497
2013-09-30,81513192,81513192,1,3324511000,1633867000,1884981000,509576000,1435957000,3573000,0,697716000,941041000,742256000,99046000,99046000,1.21,1.2,0.39,139273000,-25444000,-138951000,-22748000,343149000,25444000,80.42,84.99,75.86,0.2687,0.1101,17.62,4.8,23.93,20.85,0.3193,0.6553,0.4319,0.1238,0.89,1.4,3.2063
2013-06-30,81735786,81735786,1,3308921000,1633893000,1934491000,566824000,1369686000,4744000,0,699234000,940856000,757635000,102322000,102322000,1.25,1.24,0.34,99324000,-14469000,-15350000,65851000,365897000,14565000,77.91,82.8,73.02,0.2146,0.0866,16.76,4.86,24.35,20.46,0.3998,0.6869,0.4139,0.0965,0.9,1.04,2.8825
2013-03-31,81493107,81493107,1,3200549000,1534698000,1889697000,540260000,1306606000,4246000,0,700752000,924326000,727836000,90697000,90697000,1.11,1.1,0.34,18719000,-28334000,-11880000,-24376000,300046000,29657000,71.57,77.4,65.74,0.2099,0.0842,16.03,4.67,23.16,20.12,0.411,0.7074,0.4082,0.0929,0.91,-0.13,2.8407
2012-12-31,81490148,81490148,1,3249600000,1572559000,1997045000,622732000,1248808000,3747000,0,702270000,890132000,680558000,68119000,68119000,0.82,0.82,0.34,180891000,-31141000,77902000,227241000,324422000,40424000,63.79,67.79,59.78,0.2067,0.0823,15.32,4.17,24.82,19.78,0.4164,0.7128,0.3843,0.0901,0.91,1.72,2.5253
2012-09-30,81565501,81565501,1,3059905000,1388964000,1809095000,652910000,1247224000,3586000,0,703788000,686469000,708955000,16363000,16363000,0.2,0.2,0.34,7539000,-30336000,11829000,-7456000,97181000,30244000,58.13,63.23,53.03,0.1764,0.0698,15.29,3.87,17.25,19.44,0.4905,0.5504,0.4076,0.0755,0.92,-0.28,2.1273
2012-06-30,81476148,81476148,1,3025307000,1364253000,1798796000,507423000,1223280000,3231000,0,705307000,787399000,721317000,88596000,88596000,1.09,1.08,0.31,82730000,-25418000,-25463000,28111000,104637000,25019000,57.32,60.91,53.73,0.2341,0.0924,15.01,3.88,17.8,19.1,0.3639,0.6437,0.4043,0.099,0.93,0.71,2.6886
2012-03-31,81066016,81066016,1,3013398000,1345365000,1812342000,520852000,1197499000,3557000,0,706827000,788432000,710616000,81056000,81056000,1,0.99,0.31,52636000,-27366000,-38864000,-11753000,76526000,28690000,55.47,58.89,52.05,0.2254,0.0884,14.77,4.06,17.02,18.79,0.3681,0.6584,0.3974,0.0948,0.93,0.3,2.583
2011-12-31,80927390,80927390,1,2965581000,1317220000,1858174000,564566000,1104412000,2995000,0,708345000,789213000,644383000,24394000,24394000,0.31,0.3,0.31,72464000,-52936000,-38367000,-19004000,88279000,52478000,57.49,63.78,51.2,0.2329,0.0899,13.65,3.89,15.84,18.48,0.3511,0.7146,0.3724,0.0957,0.94,0.25,2.3332
2011-09-30,80897785,80897785,1,2953529000,1383437000,1755065000,575262000,1195375000,3089000,0,709863000,768516000,713775000,82241000,82241000,1.01,1,0.31,114581000,-32532000,-96304000,-16148000,107283000,28974000,58.72,65.24,52.21,0.2662,0.1012,14.78,4.01,16.4,18.17,0.3029,0.6429,0.4047,0.1075,0.94,1.06,2.4049
2011-06-30,80874864,80874864,1,3008601000,1439230000,1819887000,628652000,1184615000,4099000,0,711381000,809706000,715589000,76188000,76188000,0.94,0.93,0.27,37089000,-26247000,-246000,11461000,123431000,26069000,63.34,66.29,60.38,0.2769,0.1002,14.65,4.63,18.2,17.86,0.2964,0.6835,0.3937,0.1072,0.94,0.14,2.2894
2011-03-31,80385313,80385313,1,2946546000,1387619000,1843700000,633972000,1098562000,4284000,0,712899000,786980000,714271000,84043000,84043000,1.04,1.03,0.27,-34944000,-19448000,34210000,-19362000,111970000,19231000,58.59,62.65,54.53,0.2918,0.0995,13.67,4.71,18.03,17.59,0.2992,0.7164,0.3728,0.1058,0.94,-0.67,2.1888
2010-12-31,80256110,80256110,1,2872455000,1325195000,1869300000,660951000,999422000,3733000,0,714416000,787668000,629870000,55578000,55578000,0.71,0.67,0.27,106811000,-52803000,-38158000,16447000,131332000,52588000,52.2,56.1,48.31,0.2925,0.0946,12.45,4.41,16.42,17.32,0.3153,0.7881,0.3479,0.1005,0.94,0.68,2.005
2010-09-30,79950836,79950836,1,2864307000,1328150000,1913435000,643597000,947154000,3718000,0,715934000,810719000,673283000,77038000,77038000,0.96,0.95,0.27,80685000,-17629000,-59992000,4333000,114885000,16481000,45.55,49.51,41.59,0.3028,0.0936,11.85,4.31,15.76,17.05,0.3181,0.856,0.3307,0.0991,0.95,0.8,2.0636
2010-06-30,79857989,79857989,1,2726882000,1223620000,1878851000,495359000,844770000,3261000,0,717452000,934600000,665800000,67152000,67152000,0.84,0.83,0.25,95248000,-21609000,-51531000,20734000,110552000,22625000,46.89,51.77,42,0.2905,0.0853,10.58,4.58,17.63,16.78,0.3435,1.1063,0.3098,0.0918,0.93,0.91,2.4702
2010-03-31,79528718,79528718,1,2678226000,1170934000,1861355000,475342000,813306000,3565000,0,718991000,934076000,653909000,63789000,63789000,0.8,0.8,0.25,32392000,-14742000,-7063000,9683000,89818000,12950000,44.05,48.83,39.28,0.2781,0.0779,10.23,4.54,17.91,16.53,0.3734,1.1485,0.3037,0.0876,0.89,0.24,2.4634
2009-12-31,79235120,79235120,1,2644774000,1128066000,1872864000,484454000,769003000,2907000,0,720530000,934749000,585633000,47446000,47446000,0.61,0.6,0.25,91565000,-35433000,-132769000,-74437000,80135000,37064000,39.35,41.85,36.85,0.272,0.0722,9.71,4.12,16,16.28,0.404,1.2155,0.2908,0.0841,0.86,0.69,2.3285
2009-09-30,79042812,79042812,1,2790761000,1191781000,2027973000,357167000,755878000,6910000,0,722068000,1156027000,612634000,52800000,52800000,0.67,0.66,0.25,112535000,-12259000,-113747000,-9243000,154572000,11210000,35.18,39.15,31.21,0.2942,0.0721,9.56,3.9,13.91,16.03,0.4002,1.5294,0.2709,0.0864,0.83,1.28,3.3368
2009-06-30,78991714,78991714,1,2775538000,1187211000,2056317000,408409000,712593000,6628000,0,723605000,1140929000,568261000,48083000,48083000,0.61,0.6,0.25,101905000,-14113000,-17454000,76226000,163815000,10901000,31.67,33.51,29.84,0.3051,0.074,9.02,3.91,11.47,15.78,0.39,1.6011,0.2567,0.0884,0.84,1.15,2.9069
2009-03-31,78692641,78692641,1,2619632000,1052057000,1974039000,346673000,637712000,7881000,0,725144000,1124903000,559630000,47197000,47197000,0.6,0.6,0.25,-14368000,-19083000,-48222000,-90878000,87589000,7644000,28.83,32.35,25.3,0.3427,0.0806,8.1,3.96,10.12,15.53,0.349,1.764,0.2434,0.0939,0.86,-0.28,3.0347
2008-12-31,78695619,78695619,1,2749913000,1161068000,2176802000,451041000,573111000,0,0,726683000,1153672000,539103000,48964000,48964000,0.64,0.6,0.25,84115000,-36456000,23125000,69731000,178467000,36324000,32.11,39.33,24.9,0.364,0.0829,7.28,3.49,11.55,15.28,0.3306,2.013,0.2084,0.0961,0.86,0.61,2.5742
2008-09-30,78645303,78645303,1,2775734000,1239409000,2051702000,420672000,724032000,0,0,728221000,1131418000,617538000,57684000,57684000,0.74,0.73,0.25,57648000,-21432000,-41201000,-10754000,108736000,20263000,41.37,44.47,38.27,0.3551,0.0824,9.21,5.06,15.21,15.03,0.3286,1.5627,0.2608,0.0948,0.87,0.48,2.9463
2008-06-30,78563492,78563492,1,2818778000,1279021000,2175793000,542831000,642985000,0,0,729759000,1068884000,636126000,67032000,67032000,0.84,0.83,0.23,71209000,-16463000,6284000,59032000,119490000,16842000,42.75,46.44,39.06,0.3832,0.0847,8.18,5.9,15.49,14.78,0.3224,1.6624,0.2281,0.0967,0.88,0.69,2.3562
2008-03-31,80503403,80503403,1,2740855000,1180140000,2157704000,517989000,583151000,0,0,731298000,1071342000,596605000,55948000,55948000,0.7,0.69,0.23,7641000,-15394000,-82877000,-91013000,60458000,11966000,43.34,47.2,39.48,0.3506,0.0912,7.24,5.69,15.7,14.55,0.3101,1.8372,0.2128,0.1042,0.87,-0.05,2.2783
2007-12-31,81020808,81020808,1,2726788000,1190478000,2109591000,538896000,617197000,0,0,732836000,1060168000,553498000,47223000,47223000,0.57,0.53,0.23,126039000,-23678000,-11873000,89507000,151471000,29110000,50.76,54.2,47.32,0.319,0.0959,7.62,7.51,18.53,14.32,0.3025,1.7177,0.2263,0.1085,0.88,1.2,2.2091
2007-09-30,80971042,80971042,1,2533659000,1118261000,1985952000,414008000,547707000,0,0,735049000,1134493000,583313000,58844000,58844000,0.68,0.67,0.23,88189000,-14785000,-138061000,-62207000,61964000,15173000,50.69,53.93,47.45,0.2927,0.0986,6.76,4.55,18.3,14.09,0.3025,2.0714,0.2162,0.1108,0.89,0.9,2.7011
2007-06-30,89344457,89344457,1,2546988000,1154316000,1552332000,351947000,994656000,0,0,738605000,785774000,573726000,78372000,78372000,0.88,0.87,0.21,92308000,-4476000,-47217000,40966000,124171000,12741000,49.95,52.75,47.14,0.2661,0.1,11.13,4.74,19.44,13.86,0.2887,0.79,0.3905,0.1152,0.87,0.89,3.2798
2007-03-31,89253457,89253457,1,2497393000,1120312000,1557809000,344064000,939584000,0,0,742160000,799735000,566101000,62689000,62689000,0.7,0.69,0.21,7526000,-8415000,-30845000,-31303000,83205000,8590000,48.39,50.77,46,0.2512,0.0941,10.53,4.8,19.67,13.65,0.3013,0.8512,0.3762,0.1095,0.86,-0.01,3.2561
2006-12-31,89772171,89772171,1,2478904000,1079803000,1573736000,446771000,905168000,0,0,745716000,791443000,514318000,47982000,47982000,0.52,0.51,0.21,25032000,-15317000,-62227000,-48255000,114508000,27399000,44.53,49.88,39.19,0.2448,0.0897,10.08,4.17,21.41,13.44,0.3047,0.8744,0.3651,0.1081,0.83,-0.03,2.4169
2006-09-30,89688025,89688025,1,2581954000,1134229000,1622842000,734801000,959112000,0,0,761519000,505598000,539135000,63646000,63646000,0.71,0.7,0.185,116904000,-2693000,18806000,132930000,162763000,11077000,37.14,39.96,34.32,0.2089,0.0755,10.69,3.56,17.69,13.23,0.3479,0.5272,0.3715,0.0949,0.8,1.18,1.5436
2006-06-30,90670305,90670305,1,2452580000,995534000,1506582000,704461000,945998000,0,0,765230000,415791000,530505000,61182000,61182000,0.67,0.67,0.185,79770000,-8939000,-246934000,-175418000,29833000,10773000,36.15,38.84,33.46,0.216,0.0787,10.43,3.69,17.81,13.05,0.3423,0.4395,0.3857,0.0995,0.79,0.76,1.4132
2006-03-31,90838142,90838142,1,2586947000,1153562000,1696706000,1176267000,890241000,0,0,768941000,130155000,511432000,53690000,53690000,0.59,0.58,0.185,41195000,-4338000,-105518000,-67294000,205251000,9033000,34.28,36.03,32.53,0.2144,0.0776,9.8,3.4,17.14,12.86,0.3532,0.1462,0.3441,0.098,0.79,0.35,0.9807
2005-12-31,90738982,90738982,1,2638196000,1191274000,1722849000,1202696000,915347000,0,0,772651000,131281000,461645000,15238000,15238000,0.16,0.13,0.19,35566000,-30118000,239941000,244257000,272545000,32149000,33.45,35.72,31.19,0.2125,0.0789,10.09,3.35,14.67,12.68,0.3536,0.1434,0.347,0.0969,0.81,0.04,0.9905
2005-09-30,92883867,92883867,1,2415153000,965342000,1486602000,927589000,928551000,0,0,778373000,136374000,493118000,68572000,68572000,0.73,0.72,0.185,84053000,-22812000,-94343000,-31576000,28288000,23135000,36.59,38.85,34.34,0.241,0.0919,10,3.86,18.3,12.49,0.3111,0.1469,0.3845,0.1094,0.84,0.66,1.0407
2005-06-30,93856784,93856784,1,2367008000,983752000,1478443000,941186000,888565000,0,0,782141000,139420000,515578000,56713000,56713000,0.6,0.6,0.185,71551000,-22195000,-8933000,37051000,59864000,22462000,38.09,41.29,34.9,0.2173,0.0818,9.47,3.98,19.14,12.3,0.3499,0.1569,0.3754,0.0956,0.86,0.52,1.0452
2005-03-31,94189825,94189825,1,2373345000,973251000,1470837000,412659000,902508000,0,0,785908000,660862000,523052000,52543000,52543000,0.56,0.55,0.175,-14010000,-15486000,20693000,-9783000,22813000,15687000,40.86,42.9,38.82,0.2219,0.0819,9.58,4.24,20.13,12.12,0.3458,0.7323,0.3803,0.0951,0.86,-0.32,2.3585
2004-12-31,94522596,94522596,1,2363294000,961370000,1452807000,399522000,910487000,0,0,789676000,668969000,468232000,40906000,40906000,0.43,0.41,0.18,105280000,-28346000,-60214000,18332000,32596000,29527000,39.66,43.2,36.12,0.2344,0.0838,9.63,4.44,19.63,11.94,0.332,0.7347,0.3853,0.0964,0.87,0.8,2.4063
2004-09-30,94238803,94238803,1,2305432000,948028000,1463348000,440711000,842084000,0,0,788918000,663324000,506229000,42305000,42305000,0.45,0.44,0.175,112990000,22688000,-133158000,3019000,14264000,14368000,37.61,39.97,35.24,0.2432,0.0832,8.94,4.37,17.74,11.76,0.3266,0.7877,0.3653,0.0949,0.88,1.05,2.1511
2004-06-30,94223911,94223911,1,2343002000,969715000,1532975000,514684000,810027000,0,0,792628000,666570000,524177000,56502000,56502000,0.6,0.59,0.175,56302000,-14118000,-42289000,-551000,11245000,14468000,36.12,37.87,34.37,0.2689,0.087,8.6,4.35,17.45,11.59,0.3049,0.8229,0.3457,0.1004,0.87,0.44,1.8841
2004-03-31,94357390,94357390,1,2342026000,952560000,1557997000,527488000,784029000,0,0,796337000,679161000,535015000,56358000,56358000,0.6,0.59,0.16,21275000,-11702000,-9709000,-285000,11796000,12244000,35.59,38.4,32.77,0.2765,0.085,8.31,4.51,19.55,11.41,0.3056,0.8662,0.3348,0.1,0.85,0.1,1.8058
2003-12-31,93985484,93985484,1,2306892000,902672000,1564261000,526045000,742631000,0,0,799413000,690231000,471799000,38111000,38111000,0.4,0.4,0.16,119684000,-30975000,-94066000,-2913000,12081000,25009000,33.38,35.75,31.01,0.2602,0.0749,7.9,4.68,18.44,11.25,0.3428,0.9294,0.3219,0.0908,0.83,1.01,1.716
2003-09-30,93657607,93657607,1,2300429000,959784000,1631384000,589207000,669045000,0,0,773229000,700417000,480886000,51071000,51071000,0.55,0.54,0.16,92625000,-13875000,-78058000,-432000,14994000,14221000,31.32,33.45,29.18,0.2792,0.0759,7.14,4.52,17.5,11.09,0.3356,1.0469,0.2908,0.0936,0.81,0.84,1.6289
2003-06-30,94196470,94196470,1,2321043000,982188000,1667819000,608281000,653224000,0,0,776387000,712936000,482611000,51398000,51398000,0.55,0.54,0.16,42961000,75835000,-121091000,-440000,15426000,15425000,31.98,33.6,30.37,0.2877,0.0759,6.93,5.1,18.59,10.93,0.3336,1.0914,0.2814,0.0937,0.81,0.29,1.6147
2003-03-31,93846889,93846889,1,2290722000,945972000,1702326000,615902000,588396000,0,0,779545000,793208000,466224000,32017000,32017000,0.34,0.34,0.15,14326000,-5793000,-7038000,1008000,15866000,11300000,33,36.61,29.39,0.2865,0.0735,6.27,5.39,18.13,10.77,0.3405,1.3481,0.2569,0.0907,0.81,0.03,1.5359
2002-12-31,93869384,93869384,1,2232694000,866749000,1658016000,359497000,574678000,0,0,782703000,1007085000,424292000,38997000,38997000,0.42,0.39,0.15,61679000,-18540000,-52684000,-8286000,14858000,22805000,33.99,35.9,32.08,0.3104,0.0783,6.12,5.57,19.76,10.62,0.3216,1.7524,0.2574,0.0972,0.81,0.41,2.411
2002-09-30,94339096,94339096,1,2225520000,882151000,1650132000,364123000,575388000,0,0,780126000,1053708000,462777000,49599000,49599000,0.52,0.52,0.15,95405000,-25471000,-80186000,-10971000,23144000,17387000,29.48,32.9,26.05,0.2998,0.0737,6.1,4.82,19.02,10.47,0.3411,1.8313,0.2585,0.0921,0.8,0.83,2.4227
2002-06-30,94743937,94743937,1,2285704000,925383000,1706189000,491790000,579515000,0,0,783284000,978837000,476336000,45401000,45401000,0.48,0.47,0.15,49606000,29675000,-81687000,-357000,34115000,22018000,34.03,37.45,30.61,0.2751,0.0655,6.12,5.97,23.96,10.32,0.3781,1.6891,0.2535,0.0832,0.79,0.29,1.8817
2002-03-31,94245851,94245851,1,2239348000,884556000,1701699000,554203000,537649000,0,0,786442000,930728000,445844000,41947000,41947000,0.44,0.44,0.15,36654000,-14555000,-35495000,-14049000,34472000,19605000,31.64,35.95,27.33,0.2572,0.0594,5.7,5.7,26.59,10.17,0.413,1.7311,0.2401,0.0762,0.78,0.18,1.5961
2001-12-31,94445708,94445708,1,2268051000,896361000,1743881000,560214000,524170000,0,0,795920000,939404000,419170000,29170000,29170000,0.31,0.29,0.15,64806000,-8920000,-72779000,-17863000,48521000,18123000,27.9,31.69,24.1,0.2172,0.0492,5.55,4.89,31,10.02,0.4922,1.7922,0.2311,0.0629,0.78,0.49,1.6
2001-09-30,94823475,94823475,1,2374634000,961350000,1833961000,638512000,540673000,0,0,773779000,944610000,462719000,33555000,33555000,0.35,0.35,0.15,89952000,-11968000,-75366000,5695000,66384000,13733000,28.29,31.6,24.97,0.1573,0.0365,5.7,5.02,33.68,9.87,0.6495,1.7471,0.2277,0.0488,0.75,0.8,1.5056
2001-06-30,95563457,95563457,1,2385306000,976582000,1846697000,776690000,538609000,0,0,780544000,816278000,478216000,33005000,33005000,0.34,0.34,0.15,49819000,-14721000,-34933000,-5245000,60689000,10807000,24.73,28.2,21.25,0.1424,0.0387,5.64,4.45,25.23,9.72,0.9596,1.5155,0.2258,0.0496,0.78,0.41,1.2574
2001-03-31,95807526,95807526,1,2406963000,970622000,1874080000,784066000,532883000,0,0,790025000,838532000,483661000,20272000,20272000,0.21,0.21,0.15,-23072000,-13043000,-26303000,-62935000,65934000,9353000,21.26,22.76,19.75,0.1564,0.052,5.56,3.23,17.87,9.57,1.0436,1.5736,0.2214,0.0631,0.82,-0.34,1.2379
2000-12-31,95766244,95766244,1,2489033000,1018940000,1857774000,1179017000,631259000,0,0,755923000,417402000,384533000,1386000,1386000,-0,-0,0.15,57886000,-958009000,927086000,22049000,128869000,15967000,17.75,20.81,14.69,0.1756,0.0746,6.59,2.69,11.6,9.42,1.045,0.6612,0.2536,0.0841,0.89,0.44,0.8642
2000-09-30,97737044,97737044,1,1366938000,826343000,721340000,532204000,645598000,0,0,0,15617000,339591000,28927000,28927000,0.29,0.29,0.38,95770000,-11787000,-26038000,54417000,106820000,12439000,24.16,30.94,17.38,0.209,0.1149,6.61,3.29,14.21,9.27,0.9689,0.0242,0.4723,0.1119,1.03,0.85,1.5527
2000-06-30,99891344,99891344,1,1384587000,828787000,650303000,462660000,734284000,0,0,0,17002000,368759000,48916000,48916000,0.48,0.48,0.38,71999000,-18106000,-53187000,1340000,52403000,17830000,33.31,37.81,28.81,0.2159,0.1279,7.35,4.34,22.51,8.89,0.8747,0.0232,0.5303,0.124,1.03,0.54,1.7914
2000-03-31,102820344,102820344,1,1357349000,810957000,567308000,383959000,790041000,0,0,0,14834000,369912000,43776000,43776000,0.42,0.42,0.38,43455000,-14333000,-39769000,-11072000,51063000,14460000,33.34,37.94,28.75,0.1811,0.1125,7.68,4,21.93,8.51,1.0095,0.0188,0.582,0.1089,1.03,0.28,2.1121
1999-12-31,103031980,103031980,1,1401495000,835414000,542998000,369702000,858497000,0,0,0,3832000,335981000,36631000,36631000,0.35,0.34,0.38,39610000,-20846000,-45879000,-29230000,62135000,20821000,36.53,39.25,33.81,0.18,0.1157,8.33,4.16,24.35,8.13,0.9859,0.0045,0.6126,0.1125,1.03,0.18,2.2597
1999-09-30,105105083,105105083,1,1437806000,870189000,514083000,341071000,923723000,0,0,0,3921000,364674000,49155000,49155000,0.46,0.46,0.38,58296000,-17510000,-36898000,5472000,91365000,17996000,41.06,48.5,33.63,0.174,0.1148,8.79,4.86,27.19,7.75,1.0031,0.0042,0.6425,0.1128,1.02,0.38,2.5513
1999-06-30,106127597,106127597,1,1385025000,834391000,489660000,319147000,895365000,0,0,0,3630000,371079000,27434000,27434000,0.26,0.26,0.38,51239000,-28820000,-37067000,-15952000,85893000,28648000,39.75,45,34.5,0.1735,0.116,8.44,4.56,22.46,7.37,0.9921,0.0041,0.6465,0.1147,1.01,0.21,2.6144
1999-03-31,106048298,106048298,1,1375952000,826563000,452753000,280399000,923199000,0,0,0,3948000,367765000,48780000,48780000,0.46,0.46,0.38,46673000,-34616000,-19473000,-13115000,101845000,34445000,39.88,45.5,34.25,0.2013,0.1365,8.71,4.48,21.1,6.99,0.8398,0.0043,0.671,0.1355,1.01,0.12,2.9478
1998-12-31,106044798,106044798,1,1388064000,848028000,443013000,272908000,945051000,0,0,0,4341000,318839000,35003000,35003000,0.32,0.32,0.38,58146000,-33220000,-52164000,-27178000,114960000,33090000,39,45.44,32.56,0.2143,0.1463,8.91,4.32,20.74,6.61,0.7807,0.0046,0.6808,0.1448,1.01,0.24,3.1074
1998-09-30,106107545,106107545,1,1417092000,900268000,459086000,297785000,958006000,0,0,0,3131000,349846000,50249000,50249000,0.47,0.47,0.37,69471000,-14692000,-69543000,-7917000,142138000,25690000,38.28,44.5,32.06,0.2112,0.1454,9.03,4.33,19.83,6.23,0.779,0.0033,0.676,0.1461,1,0.41,3.0232
1998-06-30,107199495,107199495,1,1384649000,894557000,436884000,281067000,947765000,0,0,0,3900000,365253000,55907000,55907000,0.52,0.52,0.37,61019000,-17202000,-52224000,-9231000,150055000,18101000,46.28,50.31,42.25,0.2137,0.1485,8.84,5.24,23.26,5.86,0.7552,0.0041,0.6845,0.15,0.99,0.4,3.1827
1998-03-31,107764894,107764894,1,1381188000,896542000,428082000,272110000,953106000,0,0,0,4232000,373411000,62626000,62626000,0.58,0.58,0.37,27790000,17139000,-100377000,-57708000,159286000,12860000,46.97,51.88,42.06,0.2167,0.1512,8.84,5.07,23.6,5.49,0.7281,0.0044,0.6901,0.1535,0.99,0.14,3.2948
1997-12-31,107878144,107878144,1,1422261000,935459000,421773000,264861000,1000488000,0,0,0,5114000,306266000,34961000,34961000,0.31,None,0.37,56976000,-17255000,-53340000,-16465000,216994000,21110000,48.47,51.88,45.06,0.2132,0.1495,9.27,5.12,23.64,5.12,0.7233,0.0051,0.7034,0.153,0.98,0.33,3.5319
1997-09-30,109178599,109178599,1,1473407000,993416000,440253000,290802000,1033154000,0,0,0,6080000,356242000,56715000,56715000,0.52,None,0.36,81057000,-13293000,-41215000,24930000,233459000,12970000,50.97,53.44,48.5,0.2151,0.1514,9.46,5.41,25.36,4.75,0.7018,0.0059,0.7012,0.1552,0.98,0.62,3.4161
1997-06-30,109279253,109279253,1,1478824000,992376000,448706000,301658000,1030118000,0,0,0,7351000,381470000,63309000,63309000,0.58,None,0.36,58280000,-6129000,-46438000,1274000,208529000,14511000,46.25,52.5,40,0.2082,0.1475,9.43,4.9,27.37,4.39,0.7052,0.0071,0.6966,0.1528,0.96,0.4,3.2897
1997-03-31,109119265,109119265,1,1463784000,976906000,434138000,285041000,1029646000,0,0,0,6977000,382813000,63244000,63244000,0.58,None,0.36,42835000,-8329000,-81975000,-54115000,207255000,9620000,44.81,47.13,42.5,0.1731,0.1236,9.44,4.56,26.2,4.03,0.8228,0.0068,0.7034,0.1302,0.95,0.3,3.4272
1996-12-31,109468103,109468103,1,1506913000,1006356000,430376000,280464000,1076537000,0,0,0,8289000,324024000,40912000,40912000,0.37,None,0.36,83140000,-10982000,-56330000,14279000,261370000,15935000,43.94,47.13,40.75,0.1717,0.1238,9.83,4.4,25.85,3.67,0.8021,0.0077,0.7144,0.1322,0.94,0.61,3.5882
1996-09-30,110325234,110325234,1,1534094000,1038689000,432516000,288836000,1101578000,0,0,0,8834000,354865000,53115000,53115000,0.48,None,0.34,94101000,-4402000,-69026000,20291000,247091000,18212000,44.44,47.88,41,0.1692,0.1226,9.98,4.42,24.83,3.31,0.7979,0.008,0.7181,0.1326,0.92,0.69,3.5961
1996-06-30,110724373,110724373,1,1547732000,1058980000,434408000,291814000,1113324000,0,0,0,9892000,374397000,29703000,29703000,0.26,None,0.34,83743000,-45466000,-37865000,-3446000,226800000,24363000,47.69,50.75,44.63,0.1776,0.1296,10.05,4.68,21.58,2.97,0.7413,0.0089,0.7193,0.1393,0.93,0.54,3.629
1996-03-31,111022501,111022501,1,1544999000,1042956000,413742000,272611000,1131257000,0,0,0,10283000,382767000,66164000,66164000,0.6,None,0.34,47015000,-31218000,-32870000,-21184000,230246000,20915000,49.51,51.88,47.13,0.2184,0.1598,10.19,4.92,22.1,2.63,0.5893,0.0091,0.7322,0.1691,0.95,0.24,3.8258
1995-12-31,111038399,111038399,1,1534269000,1035977000,417709000,276401000,1116560000,0,0,0,11616000,311504000,39833000,39833000,0.36,None,0.34,87080000,51863000,-36622000,100758000,251430000,38404000,50.88,55.88,45.88,0.2236,0.163,10.06,5.04,22.41,2.29,0.5676,0.0104,0.7277,0.1729,0.94,0.44,3.7481
1995-09-30,110966260,110966260,1,1517116000,1047718000,396684000,260906000,1120432000,0,0,0,12089000,360083000,63326000,63326000,0.57,None,0.31,81770000,-59753000,-51813000,-32678000,150672000,19061000,49.88,53.38,46.38,0.2323,0.169,10.1,4.96,22.37,1.95,0.5032,0.0108,0.7385,0.1761,0.96,0.57,4.0157
1995-06-30,111282278,111282278,1,1535191000,1065868000,415953000,281275000,1119238000,0,0,0,15603000,394306000,75702000,75702000,0.68,None,0.31,47934000,-33608000,-51807000,-37275000,183350000,18959000,49.63,53.63,45.63,0.2343,None,10.06,5.05,23.3,1.64,0.4947,0.0139,0.7291,0.1752,0.97,0.26,3.7894
1995-03-31,111576729,111576729,1,1519641000,1060048000,424319000,292595000,1095322000,0,0,0,15102000,373594000,69956000,69956000,0.63,None,0.31,27554000,-23637000,-30936000,-9956000,219652000,18059000,49.13,53.13,45.13,0.2325,None,9.82,5.44,24.2,1.33,0.4986,0.0138,0.7208,0.1736,0.97,0.09,3.6229
1994-12-31,111590497,111590497,1,1399725000,964486000,391646000,259723000,1008079000,0,0,0,14342000,304806000,43259000,43259000,0.39,None,0.21,70627000,-8740000,-32309000,26182000,230581000,27600000,44.13,47.88,40.38,None,None,9.03,4.88,None,1.02,0.5029,0.0142,0.7202,None,None,0.39,3.7135
1994-09-30,111434266,111434266,1,1392117000,979204000,384430000,252963000,1007687000,0,0,0,14754000,341684000,58906000,58906000,0.53,None,0.27,76490000,-37904000,-30677000,11008000,204399000,29366000,41.63,44.38,38.88,None,None,9.04,4.8,None,0.81,None,0.0146,0.7239,None,None,0.42,3.8709
1994-06-30,111364554,111364554,1,1336898000,948370000,370736000,242527000,966162000,0,0,0,15803000,345210000,64916000,64916000,0.58,None,0.27,48982000,-40249000,-41516000,-25386000,193391000,28088000,38.06,40.5,35.63,None,None,8.68,4.64,None,0.54,None,0.0164,0.7227,None,None,0.19,3.9104
1994-03-31,111369893,111369893,1,1269287000,908240000,356351000,227586000,912936000,0,0,0,18035000,323537000,58941000,58941000,0.53,None,0.27,43432000,39382000,-54228000,31572000,218777000,16081000,37.44,39.25,35.63,None,None,8.2,None,None,0.27,None,0.0198,0.7193,None,None,0.25,3.9908
