"Quarter end","Shares","Shares split adjusted","Split factor","Assets","Current Assets","Liabilities","Current Liabilities","Shareholders equity","Non-controlling interest","Preferred equity","Goodwill & intangibles","Long-term debt","Revenue","Earnings","Earnings available for common stockholders","EPS basic","EPS diluted","Dividend per share","Cash from operating activities","Cash from investing activities","Cash from financing activities","Cash change during period","Cash at end of period","Capital expenditures","Price","Price high","Price low","ROE","ROA","Book value of equity per share","P/B ratio","P/E ratio","Cumulative dividends per share","Dividend payout ratio","Long-term debt to equity ratio","Equity to assets ratio","Net margin","Asset turnover","Free cash flow per share","Current ratio"
2019-05-04,512334476,512334476,1,40619000000,11607000000,29502000000,13239000000,11117000000,0,0,0,11357000000,17627000000,795000000,795000000,1.54,1.53,0.64,323000000,-649000000,-57000000,-383000000,1173000000,650000000,76.36,83.65,69.07,0.2699,0.0729,21.7,3.49,13.86,22.18,0.441,1.0216,0.2737,0.0396,1.84,-0.64,0.8767
2019-02-02,516333213,516333213,1,41290000000,12519000000,29993000000,15014000000,11297000000,0,0,699000000,10223000000,23209000000,798000000,798000000,1.53,1.52,0.64,2349000000,-597000000,-1021000000,731000000,1556000000,597000000,74.04,87.93,60.15,0.2628,0.0717,21.88,3.49,12.36,21.54,0.4535,0.9049,0.2736,0.039,1.84,3.39,0.8338
2018-11-03,521833603,521833603,1,43572000000,14639000000,32492000000,17590000000,11080000000,0,0,0,10104000000,17590000000,622000000,622000000,1.18,1.17,0.64,900000000,-981000000,-274000000,-355000000,825000000,993000000,84.88,90.39,79.37,0.2873,0.0802,21.23,4,14.89,20.9,0.4122,0.9119,0.2543,0.0433,1.86,-0.18,0.8322
2018-08-04,526350987,526350987,1,39996000000,11503000000,28829000000,14038000000,11167000000,0,0,0,10108000000,17776000000,799000000,799000000,1.5,1.49,0.64,2210000000,-1020000000,-1070000000,120000000,1180000000,1018000000,75.14,81.95,68.33,0.2743,0.0781,21.22,3.59,13.84,20.26,0.432,0.9052,0.2792,0.0419,1.87,2.26,0.8194
2018-05-05,533134856,533134856,1,38929000000,10876000000,27771000000,12044000000,11158000000,0,0,0,11107000000,16781000000,718000000,718000000,1.34,1.33,0.62,514000000,-818000000,-1279000000,-1583000000,1060000000,823000000,72.94,78.43,67.44,0.2635,0.0762,20.93,3.36,13.68,19.62,0.4511,0.9954,0.2866,0.0409,1.86,-0.58,0.903
2018-02-03,538796010,538796010,1,38999000000,12564000000,27290000000,13201000000,11709000000,0,0,782000000,11317000000,22766000000,1101000000,1101000000,2.04,2,0.62,2434000000,-991000000,-1525000000,-82000000,2643000000,480000000,66.37,78.7,54.04,0.261,0.0761,21.73,3.24,13.91,19,0.457,0.9665,0.3002,0.0408,1.86,3.63,0.9517
2017-10-28,543572649,543572649,1,40708000000,14709000000,29571000000,15376000000,11137000000,0,0,0,11277000000,16667000000,480000000,480000000,0.88,0.88,0.62,1566000000,-823000000,-309000000,434000000,2725000000,841000000,58.76,63.62,53.9,0.2398,0.0694,20.49,2.89,11.87,18.38,0.505,1.0126,0.2736,0.038,1.83,1.33,0.9566
2017-07-29,546231798,546231798,1,37366000000,11620000000,26268000000,12729000000,11098000000,0,0,0,10892000000,16429000000,672000000,672000000,1.22,1.22,0.62,1620000000,-779000000,-1230000000,-389000000,2291000000,708000000,53.61,58.65,48.56,0.2517,0.0738,20.32,2.68,10.96,17.76,0.4818,0.9814,0.297,0.0399,1.85,1.67,0.9129
2017-04-29,551708283,551708283,1,37218000000,11739000000,26197000000,12392000000,11021000000,0,0,0,11086000000,16017000000,681000000,681000000,1.23,1.23,0.6,1303000000,-482000000,-653000000,168000000,2680000000,473000000,59.9,67.08,52.72,0.2498,0.074,19.98,3.02,12.72,17.14,0.4826,1.0059,0.2961,0.0402,1.84,1.5,0.9473
2017-01-28,552675341,552675341,1,37431000000,11990000000,26478000000,12708000000,10953000000,0,0,259000000,11031000000,20689000000,817000000,817000000,1.45,1.44,0.6,2555000000,-335000000,-939000000,1281000000,2512000000,340000000,71.16,78.61,63.7,0.2373,0.0714,19.82,3.61,12.73,16.54,0.4909,1.0071,0.2926,0.0394,1.81,4.01,0.9435
2016-10-29,561695464,561695464,1,38603000000,12842000000,27534000000,12642000000,11069000000,0,0,0,12097000000,16441000000,608000000,608000000,1.07,1.06,0.6,1393000000,-469000000,-1173000000,-249000000,1231000000,491000000,71.72,76.44,67.01,0.278,0.0858,19.71,3.56,13.28,15.94,0.4028,1.0929,0.2867,0.0475,1.81,1.61,1.0158
2016-07-30,574864718,574864718,1,37288000000,11503000000,25711000000,11003000000,11577000000,0,0,0,12063000000,16169000000,680000000,680000000,1.17,1.16,0.6,1241000000,-390000000,-3407000000,-2556000000,1480000000,388000000,73,80.51,65.5,0.2612,0.0826,20.14,3.43,13.47,15.34,0.4125,1.042,0.3105,0.0459,1.8,1.48,1.0454
2016-04-30,589274533,589274533,1,39908000000,13948000000,27363000000,12019000000,12545000000,0,0,0,12596000000,16196000000,632000000,632000000,1.06,1.05,0.56,247000000,-279000000,22000000,-10000000,4036000000,282000000,75.78,84.14,67.43,0.255,0.0828,21.29,3.51,14.16,14.74,0.4056,1.0041,0.3143,0.0461,1.8,-0.06,1.1605
2016-01-30,599982121,599982121,1,40262000000,14130000000,27305000000,12622000000,12957000000,0,0,278000000,11945000000,21626000000,1426000000,1426000000,2.33,2.32,0.56,2084000000,1577000000,-1592000000,2069000000,4046000000,302000000,72.91,78.23,67.59,0.2476,0.0826,21.6,3.39,None,14.18,0.4059,0.9219,0.3218,0.0456,1.81,2.97,1.1195
2015-10-31,616051610,616051610,1,41696000000,15204000000,28440000000,13858000000,13256000000,0,0,0,11951000000,17613000000,549000000,549000000,0.89,0.87,0.56,971000000,-437000000,-1299000000,-765000000,1977000000,411000000,78.27,84.62,71.91,-0.0508,-0.0172,21.52,3.53,None,13.62,None,0.9016,0.3179,None,1.77,0.91,1.0971
2015-08-01,628430247,628430247,1,40386000000,13358000000,26444000000,11613000000,13942000000,0,0,0,11883000000,17427000000,753000000,753000000,1.18,1.18,0.56,1238000000,-326000000,-938000000,-26000000,2742000000,351000000,81.13,85.81,76.46,-0.0616,-0.0214,22.19,3.65,None,13.06,None,0.8523,0.3452,None,1.72,1.41,1.1503
2015-05-02,638491711,638491711,1,40446000000,13198000000,26272000000,10648000000,14174000000,0,0,0,12654000000,17119000000,635000000,635000000,0.99,0.98,0.52,1551000000,-306000000,-687000000,558000000,2768000000,346000000,77.94,83.98,71.9,-0.0931,-0.0329,22.2,3.57,None,12.5,None,0.8928,0.3504,None,1.68,1.89,1.2395
2015-01-31,641738798,641738798,1,41404000000,14087000000,27407000000,11736000000,13997000000,0,0,302000000,12705000000,20430000000,-2640000000,-2640000000,-4.14,-4.14,0.52,2389000000,-510000000,-448000000,1430000000,2210000000,205000000,69.13,77.13,61.12,-0.1034,-0.0371,21.81,2.69,29.05,11.98,None,0.9077,0.3381,None,1.65,3.4,1.2003
2014-11-01,636964385,636964385,1,46461000000,13838000000,30088000000,13525000000,16373000000,0,0,0,13809000000,17732000000,351000000,351000000,0.55,0.55,0.52,536000000,-434000000,-123000000,-23000000,780000000,478000000,60.72,63.93,57.5,0.0931,0.034,25.7,2.34,25.62,11.46,0.7905,0.8434,0.3524,0.0207,1.64,0.09,1.0231
2014-08-02,633716483,633716483,1,44455000000,11554000000,28022000000,11336000000,16433000000,0,0,0,13852000000,17406000000,235000000,235000000,0.37,0.36,0.52,994000000,-444000000,-456000000,88000000,803000000,452000000,58.36,61.38,55.34,0.0928,0.0338,25.93,2.24,19.72,10.94,0.7565,0.8429,0.3697,0.0207,1.63,0.86,1.0192
2014-05-03,633704405,633704405,1,44042000000,11023000000,27556000000,12040000000,16486000000,0,0,0,12612000000,17050000000,418000000,418000000,0.66,0.66,0.43,520000000,-538000000,29000000,20000000,715000000,556000000,58.8,62.54,55.07,0.1166,0.0422,26.02,2.29,19.15,10.42,0.5753,0.765,0.3743,0.0259,1.63,-0.06,0.9155
2014-02-01,633174692,633174692,1,44553000000,11573000000,28322000000,12777000000,16231000000,0,0,357000000,12622000000,21515000000,521000000,521000000,0.82,0.81,0.43,1767000000,-582000000,-1218000000,-11000000,695000000,601000000,61.77,66.89,56.64,0.1214,0.044,25.63,2.42,16.6,9.99,0.5309,0.7776,0.3643,0.0272,1.62,1.84,0.9058
2013-11-02,632087699,632087699,1,46373000000,13153000000,30217000000,14551000000,16156000000,0,0,0,12665000000,17258000000,341000000,341000000,0.54,0.54,0.43,644000000,-958000000,2000000,-312000000,706000000,897000000,67.06,71.99,62.13,0.1478,0.0527,25.56,2.64,16.2,9.56,0.4169,0.7839,0.3484,0.0327,1.61,-0.4,0.9039
2013-08-03,631124948,631124948,1,44162000000,11403000000,28142000000,12616000000,16020000000,0,0,0,12655000000,17117000000,611000000,611000000,0.96,0.95,0.43,879000000,-984000000,-699000000,-801000000,1018000000,987000000,70.81,73.32,68.29,0.1654,0.0582,25.38,2.75,16.66,9.13,0.3574,0.79,0.3628,0.0368,1.58,-0.17,0.9039
2013-05-04,641703245,641703245,1,44234000000,11857000000,27714000000,11159000000,16520000000,0,0,0,13691000000,16706000000,498000000,498000000,0.78,0.77,0.36,3230000000,2253000000,-4449000000,1035000000,1819000000,882000000,65.76,70.67,60.85,0.1714,0.0592,25.74,2.55,14.55,8.7,0.3328,0.8288,0.3735,0.0383,1.55,3.66,1.0626
2013-02-02,641387165,641387165,1,48163000000,16388000000,31605000000,14031000000,16558000000,0,0,224000000,14654000000,22726000000,961000000,961000000,1.48,1.46,0.36,1977000000,-830000000,-1833000000,-685000000,784000000,908000000,61.53,64.48,58.57,0.1855,0.0627,25.82,2.45,13.67,8.34,0.2999,0.885,0.3438,0.0409,1.53,1.67,1.168
2012-10-27,650794426,650794426,1,49579000000,18495000000,33227000000,15709000000,16352000000,0,0,0,14526000000,16929000000,637000000,637000000,0.97,0.96,0.36,877000000,-598000000,-253000000,27000000,1469000000,718000000,63.03,65.44,60.62,0.1889,0.0637,25.13,2.6,14.46,7.98,0.2878,0.8883,0.3298,0.042,1.52,0.24,1.1774
2012-07-28,654885290,654885290,1,47325000000,16415000000,31428000000,13329000000,15897000000,0,0,0,14479000000,16779000000,704000000,704000000,1.07,1.06,0.36,1164000000,-768000000,366000000,767000000,1442000000,757000000,58.38,61.95,54.81,0.1869,0.0623,24.27,2.43,13.48,7.62,0.2847,0.9108,0.3359,0.0412,1.51,0.62,1.2315
2012-04-28,661205822,661205822,1,46175000000,15591000000,30312000000,12446000000,15863000000,0,0,0,13467000000,16867000000,697000000,697000000,1.05,1.04,0.3,1307000000,-659000000,-768000000,-119000000,675000000,828000000,54.59,58.86,50.33,0.1893,0.0629,23.99,2.31,12.75,7.26,0.2734,0.849,0.3435,0.0415,1.52,0.72,1.2527
2012-01-28,668486970,668486970,1,46630000000,16449000000,30809000000,14287000000,15821000000,0,0,242000000,13697000000,21288000000,981000000,981000000,1.48,1.44,0.3,2459000000,-576000000,-1904000000,-27000000,794000000,588000000,53.06,57.13,49,0.1907,0.0638,23.67,2.33,12.37,6.96,0.2652,0.8657,0.3393,0.0419,1.52,2.8,1.1513
2011-10-29,671596926,671596926,1,48447000000,18372000000,33183000000,14139000000,15264000000,0,0,0,16156000000,16402000000,555000000,555000000,0.82,0.82,0.3,639000000,-1469000000,787000000,-43000000,821000000,1366000000,49.07,51.81,46.33,0.1953,0.0661,22.73,2.19,11.66,6.66,0.2513,1.0584,0.3151,0.0431,1.53,-1.08,1.2994
2011-07-30,675227176,675227176,1,45499000000,16059000000,30393000000,11620000000,15106000000,0,0,0,16160000000,16240000000,704000000,704000000,1.03,1.03,0.3,1284000000,-1765000000,-53000000,-534000000,890000000,1746000000,53.34,58.05,48.64,0.1952,0.0669,22.37,2.41,13.01,6.36,0.2447,1.0698,0.332,0.0433,1.55,-0.68,1.382
2011-04-30,689145299,689145299,1,42996000000,16368000000,27766000000,10838000000,15230000000,0,0,0,14416000000,15935000000,689000000,689000000,0.99,0.99,0.25,1052000000,-370000000,-970000000,-288000000,1424000000,631000000,52.25,55.39,49.1,0.1931,0.067,22.1,2.34,13.03,6.06,0.2393,0.9466,0.3542,0.0434,1.55,0.61,1.5102
2011-01-29,693063352,693063352,1,43705000000,17213000000,28218000000,10070000000,15487000000,0,0,223000000,15607000000,20660000000,1035000000,1035000000,1.45,1.45,0.25,2419000000,-428000000,-1215000000,776000000,1712000000,489000000,57.13,60.77,53.48,0.1908,0.0665,22.35,2.72,15.03,5.81,0.2246,1.0077,0.3544,0.0433,1.53,2.78,1.7093
2010-10-30,708081740,708081740,1,44949000000,18346000000,30070000000,11790000000,14879000000,0,0,0,15680000000,15605000000,535000000,535000000,0.75,0.74,0.25,1024000000,-591000000,-1037000000,-604000000,936000000,612000000,52.88,55.05,50.72,0.1847,0.0639,21.01,2.5,14.53,5.56,0.2156,1.0538,0.331,0.0422,1.52,0.58,1.5561
2010-07-31,721447816,721447816,1,43655000000,17245000000,28387000000,10100000000,15268000000,0,0,0,15737000000,15532000000,679000000,679000000,0.93,0.92,0.25,670000000,-550000000,-158000000,-38000000,1540000000,564000000,53.06,57.13,49,0.178,0.0613,21.16,2.51,15.12,5.31,0.2054,1.0307,0.3497,0.0409,1.5,0.15,1.7074
2010-05-01,736470956,736470956,1,43323000000,17222000000,27726000000,10197000000,15597000000,0,0,0,14794000000,15593000000,671000000,671000000,0.91,0.9,0.17,1158000000,-175000000,-1605000000,-622000000,1578000000,395000000,53.34,58.05,48.64,0.1743,0.0592,21.18,2.57,16.16,5.06,0.1893,0.9485,0.36,0.0399,1.49,1.04,1.6889
2010-01-30,739316518,739316518,1,44533000000,18424000000,29186000000,11327000000,15347000000,0,0,0,15118000000,20181000000,936000000,936000000,1.25,1.24,0.17,2854000000,-269000000,-1249000000,1336000000,2200000000,281000000,48.66,52.02,45.3,0.1686,0.0556,20.76,2.45,16.95,4.89,0.1986,0.9851,0.3446,0.0381,1.46,3.48,1.6266
2009-10-31,752312784,752312784,1,45979000000,19583000000,31008000000,12398000000,14971000000,0,0,0,15895000000,15276000000,436000000,436000000,0.58,0.58,0.17,976000000,-462000000,-607000000,-93000000,864000000,397000000,46.37,51.35,41.38,0.1506,0.0484,19.9,2.39,16.68,4.72,0.2263,1.0617,0.3256,0.0334,1.45,0.77,1.5795
2009-08-01,751859198,751859198,1,44233000000,17683000000,29631000000,9810000000,14602000000,0,0,0,17441000000,15067000000,594000000,594000000,0.79,0.79,0.16,1052000000,-600000000,-866000000,-414000000,957000000,484000000,40.27,43.79,36.75,0.1495,0.0466,19.42,2.15,14.33,4.55,0.23,1.1944,0.3301,0.0324,1.44,0.76,1.8025
2009-05-02,752279589,752279589,1,44212000000,17551000000,30093000000,10249000000,14119000000,0,0,0,17514000000,14833000000,522000000,522000000,0.69,0.69,0.16,999000000,-372000000,-120000000,507000000,1371000000,534000000,33.31,41.26,25.37,0.1556,0.0473,18.77,1.83,11.65,4.39,0.2259,1.2405,0.3193,0.0328,1.44,0.62,1.7125
2009-01-31,752672699,752672699,1,44106000000,17488000000,30394000000,10512000000,13712000000,0,0,0,17490000000,19560000000,609000000,609000000,0.81,0.81,0.16,2650000000,-1010000000,-1694000000,-54000000,864000000,707000000,34.16,41.35,26.96,0.1607,0.0494,18.22,1.89,10.41,4.23,0.2126,1.2755,0.3109,0.0341,1.45,2.58,1.6636
2008-11-01,752780059,752780059,1,47041000000,20239000000,33461000000,13496000000,13580000000,0,0,0,17444000000,15114000000,369000000,369000000,0.49,0.49,0.16,26000000,-1158000000,523000000,-609000000,918000000,862000000,45.29,57.89,32.69,0.1858,0.0587,18.04,2.54,13.52,4.07,0.1762,1.2845,0.2887,0.0404,1.45,-1.11,1.4996
2008-08-02,754657931,754657931,1,45140000000,18620000000,31683000000,11359000000,13457000000,0,0,0,17932000000,15472000000,634000000,634000000,0.82,0.82,0.16,1014000000,-1239000000,1132000000,907000000,1527000000,991000000,49.39,55.1,43.68,0.1854,0.0625,17.83,2.68,14.83,3.91,0.1674,1.3325,0.2981,0.0423,1.48,0.03,1.6392
2008-05-03,778498919,778498919,1,42830000000,16759000000,28473000000,10959000000,14357000000,0,0,0,15130000000,14802000000,602000000,602000000,0.75,0.74,0.14,740000000,-966000000,-1604000000,-1830000000,620000000,948000000,51.7,54.89,48.5,0.1813,0.0658,18.44,2.75,15.48,3.75,0.1634,1.0538,0.3352,0.0437,1.51,-0.27,1.5292
2008-02-02,813034094,813034094,1,44560000000,18906000000,29253000000,11782000000,15307000000,0,0,0,15126000000,19871000000,1029000000,1029000000,1.24,1.23,0.14,2539000000,-1663000000,947000000,1823000000,2450000000,909000000,54.11,60.13,48.08,0.1805,0.0688,18.83,2.78,15.91,3.61,0.1582,0.9882,0.3435,0.045,1.53,2,1.6047
2007-11-03,830844997,830844997,1,43289000000,18334000000,27129000000,13563000000,16160000000,0,0,0,11239000000,14835000000,483000000,483000000,0.57,0.56,0.14,383000000,-1795000000,1484000000,72000000,627000000,1018000000,62.84,67.57,58.11,0.1852,0.0742,19.45,3.34,18.32,3.47,0.1498,0.6955,0.3733,0.0465,1.6,-0.76,1.3518
2007-08-04,846602115,846602115,1,39466000000,15132000000,23512000000,11022000000,15954000000,0,0,0,10152000000,14620000000,686000000,686000000,0.81,0.8,0.14,741000000,-1606000000,451000000,-414000000,555000000,1168000000,63.73,70.14,57.31,0.1907,0.0774,18.84,3.45,19.14,3.33,0.1441,0.6363,0.4042,0.0478,1.62,-0.5,1.3729
2007-05-05,851488525,851488525,1,38284000000,14709000000,22573000000,10097000000,15711000000,0,0,0,10151000000,14041000000,651000000,651000000,0.76,0.75,0.12,462000000,-1131000000,825000000,156000000,969000000,1179000000,61.45,64.32,58.58,0.1906,0.0775,18.45,3.37,19.14,3.19,0.1426,0.6461,0.4104,0.0475,1.63,-0.84,1.4568
2007-02-03,858580232,858580232,1,37349000000,14706000000,21716000000,11117000000,15633000000,0,0,0,8675000000,19710000000,1118000000,1118000000,1.29,1.29,0.12,3150000000,-1387000000,-1401000000,362000000,813000000,882000000,59.19,62.35,56.03,0.1884,0.0767,18.21,3.44,19.86,3.07,0.1419,0.5549,0.4186,0.0468,1.64,2.64,1.3228
2006-10-28,858887468,858887468,1,37867000000,15348000000,23067000000,11921000000,14800000000,0,0,0,9123000000,13570000000,506000000,506000000,0.59,0.59,0.12,543000000,-1238000000,669000000,-26000000,451000000,1100000000,52.5,59.72,45.28,0.1806,0.0729,17.23,3.14,18.23,2.95,0.1455,0.6164,0.3908,0.046,1.59,-0.65,1.2875
2006-07-29,858692838,858692838,1,35423000000,13589000000,21050000000,9660000000,14373000000,0,0,0,9351000000,13347000000,609000000,609000000,0.71,0.7,0.12,642000000,-1289000000,135000000,-512000000,477000000,1005000000,50.12,54.71,45.53,0.1796,0.0727,16.74,3.01,17.96,2.83,0.1436,0.6506,0.4058,0.0458,1.59,-0.42,1.4067
2006-04-29,863403912,863403912,1,34749000000,13556000000,20379000000,9708000000,14370000000,0,0,0,8596000000,12863000000,554000000,554000000,0.64,0.63,0.1,527000000,-779000000,-407000000,-659000000,989000000,879000000,53.33,55.8,50.85,0.1774,0.0725,16.64,3.27,19.68,2.71,0.1417,0.5982,0.4135,0.0457,1.59,-0.41,1.3964
2006-01-28,871024965,871024965,1,34995000000,14405000000,20790000000,9588000000,14205000000,0,0,0,9119000000,16947000000,939000000,939000000,1.07,1.06,0.1,2631000000,-1145000000,-341000000,1145000000,1648000000,695000000,55.73,58.85,52.61,0.1773,0.0726,16.31,3.61,21.94,2.61,0.1388,0.642,0.4059,0.0458,1.59,2.22,1.5024
2005-10-29,879183763,879183763,1,34498000000,14411000000,20942000000,9641000000,13556000000,0,0,0,9143000000,12206000000,435000000,435000000,0.49,0.49,0.1,362000000,-1066000000,511000000,-193000000,503000000,874000000,54.32,57.8,50.84,0.1713,0.07,15.42,3.55,20.5,2.51,0.1397,0.6745,0.393,0.046,1.52,-0.58,1.4948
2005-07-30,884664439,884664439,1,31919000000,12337000000,18397000000,8037000000,13522000000,0,0,0,8226000000,11990000000,540000000,540000000,0.61,0.61,0.1,858000000,-1241000000,-73000000,-456000000,696000000,1048000000,53.13,59.98,46.28,0.1829,0.0747,15.28,3.6,14.84,2.41,0.1268,0.6083,0.4236,0.0494,1.51,-0.21,1.535
2005-04-30,883370639,883370639,1,31295000000,12455000000,18248000000,7173000000,13047000000,0,0,0,9005000000,11477000000,494000000,494000000,0.56,0.55,0.08,600000000,-697000000,-996000000,-1093000000,1152000000,713000000,49.45,52.5,46.41,0.256,0.1028,14.77,3.36,14.09,2.31,0.0877,0.6902,0.4169,0.0696,1.48,-0.13,1.7364
2005-01-29,885553006,885553006,1,32293000000,13922000000,19264000000,8220000000,13029000000,0,0,0,9034000000,13787000000,807000000,807000000,0.91,0.89,0.08,2432000000,-1523000000,-280000000,658000000,2245000000,821000000,50.47,52.43,48.5,0.2597,0.1011,14.71,3.64,14.3,2.23,0.0871,0.6934,0.4035,0.0683,1.48,1.82,1.6937
2004-10-30,895425855,895425855,1,31786000000,13777000000,19388000000,8485000000,12398000000,0,0,0,9082000000,10909000000,537000000,537000000,0.6,0.6,0.08,-225000000,889000000,-715000000,-148000000,1587000000,804000000,45.22,50.02,40.42,0.2726,0.1026,13.85,3.3,13.87,2.15,0.0843,0.7325,0.39,0.0663,1.55,-1.15,1.6237
2004-07-31,903334589,903334589,1,31295000000,13038000000,18929000000,7952000000,12366000000,0,0,0,9057000000,10556000000,1416000000,1416000000,1.55,1.54,0.08,None,None,None,1121000000,1735000000,728000000,43.61,46.43,40.8,0.2647,0.0954,13.69,3.47,20.67,2.07,0.0883,0.7324,0.3951,0.061,1.57,None,1.6396
2004-05-01,913449689,913449689,1,31123000000,12375000000,19660000000,8235000000,11463000000,0,0,0,9586000000,11587000000,438000000,438000000,0.48,0.48,0.07,686000000,-659000000,-121000000,-94000000,622000000,659000000,42.11,45.63,38.59,0.1802,0.0625,12.55,3.47,20.95,1.99,0.1323,0.8363,0.3683,0.039,1.6,0.03,1.5027
2004-01-31,913038837,913038837,1,31392000000,12928000000,20327000000,8314000000,11065000000,0,0,0,10217000000,15571000000,832000000,832000000,0.92,0.91,0.07,2314000000,-624000000,-1469000000,221000000,716000000,624000000,38.6,40.15,37.05,0.179,0.0605,12.12,3.43,20.86,1.92,0.1337,0.9234,0.3525,0.0382,1.58,1.85,1.555
2003-11-01,911461876,911461876,1,31424000000,13284000000,21159000000,8596000000,10265000000,0,0,0,11003000000,11286000000,302000000,302000000,0.33,0.33,0.07,283000000,-779000000,562000000,66000000,495000000,779000000,39.55,41.54,37.55,0.1718,0.0571,11.26,3.59,21.73,1.85,0.1396,1.0719,0.3267,0.0364,1.57,-0.54,1.5454
2003-08-02,910937907,910937907,1,29634000000,11973000000,19590000000,6961000000,10044000000,0,0,0,11088000000,10984000000,358000000,358000000,0.39,0.39,0.07,808000000,-861000000,30000000,-23000000,429000000,861000000,36.44,39.82,33.06,0.176,0.0576,11.03,3.4,20.13,1.78,0.1361,1.1039,0.3389,0.0367,1.57,-0.06,1.72
2003-05-03,910756174,910756174,1,29172000000,11992000000,19412000000,6801000000,9760000000,0,0,0,11118000000,10322000000,349000000,349000000,0.38,0.38,0.06,-245000000,-655000000,594000000,-306000000,452000000,655000000,29.75,33.44,26.06,0.1818,0.0583,10.72,2.87,16.44,1.71,0.1317,1.1391,0.3346,0.0371,1.57,-0.99,1.7633
2003-02-01,910601217,910601217,1,28603000000,11935000000,19160000000,7523000000,9443000000,0,0,0,10186000000,14061000000,688000000,688000000,0.75,0.75,0.06,1554000000,-811000000,-819000000,-76000000,758000000,811000000,31.37,35.74,27,0.1895,0.0603,10.37,3.26,17.62,1.65,0.1319,1.0787,0.3301,0.0377,1.6,0.82,1.5865
2002-11-02,908771586,908771586,1,28675000000,12475000000,19919000000,8137000000,8756000000,0,0,0,10559000000,10194000000,277000000,277000000,0.31,0.3,0.06,-531000000,-910000000,520000000,-921000000,834000000,910000000,31.7,37.25,26.15,0.1949,0.0617,9.63,3.38,18.87,1.59,0.1286,1.2059,0.3054,0.0377,1.64,-1.59,1.5331
2002-08-03,908388817,908388817,1,27259000000,11720000000,18742000000,7801000000,8517000000,0,0,0,9735000000,10068000000,344000000,344000000,0.38,0.38,0.06,1193000000,-774000000,891000000,1310000000,1755000000,775000000,37.7,44.94,30.46,0.1931,0.061,9.38,4.17,23.56,1.53,0.1331,1.143,0.3124,0.0363,1.68,0.46,1.5024
2002-05-04,907239827,907239827,1,25189000000,10195000000,16995000000,6851000000,8194000000,0,0,0,8943000000,9594000000,345000000,345000000,0.38,0.38,0.06,-626000000,-694000000,1266000000,-54000000,445000000,693000000,43.59,45.72,41.45,0.1932,0.0618,9.03,5.03,29.06,1.47,0.1364,1.0914,0.3253,0.0355,1.74,-1.45,1.4881
2002-02-02,906761408,906761408,1,24154000000,9648000000,16294000000,7054000000,7860000000,0,0,0,8088000000,13237000000,658000000,658000000,0.74,0.72,0.05,1259000000,-736000000,-448000000,75000000,499000000,731000000,39.26,44.41,34.11,0.1903,0.061,8.67,4.95,28.45,1.41,0.1419,1.029,0.3254,0.0343,1.78,0.58,1.3677
2001-11-03,902788282,902788282,1,23862000000,9872000000,16704000000,6938000000,7158000000,0,0,0,8711000000,9354000000,185000000,185000000,0.2,0.2,0.055,-130000000,-1218000000,974000000,-374000000,424000000,824000000,32.86,39.03,26.68,0.1841,0.0594,7.93,4.23,23.14,1.36,0.1535,1.217,0.3,0.0324,1.83,-1.06,1.4229
2001-08-04,901672777,901672777,1,21245000000,7820000000,14247000000,6201000000,6998000000,0,0,0,6999000000,8952000000,271000000,271000000,0.3,0.3,0.055,1020000000,-503000000,-86000000,431000000,798000000,723000000,36.34,39.93,32.74,0.1972,0.064,7.76,4.85,25.96,1.3,0.1496,1.0001,0.3294,0.0338,1.89,0.33,1.2611
2001-05-05,900073471,900073471,1,20376000000,7438000000,13632000000,6417000000,6744000000,0,0,0,6174000000,8345000000,254000000,254000000,0.28,0.28,0.055,-157000000,-853000000,1021000000,11000000,367000000,853000000,36.6,39.25,33.95,0.2032,0.0661,7.49,5.05,26.52,1.25,0.1477,0.9155,0.331,0.0341,1.94,-1.12,1.1591
2001-02-03,899069348,899069348,1,19490000000,7304000000,12971000000,6301000000,6519000000,0,0,0,5634000000,12324000000,552000000,552000000,0.62,0.6,0.05,1416000000,-741000000,-689000000,-14000000,356000000,737000000,31.74,37.98,25.5,0.2072,0.0679,7.25,4.78,24.23,1.19,0.1463,0.8642,0.3345,0.0343,1.98,0.76,1.1592
2000-10-28,895717170,895717170,1,19625000000,7923000000,13679000000,7877000000,5946000000,0,0,0,4846000000,8582000000,215000000,215000000,0.24,0.24,0.055,-195000000,-704000000,930000000,31000000,370000000,704000000,27.31,31.88,22.75,0.2031,0.0669,6.64,4.13,20.69,1.14,0.1537,0.815,0.303,0.0342,1.96,-1,1.0058
2000-07-29,903187497,903187497,1,17932000000,6667000000,11958000000,6501000000,5974000000,0,0,0,4520000000,8251000000,258000000,258000000,0.28,0.28,0.05,749000000,-608000000,-103000000,38000000,339000000,608000000,30.97,35.72,26.22,0.2099,0.0698,6.61,4.72,24.2,1.09,0.1471,0.7566,0.3331,0.0352,1.98,0.16,1.0255
2000-04-29,454997822,909995644,2,17428000000,6537000000,11461000000,5360000000,5967000000,0,0,0,5172000000,7746000000,239000000,239000000,0.52,0.52,0.1,-65000000,-422000000,568000000,81000000,301000000,422000000,33.27,38.59,27.94,0.2085,0.0693,6.56,5.16,27.16,1.04,0.1504,0.8668,0.3424,0.0347,2,-0.54,1.2196
2000-01-29,454461188,908922376,2,17143000000,6483000000,11281000000,5850000000,5862000000,0,0,0,4521000000,10727000000,494000000,494000000,1.1,1.06,0.1,1862000000,-399000000,-1489000000,-26000000,220000000,389000000,33.94,37.5,30.38,0.2055,0.0681,6.45,5.4,29.64,0.99,0.1552,0.7712,0.3419,0.0339,2.01,1.62,1.1082
1999-10-30,438175896,876351792,2,17622000000,7104000000,12120000000,5970000000,5502000000,0,0,0,5263000000,8009000000,232000000,232000000,0.52,0.5,0.1,-67000000,-554000000,629000000,8000000,246000000,553000000,31.19,34.75,27.63,0.2001,0.0653,6.28,5.01,28.61,0.94,0.1602,0.9566,0.3122,0.0324,2.02,-0.71,1.1899
1999-07-31,440650606,881301212,2,16415000000,6229000000,10931000000,4859000000,5484000000,0,0,0,5178000000,7752000000,224000000,224000000,0.5,0.48,0.1,697000000,-497000000,-208000000,-8000000,238000000,493000000,32.59,36.22,28.97,0.1964,0.0634,6.22,5.32,31.64,0.89,0.164,0.9442,0.3341,0.0316,2.01,0.23,1.282
1999-05-01,442096020,884192040,2,15986000000,6077000000,10562000000,4461000000,5424000000,0,0,0,5216000000,7214000000,194000000,194000000,0.43,0.41,0.1,-240000000,-357000000,588000000,-9000000,246000000,357000000,33.63,37.88,29.38,0.1933,0.0613,6.13,5.9,33.97,0.84,0.1682,0.9617,0.3393,0.0306,2,-0.68,1.3623
1999-01-30,442682048,885364096,2,15666000000,6005000000,10355000000,5057000000,5311000000,0,268000000,0,4452000000,10139000000,423000000,423000000,0.95,0.9,0.09,1558000000,-346000000,-1196000000,16000000,255000000,349000000,26.61,31.88,21.34,0.1941,0.0602,5.7,4.8,28.92,0.79,0.1697,0.8828,0.3219,0.0302,1.99,1.37,1.1875
1998-10-31,440824935,881649870,2,16430000000,6942000000,11545000000,5568000000,4885000000,0,0,0,5166000000,7288000000,182000000,182000000,0.4,0.39,0.09,121000000,-439000000,320000000,2000000,239000000,437000000,20.5,24.13,16.88,0.1887,0.0572,5.54,3.8,22.91,0.74,0.1823,1.0575,0.2973,0.0292,1.96,-0.36,1.2468
1998-08-01,439944303,879888606,2,15308000000,6155000000,10567000000,4665000000,4741000000,0,0,0,5132000000,7056000000,172000000,172000000,0.38,0.36,0.09,256000000,-414000000,146000000,-12000000,237000000,408000000,23.79,26.32,21.25,0.1919,0.0576,5.39,4.55,27.99,0.7,0.1815,1.0825,0.3097,0.0291,1.98,-0.17,1.3194
1998-05-02,439069095,878138190,2,14720000000,5792000000,10123000000,4608000000,4597000000,0,0,0,4760000000,6468000000,158000000,158000000,0.35,0.33,0.09,-73000000,-456000000,567000000,38000000,249000000,356000000,20.27,22.41,18.13,0.1905,0.0562,5.23,4.26,25.5,0.65,0.1851,1.0355,0.3123,0.0284,1.98,-0.49,1.2569
1998-01-31,438699386,877398772,2,14191000000,5561000000,9731000000,4556000000,4460000000,0,280000000,0,4425000000,8953000000,356000000,356000000,0.84,0.76,0.09,1157000000,-362000000,-804000000,-9000000,211000000,362000000,16.91,18.42,15.39,0.1859,0.0536,4.76,3.59,26.22,0.61,0.192,1.0586,0.2946,0.0271,1.98,0.91,1.2206
1997-11-01,218556978,874227912,4,14491000000,6049000000,10373000000,4953000000,4118000000,0,0,0,4720000000,6622000000,160000000,160000000,0.71,0.68,0.16,381000000,-342000000,-35000000,4000000,220000000,342000000,14.74,16.38,13.1,0.1572,0.0441,4.71,3.23,25.09,0.56,0.2291,1.1462,0.2842,0.0226,1.95,0.04,1.2213
1997-08-02,218062670,872250680,4,13775000000,5539000000,9789000000,4047000000,3986000000,0,0,0,5072000000,6293000000,130000000,130000000,0.56,0.54,0.16,285000000,-375000000,49000000,-41000000,216000000,375000000,13.88,16.16,11.6,0.1485,0.0406,4.57,3.12,24.9,0.52,0.2504,1.2725,0.2894,0.021,1.93,-0.1,1.3687
1997-05-03,217659121,870636484,4,13567000000,5525000000,9690000000,4023000000,3877000000,0,0,0,5000000000,5889000000,105000000,105000000,0.45,0.44,0.16,-28000000,-152000000,236000000,56000000,257000000,152000000,10.48,11.5,9.47,0.1453,0.0391,4.45,2.59,21.46,0.48,0.2638,1.2897,0.2858,0.0204,1.92,-0.21,1.3734
1997-02-01,217555475,870221900,4,13389000000,5440000000,9599000000,4111000000,3790000000,0,271000000,0,4808000000,8167000000,214000000,214000000,0.94,0.92,0.16,1107000000,-226000000,-884000000,-3000000,201000000,226000000,9.32,9.97,8.66,0.1303,0.0348,4.04,2.25,18.92,0.44,0.2967,1.3663,0.2628,0.0181,1.91,1.01,1.3233
1996-11-02,216920781,867683124,4,14009000000,5991000000,10413000000,4494000000,3596000000,0,0,0,5235000000,6073000000,107000000,107000000,0.47,0.45,0.16,-53000000,-290000000,326000000,-17000000,204000000,290000000,8.35,9,7.69,0.1379,0.0364,4.14,2.06,19.69,0.4,0.2813,1.4558,0.2567,0.0188,1.92,-0.4,1.3331
1996-08-03,216731031,866924124,4,13012000000,5052000000,9499000000,3520000000,3513000000,0,0,0,5297000000,5751000000,101000000,101000000,0.44,0.42,0.16,313000000,-332000000,10000000,-9000000,221000000,332000000,8.22,9.16,7.28,0.1266,0.0322,4.05,2.07,23.77,0.36,0.3211,1.5078,0.27,0.0164,1.91,-0.02,1.4352
1996-05-04,72083978,865007736,12,12785000000,5005000000,9350000000,3546000000,3435000000,0,0,0,5125000000,5380000000,41000000,36000000,0.5,0.49,0.44,91000000,-350000000,314000000,55000000,230000000,350000000,7.14,8.16,6.13,0.1094,0.0269,3.97,1.96,22.79,0.32,0.3885,1.492,0.2687,0.0135,1.9,-0.3,1.4114
1996-02-03,72019463,864233556,12,12570000000,4955000000,9167000000,3523000000,3403000000,0,257000000,0,4959000000,7950000000,228000000,228000000,3.07,2.81,0.44,803000000,-387000000,-418000000,-2000000,175000000,384000000,6.09,6.47,5.72,0.1066,0.0249,3.64,1.96,16.03,0.29,0.426,1.5763,0.2503,0.0126,1.88,0.48,1.4065
1995-10-28,71901403,862816836,12,13140000000,5720000000,10114000000,4329000000,3026000000,0,351000000,0,4968000000,5573000000,44000000,39000000,0.54,0.53,0.44,60000000,-358000000,300000000,2000000,177000000,361000000,5.97,6.56,5.38,0.1303,0.0295,3.1,1.93,14.74,0.25,0.3591,1.8572,0.2036,0.0154,1.84,-0.35,1.3213
1995-07-29,71848902,862186824,12,12253000000,5054000000,9237000000,3468000000,3016000000,0,355000000,0,4969000000,5236000000,28000000,23000000,0.32,0.32,0.44,348000000,-413000000,53000000,-12000000,175000000,413000000,5.97,6.56,5.38,0.1441,0.032,3.09,1.93,13.91,0.21,0.3282,1.8673,0.2172,0.0171,1.83,-0.08,1.4573
1995-04-29,71777098,861325176,12,11940000000,4999000000,8919000000,3208000000,3021000000,0,357000000,0,4922000000,4757000000,11000000,7000000,0.1,0.1,0.44,-50000000,-347000000,437000000,40000000,187000000,347000000,5.84,6.22,5.47,0.1566,None,3.09,1.87,12.7,0.18,0.3062,1.8476,0.2231,0.0184,1.84,-0.46,1.5583
1995-01-28,71719871,860638452,12,11697000000,4959000000,8654000000,3390000000,3043000000,0,360000000,0,4488000000,6998000000,279000000,279000000,3.81,3.61,0.42,742000000,-219000000,-549000000,-26000000,147000000,210000000,6.3,7,5.61,0.1721,None,3.12,2.23,None,0.14,0.2832,1.6728,0.2294,0.0199,1.86,0.62,1.4628
1994-10-29,71645735,859748820,12,12208000000,5550000000,9417000000,3971000000,2791000000,0,363000000,0,4712000000,5046000000,67000000,67000000,0.86,0.83,0.42,-158000000,-291000000,453000000,4000000,173000000,300000000,6.66,7.17,6.15,None,None,2.82,2.39,None,0.1,None,1.9407,0.1989,None,None,-0.53,1.3976
1994-07-30,71596983,859163796,12,11089000000,4576000000,8331000000,3014000000,2758000000,0,365000000,0,4599000000,4802000000,49000000,45000000,0.62,0.61,0.42,149000000,-283000000,122000000,-12000000,169000000,283000000,6.66,6.97,6.35,None,None,2.79,2.4,None,0.07,None,1.9219,0.2158,None,None,-0.16,1.5182
1994-04-30,71563815,858765780,12,10801000000,4436000000,8059000000,2900000000,2742000000,0,366000000,0,4454000000,4465000000,39000000,34000000,0.48,0.47,0.42,159000000,-213000000,-86000000,-140000000,181000000,213000000,6,6.58,5.43,None,None,2.77,2.17,None,0.03,None,1.8746,0.22,None,None,-0.06,1.5297
1994-01-29,71548293,858579516,12,10778000000,4511000000,8041000000,3075000000,2737000000,0,368000000,0,4279000000,None,None,None,None,None,0,None,None,None,None,321000000,0,5.86,6.23,5.49,None,None,2.76,None,None,0,None,1.8062,0.2198,None,None,None,1.467
