"Quarter end","Shares","Shares split adjusted","Split factor","Assets","Current Assets","Liabilities","Current Liabilities","Shareholders equity","Non-controlling interest","Preferred equity","Goodwill & intangibles","Long-term debt","Revenue","Earnings","Earnings available for common stockholders","EPS basic","EPS diluted","Dividend per share","Cash from operating activities","Cash from investing activities","Cash from financing activities","Cash change during period","Cash at end of period","Capital expenditures","Price","Price high","Price low","ROE","ROA","Book value of equity per share","P/B ratio","P/E ratio","Cumulative dividends per share","Dividend payout ratio","Long-term debt to equity ratio","Equity to assets ratio","Net margin","Asset turnover","Free cash flow per share","Current ratio"
2019-03-31,167196499,167196499,1,3143500000,1658100000,1394300000,737200000,1749200000,0,0,803800000,277600000,748200000,89300000,89300000,0.53,0.53,0.22,21600000,77800000,-21300000,78100000,337800000,20900000,47.78,53.96,41.61,0.2501,0.1411,10.46,4.67,18.52,4.84,0.3106,0.1587,0.5564,0.1381,1.02,0,2.2492
2018-12-31,167912647,167912647,1,3071500000,1638500000,1354500000,785300000,1717000000,0,0,806100000,221400000,812500000,126300000,126300000,0.74,0.74,0.22,159700000,-27100000,-105900000,26700000,259700000,26700000,47.53,54.71,40.34,0.2571,0.1446,10.23,4.6,24.13,4.62,0.2905,0.1289,0.559,0.1393,1.04,0.79,2.0865
2018-09-30,169950947,169950947,1,3025200000,1598700000,1269000000,738900000,1756200000,0,0,812600000,193300000,754100000,104600000,104600000,0.61,0.61,0.18,116000000,-19700000,-123300000,-27000000,233000000,19000000,57.33,61.44,53.21,0.1991,0.1097,10.33,5.65,30.17,4.4,0.3409,0.1101,0.5805,0.1083,1.01,0.57,2.1636
2018-06-30,170606591,170606591,1,3085300000,1653300000,1355000000,768700000,1730300000,0,0,815500000,245400000,833300000,114500000,114500000,0.67,0.66,0.18,130000000,-800000,-111100000,18100000,260000000,22200000,61.99,66.21,57.77,0.1953,0.1056,10.14,6.21,35.02,4.22,0.3324,0.1418,0.5608,0.105,1.01,0.63,2.1508
2018-03-31,171142136,171142136,1,3106900000,1669100000,1398500000,766900000,1708400000,0,0,820400000,285800000,788000000,98800000,98800000,0.58,0.57,0.18,43200000,34900000,-182800000,-104700000,241900000,17300000,63.55,68.39,58.71,0.1854,0.0993,9.98,6.61,37.38,4.04,0.335,0.1673,0.5499,0.101,0.98,0.15,2.1764
2017-12-31,171511966,171511966,1,3197300000,1766800000,1548500000,788500000,1648800000,0,0,825400000,402900000,768600000,22700000,22700000,0.14,0.13,0.14,176200000,-46600000,-104900000,24700000,346600000,27800000,60.95,63.7,58.21,0.1826,0.097,9.61,6.29,29.73,3.86,0.3253,0.2444,0.5157,0.0989,0.98,0.87,2.2407
2017-09-30,171929527,171929527,1,3104600000,1698100000,1438700000,731700000,1665900000,0,0,828600000,442200000,749900000,93700000,93700000,0.54,0.54,0.14,77000000,-75300000,13600000,15300000,321900000,30100000,56.47,59.72,53.23,0.2242,0.1196,9.69,6.04,28.52,3.72,0.2615,0.2654,0.5366,0.1218,0.98,0.27,2.3208
2017-06-30,172538933,172538933,1,2984000000,1640300000,1370300000,705800000,1613700000,0,0,795400000,367700000,738200000,92400000,92400000,0.53,0.53,0.14,84700000,-18300000,-53200000,13200000,306600000,19500000,53.53,57.58,49.48,0.2225,0.1189,9.35,5.91,27.59,3.58,0.2602,0.2279,0.5408,0.121,0.98,0.38,2.324
2017-03-31,173035187,173035187,1,2940200000,1605500000,1373800000,720500000,1566400000,0,0,796900000,362200000,740000000,87700000,87700000,0.51,0.5,0.14,-11500000,-17900000,-7600000,-37000000,293400000,16800000,49.5,52.56,46.44,0.2239,0.1203,9.05,5.66,26.68,3.44,0.2548,0.2312,0.5328,0.1222,0.98,-0.16,2.2283
2016-12-31,173245736,173245736,1,2891000000,1562000000,1375700000,765600000,1515300000,0,0,799800000,316400000,698100000,82700000,82700000,0.47,0.48,0.12,183000000,-53700000,-68200000,61100000,330400000,22000000,47.58,51.49,43.66,0.2177,0.1183,8.75,5.43,26.07,3.3,0.2561,0.2088,0.5241,0.1216,0.97,0.93,2.0402
2016-09-30,173913214,173913214,1,2824400000,1507600000,1298800000,682100000,1525600000,0,0,803600000,328900000,683900000,83200000,83200000,0.48,0.47,0.12,108500000,-142900000,16300000,-18100000,269300000,21000000,46.29,49.7,42.88,0.2184,0.1199,8.77,5.45,26.23,3.18,0.2457,0.2156,0.5402,0.1232,0.97,0.5,2.2102
2016-06-30,87246233,174492466,2,2672200000,1449000000,1191500000,615600000,1480700000,0,0,708800000,274600000,667000000,87100000,87100000,1,0.98,0.24,128600000,-73100000,-73600000,-18100000,287400000,18300000,40.84,44.06,37.61,0.2157,0.1188,8.49,4.84,24.46,3.06,0.24,0.1855,0.5541,0.1223,0.97,0.63,2.3538
2016-03-31,87544304,175088608,2,2650600000,1425900000,1172100000,602000000,1478500000,0,0,711900000,274100000,636900000,73500000,73500000,0.84,0.83,0.24,26500000,-30500000,-14100000,-18100000,305500000,19400000,34.43,38.71,30.15,0.2062,0.1137,8.44,4.19,21.79,2.94,0.2393,0.1854,0.5578,0.1166,0.97,0.04,2.3686
2015-12-31,87799408,175598816,2,2646500000,1455300000,1204200000,653200000,1442300000,0,0,711900000,236100000,639400000,79800000,79800000,0.91,0.9,0.19,113100000,-24600000,-47800000,40700000,323600000,19600000,36.35,40.58,32.12,0.1983,0.1088,8.21,4.5,25.6,2.82,0.2377,0.1637,0.545,0.1115,0.98,0.53,2.228
2015-09-30,88020258,176040516,2,2600200000,1413800000,1177800000,624100000,1422400000,0,0,717600000,247700000,625100000,73600000,73600000,0.83,0.82,0.19,173100000,-48900000,-89400000,34800000,282900000,22100000,31.88,38.72,25.05,0.1816,0.0998,8.08,3.95,24.71,2.73,0.2496,0.1741,0.547,0.1015,0.98,0.86,2.2653
2015-06-30,88878266,177756532,2,2589800000,1400000000,1153300000,579100000,1436500000,0,0,725300000,266200000,653500000,71100000,71100000,0.8,0.79,0.19,61600000,-29800000,-67800000,-36000000,248100000,16100000,34.48,37.2,31.76,0.1667,0.0919,8.08,4.38,28.5,2.63,0.2601,0.1853,0.5547,0.0941,0.98,0.26,2.4175
2015-03-31,89200490,178400980,2,2565300000,1376300000,1160200000,595800000,1405100000,0,0,727900000,255300000,618500000,58400000,58400000,0.65,0.65,0.19,-3400000,-82800000,50900000,-35300000,284100000,14900000,29.87,32.99,26.75,0.1591,0.0878,7.88,3.86,26.2,2.54,0.261,0.1817,0.5477,0.0906,0.97,-0.1,2.31
2014-12-31,89365529,178731058,2,2515300000,1319000000,1134000000,605200000,1381300000,0,0,737300000,210100000,626800000,53200000,53200000,0.6,0.58,0.15,100100000,-120600000,-60600000,-81100000,319400000,20100000,25.44,28.58,22.3,0.1523,0.0847,7.73,3.31,23.56,2.44,0.2595,0.1521,0.5492,0.0882,0.96,0.45,2.1794
2014-09-30,89545934,179091868,2,2486800000,1294800000,1111600000,587300000,1375200000,0,0,743600000,240700000,581600000,50600000,50600000,0.56,0.56,0.15,74000000,-34700000,-32500000,6800000,400500000,15200000,24.31,25.45,23.18,0.1458,0.0813,7.68,3.23,23.15,2.37,0.2613,0.175,0.553,0.0861,0.94,0.33,2.2047
2014-06-30,90032372,180064744,2,2430700000,1233900000,1074000000,550000000,1356700000,0,0,750900000,236200000,595400000,57300000,57300000,0.63,0.63,0.15,78000000,-25300000,-28800000,23900000,393700000,25500000,23.83,25.59,22.07,0.1459,0.0807,7.53,3.22,24.82,2.29,0.2544,0.1741,0.5582,0.0859,0.94,0.29,2.2435
2014-03-31,90607162,181214324,2,2381200000,1198200000,1037800000,536500000,1343400000,0,0,751900000,213000000,552200000,46700000,46700000,0.51,0.51,0.15,11800000,-25400000,2700000,-10900000,369800000,25300000,24.63,26.99,22.28,0.137,0.0754,7.41,3.38,30.41,2.22,0.2626,0.1586,0.5642,0.0808,0.93,-0.07,2.2334
2013-12-31,91249233,182498466,2,2391500000,1205600000,1062800000,590900000,1328700000,0,0,758300000,177700000,558900000,42400000,42400000,0.47,0.46,0.12,91600000,-33100000,-51900000,6600000,380700000,32000000,24.48,27.59,21.36,0.1338,0.073,7.28,3.56,30.89,2.14,0.2218,0.1337,0.5556,0.0788,0.93,0.33,2.0403
2013-09-30,91224207,182448414,2,2348900000,1165000000,1096300000,535200000,1252600000,0,0,764100000,213400000,536200000,46200000,46200000,0.5,0.5,0.12,83000000,-31300000,-43700000,8000000,374100000,27500000,20.61,23.05,18.16,0.1348,0.0726,6.87,3.04,27.85,2.08,0.2158,0.1704,0.5333,0.0786,0.92,0.3,2.1768
2013-06-30,92514912,185029824,2,2295200000,1125600000,1038700000,490100000,1256500000,0,0,766200000,200700000,549100000,42100000,42100000,0.45,0.45,0.12,69200000,29400000,-39400000,59200000,366100000,19800000,18.43,20.18,16.68,0.129,0.0694,6.79,2.77,26.23,2.02,0.2175,0.1597,0.5474,0.0769,0.9,0.27,2.2967
2013-03-31,46361288,185445152,4,2267100000,1105800000,1031400000,477100000,1235700000,0,0,773200000,210500000,509600000,39000000,39000000,0.42,0.42,0.1,35800000,26800000,-22600000,40000000,306900000,18400000,17.11,18.71,15.51,0.1257,0.0671,6.66,2.65,20.07,1.96,0.2031,0.1703,0.5451,0.0758,0.88,0.09,2.3178
2012-12-31,46221144,184884576,4,2265200000,1107200000,1071100000,499000000,1194100000,0,0,774100000,225100000,524300000,39200000,39200000,0.85,0.85,0.2,70100000,-32300000,-50500000,-12700000,266900000,25400000,14.93,15.99,13.86,0.1355,0.071,6.46,2.31,18.26,1.94,0.2097,0.1885,0.5271,0.0818,0.87,0.24,2.2188
2012-09-30,46168370,184673480,4,2235300000,1088400000,1043900000,462800000,1191400000,0,0,778500000,261000000,462200000,37000000,37000000,0.8,0.79,0.2,70100000,-36700000,-13400000,20000000,279600000,14200000,13.23,14.73,11.74,0.1325,0.0672,6.45,2.11,8.28,1.89,0.2071,0.2191,0.533,0.0802,0.84,0.3,2.3518
2012-06-30,46189662,184758648,4,2191600000,1053800000,1033800000,459400000,1157800000,0,0,779500000,266000000,484200000,35000000,35000000,0.76,0.75,0.16,7100000,-66700000,-48000000,-107600000,259600000,17200000,11.42,12.32,10.52,0.2635,0.1298,6.27,1.86,6.8,1.84,0.0996,0.2297,0.5283,0.1613,0.8,-0.05,2.2939
2012-03-31,46360951,185443804,4,2250200000,1106700000,1109500000,502400000,1140700000,0,0,784700000,300600000,468600000,47500000,47500000,1.03,1.02,0.16,-3500000,48900000,-141600000,-96200000,367200000,13100000,10.94,11.77,10.11,0.2891,0.1372,6.15,1.85,6.65,1.8,0.0917,0.2635,0.5069,0.1772,0.77,-0.09,2.2028
2011-12-31,45946450,183785800,4,2349000000,1208700000,1263200000,519900000,1085800000,0,0,786500000,443000000,475800000,32100000,32100000,0.7,0.71,0.16,128100000,-147400000,42100000,22800000,463400000,16800000,8.86,10.26,7.45,0.2982,0.135,5.91,1.46,5.4,1.76,0.0906,0.408,0.4622,0.1787,0.76,0.61,2.3249
2011-09-30,46281039,185124156,4,2358700000,1227400000,1235200000,619700000,1123500000,0,0,783500000,376300000,412000000,182300000,182300000,3.94,3.91,0.16,17800000,299000000,15600000,332400000,440600000,12400000,9.59,11.19,7.99,0.3139,0.1387,6.07,1.83,11.47,1.72,0.0875,0.3349,0.4763,0.1905,0.73,0.03,1.9806
2011-06-30,46209465,184837860,4,2143100000,991200000,1173300000,535900000,969800000,0,0,429700000,356900000,405300000,50300000,50300000,1.09,1.08,0.14,-35000000,-10500000,29500000,-16000000,108200000,11900000,10.45,11.21,9.69,0.172,0.0735,5.25,2.09,15.93,1.68,0.1657,0.368,0.4525,0.0887,0.83,-0.25,1.8496
2011-03-31,46192404,184769616,4,2205300000,987000000,1283400000,555400000,921900000,0,0,430800000,321200000,417400000,41000000,41000000,0.89,0.88,0.14,-52200000,-15500000,73000000,5300000,124200000,12400000,10.28,11.16,9.39,0.1411,0.0588,4.99,2.14,17.02,1.64,0.2073,0.3484,0.418,0.0635,0.93,-0.35,1.7771
2010-12-31,45844316,183377264,4,2112000000,896000000,1230600000,536800000,881400000,0,0,430400000,242400000,370200000,32200000,32200000,0.7,0.69,0.14,56000000,-22100000,-24100000,9800000,118900000,5900000,9.91,10.72,9.1,0.1334,0.0555,4.81,2.15,18.94,1.61,0.2214,0.275,0.4173,0.0551,1.01,0.27,1.6692
2010-09-30,30541066,183246396,6,2006600000,876400000,1144700000,685800000,842900000,19000000,0,683700000,97500000,559400000,32000000,32000000,1.05,1.04,0.21,18800000,-27100000,23400000,15100000,109100000,25700000,8.8,9.82,7.79,0.1181,0.0491,4.6,2,16.3,1.57,0.2504,0.1157,0.4201,0.0444,1.11,-0.04,1.2779
2010-06-30,30524065,183144390,6,1967200000,841500000,1142600000,672700000,805600000,19000000,0,683400000,99200000,572500000,16600000,16600000,0.54,0.54,0.195,62600000,-7000000,-41400000,14200000,94000000,11600000,8.38,9.44,7.31,0.1249,0.0519,4.4,1.87,14.2,1.54,0.2388,0.1231,0.4095,0.0469,1.11,0.28,1.2509
2010-03-31,30517665,183105990,6,1959200000,805800000,1138600000,632700000,820600000,0,0,688500000,116400000,523400000,30900000,30900000,1.02,1.01,0.195,-12600000,-10300000,26400000,3500000,79800000,10300000,7.88,8.92,6.85,0.1352,0.0556,4.48,1.82,16.77,1.5,0.2258,0.1418,0.4188,0.0509,1.09,-0.13,1.2736
2009-12-31,30372804,182236824,6,1901300000,740000000,1111500000,491300000,789800000,0,0,687300000,232100000,509700000,16700000,16700000,0.54,0.55,0.19,69800000,-80500000,17800000,7100000,76300000,19100000,6.84,7.57,6.11,0.112,0.0445,4.33,1.67,16.48,1.47,0.2848,0.2939,0.4154,0.0408,1.09,0.28,1.5062
2009-09-30,30346704,182080224,6,1792400000,723100000,1045300000,461900000,747100000,0,0,589900000,210700000,501500000,34600000,34600000,1.15,1.14,0.195,104200000,-16300000,-72200000,15700000,69200000,16300000,6.07,6.9,5.23,0.1036,0.0391,4.1,1.56,17.77,1.44,0.3243,0.282,0.4168,0.0358,1.09,0.48,1.5655
2009-06-30,30155609,180933654,6,1791800000,717500000,1088200000,411800000,703600000,0,0,585400000,272300000,498700000,21300000,21300000,0.85,0.84,0.19,87600000,-15200000,-69500000,2900000,53500000,9100000,4.79,5.53,4.04,0.0821,0.0315,3.89,1.31,12.66,1.41,0.3946,0.387,0.3927,0.0278,1.14,0.43,1.7424
2009-03-31,30208476,181250856,6,1819900000,736900000,1158000000,406400000,661900000,0,0,580200000,334100000,481600000,8700000,8700000,0.29,0.29,0.19,6000000,-5000000,14300000,15300000,44700000,12500000,4.47,5.46,3.49,0.0933,0.0367,3.65,1.26,9.93,1.38,0.3292,0.5048,0.3637,0.031,1.18,-0.04,1.8132
2008-12-31,30190212,181141272,6,1883900000,781300000,1242800000,505000000,641100000,0,0,583400000,317300000,508600000,6700000,6700000,0.22,0.22,0.19,27600000,-21700000,-4100000,1800000,29400000,21700000,5.21,6.57,3.85,0.1065,0.0434,3.54,1.15,10.32,1.34,0.2721,0.4949,0.3403,0.0355,1.22,0.03,1.5471
2008-09-30,30118997,180713982,6,1872100000,809300000,1049500000,491600000,822600000,0,0,593800000,328900000,602700000,21400000,21400000,0.71,0.7,0.19,55600000,-19000000,-33800000,2800000,27600000,19000000,6.82,8.52,5.12,0.1155,0.0491,4.55,1.5,13.12,1.31,0.2382,0.3998,0.4394,0.039,1.26,0.2,1.6463
2008-06-30,30090558,180543348,6,1903700000,838000000,1083300000,477800000,820400000,0,0,598100000,367300000,622200000,31900000,31900000,1.06,1.06,0.18,38300000,-3600000,-56500000,-21800000,24800000,15600000,5.56,6.12,5.01,0.1228,0.0508,4.54,1.27,11.39,1.28,0.2282,0.4477,0.431,0.0412,1.23,0.13,1.7539
2008-03-31,30052850,180317100,6,1887500000,808700000,1095100000,439400000,792400000,0,0,598500000,417600000,571400000,21900000,21900000,0.73,0.72,0.18,-14900000,-9800000,34100000,9400000,46600000,9800000,5.69,6.5,4.88,0.1202,0.0482,4.39,1.35,12.02,1.25,0.2385,0.527,0.4198,0.0393,1.23,-0.14,1.8405
2007-12-31,30053122,180318732,6,1854400000,767600000,1096600000,472600000,757800000,0,0,599500000,379600000,569900000,17000000,17000000,0.56,0.55,0.18,95700000,-29900000,-64900000,900000,37200000,29900000,6.63,7.92,5.35,0.1205,0.0469,4.2,1.66,13.72,1.22,0.243,0.5009,0.4086,0.0381,1.23,0.36,1.6242
2007-09-30,30865150,185190900,6,1872600000,781600000,1132500000,433600000,740100000,0,0,602500000,417100000,553500000,24700000,24700000,0.8,0.79,0.18,56500000,-13200000,-37100000,6200000,36300000,13200000,7.71,8.75,6.67,0.1262,0.048,4,1.96,17.39,1.19,0.2358,0.5636,0.3952,0.0394,1.22,0.23,1.8026
2007-06-30,30760897,184565382,6,1910200000,822000000,1185600000,446700000,724600000,0,0,599800000,446500000,611500000,27000000,27000000,0.88,0.87,0.17,55300000,-17300000,-29000000,9000000,30100000,17300000,6.57,6.89,6.25,0.1184,0.0438,3.93,1.72,15.16,1.16,0.2536,0.6162,0.3793,0.0359,1.22,0.21,1.8402
2007-03-31,30799862,184799172,6,1881500000,805900000,1175900000,429100000,705600000,0,0,587100000,459500000,577200000,19500000,19500000,0.64,0.63,0.17,-17000000,-11000000,23300000,-4700000,21100000,11000000,6.36,6.79,5.92,0.1184,0.0427,3.82,1.71,15.45,1.13,0.2555,0.6512,0.375,0.0353,1.21,-0.15,1.8781
2006-12-31,30712645,184275870,6,1839900000,760000000,1155300000,437300000,684600000,0,0,587500000,432100000,543600000,18900000,18900000,0.62,0.61,0.17,66600000,-14200000,-59000000,-6600000,25800000,27100000,6.49,7.32,5.66,0.1156,0.0436,3.72,1.79,16.36,1.1,0.2644,0.6312,0.3721,0.0354,1.23,0.21,1.7379
2006-09-30,30660159,183960954,6,1896000000,831400000,1227900000,448300000,668100000,0,0,572400000,492100000,564000000,17000000,17000000,0.56,0.55,0.17,None,None,None,-12900000,32400000,16300000,7.1,7.84,6.36,0.1144,0.0455,3.63,1.97,19.81,1.08,0.2701,0.7366,0.3524,0.0359,1.27,None,1.8546
2006-06-30,30630687,183784122,6,1921000000,859900000,1259300000,469300000,661700000,0,0,568200000,504400000,594500000,25100000,25100000,0.83,0.81,0.16,None,None,None,8000000,45300000,15900000,8.22,9.68,6.77,0.1051,0.0453,3.6,2.39,31.62,1.05,0.2938,0.7623,0.3445,0.035,1.3,None,1.8323
2006-03-31,30562106,183372636,6,1364600000,650800000,733000000,332300000,631600000,0,0,323400000,191500000,459200000,15500000,15500000,0.51,0.5,0.16,-4700000,-10300000,28300000,13300000,37300000,8900000,7.38,8.9,5.86,0.0773,0.0367,3.44,2.2,28.75,1.02,0.4063,0.3032,0.4628,0.0274,1.34,-0.07,1.9585
2005-12-31,30455599,182733594,6,1292700000,576000000,679800000,307600000,612900000,0,0,323500000,162400000,433900000,16000000,16000000,0.54,0.52,0.16,None,None,None,-28600000,24000000,19500000,5.42,6.2,4.64,0.0763,0.036,3.35,1.59,28.03,0.99,0.4138,0.265,0.4741,0.0275,1.31,None,1.8726
2005-09-30,30089418,180536508,6,1270400000,586400000,654400000,282400000,616000000,0,0,313500000,197500000,408400000,9700000,9700000,0.33,0.32,0.16,87900000,-14700000,-31800000,40700000,52600000,14700000,4.45,4.76,4.14,0.0577,0.0268,3.41,1.32,28.4,0.97,0.5492,0.3206,0.4849,0.0209,1.28,0.41,2.0765
2005-06-30,30021480,180128880,6,1273200000,588300000,666400000,267400000,606800000,0,0,313500000,226100000,437700000,6500000,6500000,0.22,0.22,0.16,38200000,-9000000,-27500000,1800000,11900000,9000000,4.91,5.47,4.35,0.0469,0.0215,3.37,1.45,22.66,0.94,0.6768,0.3726,0.4766,0.0171,1.26,0.16,2.2001
2005-03-31,29681850,178091100,6,1329600000,607500000,728500000,268200000,601100000,0,0,313100000,257200000,409200000,14300000,14300000,0.48,0.48,0.16,13000000,-7400000,-20000000,-15000000,10100000,7400000,4.7,5.05,4.34,0.0652,0.0293,3.38,1.42,23.9,0.91,0.4789,0.4279,0.4521,0.0236,1.24,0.03,2.2651
2004-12-31,29665130,177990780,6,1312800000,585000000,722200000,245200000,590600000,0,0,313200000,272500000,409400000,4300000,4300000,0.15,0.14,0.16,41100000,-18900000,-18600000,3300000,25100000,18900000,4.61,5.17,4.04,0.0595,0.0267,3.32,1.36,18.82,0.89,0.5167,0.4614,0.4499,0.0214,1.25,0.12,2.3858
2004-09-30,29487560,176925360,6,1320900000,597200000,722600000,244000000,598300000,0,0,311600000,286400000,389900000,3000000,3000000,0.1,0.1,0.16,15000000,-10500000,1000000,5600000,21800000,10500000,4.46,5.33,3.6,0.0741,0.0332,3.38,1.32,17.04,0.86,0.4095,0.4787,0.4529,0.0272,1.22,0.03,2.4475
2004-06-30,29433537,176601222,6,1344500000,619400000,747800000,272700000,596700000,0,0,311800000,280700000,437300000,17300000,17300000,0.59,0.58,0.15,22900000,-11700000,-2900000,8100000,16200000,9400000,4.97,5.36,4.58,0.0809,0.0358,3.38,1.48,17.96,0.83,0.3762,0.4704,0.4438,0.0296,1.21,0.08,2.2714
2004-03-31,29399823,176398938,6,1327300000,596500000,734700000,373200000,592600000,0,0,311800000,167900000,416500000,10800000,10800000,0.37,0.36,0.15,-11800000,-9600000,11000000,-10600000,8100000,9600000,5.33,5.97,4.7,0.0871,0.038,3.36,1.63,18.17,0.81,0.3503,0.2833,0.4465,0.0316,1.2,-0.12,1.5983
2003-12-31,29283713,175702278,6,1279900000,547700000,703700000,338600000,576200000,0,0,310900000,170100000,368788000,12694000,12694000,0.44,0.43,0.15,-800000,-18500000,2600000,-16700000,18700000,16800000,5.39,6.12,4.66,0.0952,0.0407,3.28,1.73,18.91,0.78,0.3242,0.2952,0.4502,0.0341,1.19,-0.1,1.6175
2003-09-30,29246013,175476078,6,1274100000,545700000,725900000,340200000,548200000,0,0,302400000,176600000,356400000,6000000,6000000,0.21,0.2,0.15,32200000,-16400000,-14900000,600000,35400000,13300000,5.33,6.08,4.58,0.0953,0.04,3.12,1.7,17.29,0.76,0.3273,0.3221,0.4303,0.0334,1.2,0.11,1.6041
2003-06-30,29136261,174817566,6,1310100000,582200000,762700000,283800000,547400000,0,0,309000000,269200000,417600000,19800000,19800000,0.68,0.67,0.14,4579000,-9377000,12405000,7346000,34800000,9377000,4.94,5.49,4.38,0.0998,0.0429,3.13,1.65,16.11,0.73,0.2972,0.4918,0.4178,0.0361,1.19,-0.03,2.0514
2003-03-31,29048069,174288414,6,1265647000,535616000,743605000,278156000,522042000,0,0,309084000,253438000,387912000,13706000,13706000,0.47,0.46,0.14,-10679000,-5423000,10295000,-5346000,27501000,5423000,4.41,4.89,3.93,0.094,0.0414,3,1.51,14.07,0.71,0.3006,0.4855,0.4125,0.0356,1.16,-0.09,1.9256
2002-12-31,29039923,174239538,6,1224857000,488251000,713805000,261679000,511052000,0,0,309151000,239084000,358490000,11209000,11209000,0.38,0.38,0.14,13791000,-28282000,15078000,-95000,32847000,16658000,4.19,4.94,3.43,0.0935,0.0399,2.93,1.19,19.64,0.69,0.291,0.4678,0.4172,0.0349,1.14,-0.02,1.8658
2002-09-30,28956848,173741088,6,1307438000,476237000,693445000,265249000,613993000,0,0,302048000,220360000,352399000,10022000,10022000,0.35,0.34,0.14,48216000,-19039000,-22012000,6499000,32942000,9451000,4.8,5.46,4.15,0.0656,0.0269,3.53,1.36,30,0.66,0.3989,0.3589,0.4696,0.0256,1.05,0.22,1.7954
2002-06-30,28637411,171824466,6,1311116000,490355000,706104000,260685000,605012000,0,0,302103000,242044000,386284000,17992000,17992000,0.68,0.66,0.13,27336000,-9402000,-13215000,4592000,26443000,9283000,4.8,5.38,4.22,0.0513,0.0206,3.52,1.47,38.4,0.64,0.5123,0.4001,0.4614,0.0198,1.04,0.11,1.881
2002-03-31,23857001,143142006,6,1305222000,487453000,839073000,263352000,466149000,0,0,302203000,378867000,371927000,12122000,12122000,0.51,0.5,0.13,22854000,-9130000,-17077000,1092000,21851000,7080000,3.96,4.75,3.17,0.0393,0.0155,3.26,1.25,38.95,0.62,0.6838,0.8128,0.3571,0.015,1.03,0.11,1.851
2001-12-31,23802058,142812348,6,1293923000,477574000,842045000,255950000,451878000,0,0,301924000,390385000,255541000,-5106000,-5106000,-0.22,-0.22,0.13,9795000,-129211000,130235000,7918000,20759000,11923000,2.87,3.29,2.44,0.0318,0.0131,3.16,0.89,50.65,0.6,0.8507,0.8639,0.3492,0.0126,1.04,-0.01,1.8659
2001-09-30,23775817,142654902,6,1026330000,393007000,568905000,180625000,457425000,0,0,239854000,260508000,269132000,386000,386000,0.02,0.02,0.13,22687000,-8052000,-16134000,-2346000,12841000,7897000,2.81,3.08,2.54,0.0183,0.008,3.21,0.86,24.43,0.58,1.473,0.5695,0.4457,0.007,1.14,0.1,2.1758
2001-06-30,23746953,142481718,6,1048092000,412741000,583771000,179047000,464321000,0,0,241421000,275888000,308248000,10693000,10693000,0.45,0.45,0.13,30542000,-6435000,-21951000,2129000,15187000,5978000,3,3.26,2.73,0.0368,0.0158,3.26,0.94,18.37,0.55,0.7304,0.5942,0.443,0.0139,1.14,0.17,2.3052
2001-03-31,23575833,141454998,6,1052151000,414504000,599444000,176487000,452707000,0,0,243088000,295706000,318235000,8529000,8529000,0.36,0.36,0.13,-13196000,-9608000,-23626000,-2229000,13058000,9520000,3,3.35,2.65,0.052,0.0219,3.2,0.95,14.52,0.53,0.5068,0.6532,0.4303,0.0192,1.14,-0.16,2.3486
2000-12-31,23549139,141294834,6,1059176000,406099000,610781000,170431000,448395000,0,0,244821000,316372000,300036000,-11255000,-11255000,-0.49,-0.49,0.13,4976000,-11079000,-7043000,6791000,15287000,10402000,2.48,2.88,2.08,0.0658,0.0272,3.17,0.76,7.75,0.51,0.3946,0.7056,0.4233,0.0238,1.14,-0.04,2.3828
2000-09-30,23537267,141223602,6,1091978000,411198000,630127000,178260000,461851000,0,0,246555000,321662000,281585000,8836000,8836000,0.38,0.37,0.13,41437000,-9585000,-25253000,188000,8496000,9381000,2.71,3.56,1.86,0.1021,0.0418,3.27,0.83,7.86,0.49,0.2511,0.6965,0.4229,0.0398,1.05,0.23,2.3067
2000-06-30,23415205,140491230,6,1110784000,430059000,654181000,189772000,456603000,0,0,248040000,344800000,331281000,17561000,17561000,0.75,0.74,0.12,33923000,-9271000,-23439000,3176000,8308000,9073000,3.38,3.8,2.97,0.1121,0.0449,3.25,1.07,10.56,0.47,0.228,0.7551,0.4111,0.0416,1.08,0.18,2.2662
2000-03-31,23411935,140471610,6,1113894000,433198000,671702000,188907000,442192000,0,0,249771000,364785000,335043000,14611000,14611000,0.63,0.62,0.12,-3721000,-12020000,11452000,-9629000,5132000,11660000,3.17,3.85,2.49,0.1062,0.0447,3.15,1.03,10.69,0.45,0.2457,0.8249,0.397,0.0409,1.09,-0.11,2.2932
1999-12-31,23400877,140405262,6,1063986000,388627000,632902000,168440000,431084000,0,0,251085000,351251000,200868000,4739000,4739000,0.21,0.19,0.12,-2725000,508000,10711000,4682000,14761000,6212000,4.2,5.26,3.13,0.1008,0.0451,3.07,1.38,12.35,0.43,0.2637,0.8148,0.4052,0.0408,1.1,-0.06,2.3072
1999-09-30,23394271,140365626,6,1096881000,416818000,668383000,203849000,428498000,0,0,253384000,344354000,318307000,12366000,12366000,0.53,0.52,0.12,26455000,-258944000,211470000,-21624000,10079000,7220000,4.79,5.33,4.25,0.117,0.0558,3.05,1.6,14.52,0.41,0.2356,0.8036,0.3907,0.0455,1.23,0.14,2.0447
1999-06-30,23221077,139326462,6,807988000,315705000,390373000,153528000,417615000,0,0,145551000,131212000,262770000,13915000,13915000,0.6,0.59,0.12,26426000,-9396000,-3024000,14151000,31703000,8980000,3.92,4.67,3.17,0.1162,0.06,3,1.34,12.31,0.39,0.2423,0.3142,0.5169,0.0476,1.26,0.13,2.0563
1999-03-31,23190277,139141662,6,795180000,305763000,388618000,150569000,406562000,0,0,146602000,131535000,257336000,11402000,11402000,0.49,0.48,0.12,-2371000,-11334000,-5108000,-20114000,17552000,10395000,3.79,4.41,3.17,0.1147,0.0605,2.92,1.32,12.34,0.37,0.2449,0.3235,0.5113,0.048,1.26,-0.09,2.0307
1998-12-31,23252186,139513116,6,767432000,287389000,366339000,132157000,401093000,0,0,146901000,131203000,224680000,10710000,10710000,0.46,0.45,0.13,23159000,-7480000,-3358000,11475000,37666000,7760000,3.57,4.5,2.64,0.1131,0.0607,2.87,1.27,9.65,0.35,0.2492,0.3271,0.5226,0.0485,1.25,0.11,2.1746
1998-09-30,23291586,139749516,6,762565000,284295000,369432000,142500000,393133000,0,0,141493000,126933000,243254000,10974000,10974000,0.47,0.46,0.12,49986000,-137284000,14716000,-73481000,26191000,7749000,4.55,5.98,3.13,0.1271,0.0694,2.81,1.64,12.76,0.33,0.2159,0.3229,0.5155,0.0556,1.25,0.3,1.9951
1998-06-30,23598309,141589854,6,696623000,338492000,303756000,118182000,392867000,0,0,50925000,100190000,226680000,12629000,12629000,0.54,0.52,0.11,7006000,-8760000,-8479000,-10615000,99672000,5425000,5.36,5.94,4.78,0.1217,0.0679,2.77,1.96,5.93,0.31,0.2222,0.255,0.564,0.0569,1.19,0.01,2.8642
1998-03-31,15727850,141550650,9,703447000,349030000,316621000,130081000,386826000,0,0,51354000,101605000,222955000,10178000,10178000,0.63,0.62,0.17,-2552000,-9902000,-22341000,-35609000,110287000,6942000,4.74,4.99,4.48,0.3468,0.1918,2.73,1.71,5.02,0.29,0.0782,0.2627,0.5499,0.1676,1.14,-0.07,2.6832
1997-12-31,16001196,144010764,9,716516000,365728000,316811000,127882000,399705000,0,0,51783000,100972000,205787000,16175000,16175000,1.23,1.24,0.17,21679000,-13785000,-53706000,-39130000,145896000,11426000,4.62,4.82,4.42,0.3681,0.1813,2.78,1.64,5.17,0.27,0.077,0.2526,0.5578,0.1847,0.98,0.07,2.8599
1997-09-30,17006596,153059364,9,768888000,417739000,338782000,150287000,430106000,0,0,52211000,100985000,205964000,9989000,9989000,0.57,0.57,0.17,40831000,-13583000,-30127000,-35303000,185026000,9659000,4.1,4.42,3.78,0.3642,0.1735,2.81,1.45,4.57,0.25,0.0809,0.2348,0.5594,0.1886,0.92,0.2,2.7796
1997-06-30,17577046,158193414,9,816619000,462889000,371150000,178064000,445469000,0,0,0,105747000,224938000,107755000,107755000,5.71,5.71,0.17,25024000,-17514000,-434165000,217526000,220329000,12749000,3.96,4.17,3.76,0.3745,0.1619,2.82,1.71,10.9,0.23,0.0838,0.2374,0.5455,0.1576,1.03,0.08,2.5996
1997-03-31,19047546,171427914,9,1091509000,356548000,695144000,510286000,396365000,0,0,0,103071000,196248000,19911000,19911000,0.98,0.98,0.17,-7286000,-75936000,189596000,-3602000,2803000,11052000,3.57,3.96,3.18,0.1665,0.0667,2.31,1.51,10.3,0.21,0.2019,0.26,0.3631,0.0566,1.18,-0.11,0.6987
1996-12-31,19872621,178853589,9,884988000,239210000,460349000,138388000,424639000,0,0,0,238446000,191800000,16809000,16809000,0.79,0.79,0.17,None,None,None,-847000,6405000,-89473000,3.17,3.67,2.67,0.1612,0.0653,2.37,1.45,9.29,0.19,0.2083,0.5615,0.4798,0.0457,1.43,None,1.7285
1996-09-30,20921021,188289189,9,1085417000,378113000,674874000,266589000,410543000,0,0,0,213267000,383427000,12534000,12534000,0.6,0.6,0.17,44208000,-72410000,31214000,3012000,7252000,54013000,2.61,2.82,2.4,0.1634,0.063,2.18,1.23,8.3,0.17,0.2086,0.5195,0.3782,0.0392,1.61,-0.05,1.4183
1996-06-30,20921021,188289189,9,1016545000,365422000,614988000,241587000,401557000,0,0,0,178871000,428708000,18732000,18732000,0.9,0.9,0.17,88224000,-63375000,-23893000,956000,4240000,48742000,2.8,3.1,2.51,0.1565,0.061,2.13,1.37,8.72,0.16,0.2194,0.4454,0.395,0.0368,1.66,0.21,1.5126
1996-03-31,20918621,188267589,9,1017927000,403308000,631679000,230383000,386248000,0,0,0,195698000,426990000,17342000,17342000,0.83,0.83,0.15,3678000,-30972000,25771000,-1523000,4171000,24522000,2.58,2.83,2.32,0.166,0.0648,2.05,1.3,7.9,0.14,0.2078,0.5067,0.3794,0.0383,1.69,-0.11,1.7506
1995-12-31,20918621,188267589,9,952918000,352485000,574578000,213647000,372364000,5976000,0,0,167139000,397576000,15572000,15572000,0.74,0.74,0.15,31331000,-52850000,21840000,321000,5694000,29855000,2.5,2.88,2.13,0.1757,0.0687,1.98,1.34,7.89,0.12,0.1975,0.4489,0.3908,0.0398,1.73,0.01,1.6498
1995-09-30,20913421,188220789,9,889835000,347362000,539487000,228484000,350348000,0,0,0,140560000,354363000,7455000,7455000,0.36,0.36,0.15,37873000,-35549000,-2128000,196000,5373000,28554000,2.91,3.18,2.63,0.1775,0.0685,1.86,1.58,8.82,0.1,0.1901,0.4012,0.3937,0.0396,1.73,0.05,1.5203
1995-06-30,20913421,188220789,9,866238000,340216000,520074000,209446000,346164000,0,0,0,137954000,399843000,20025000,20025000,0.96,0.96,0.15,30696000,-21696000,-9727000,-727000,5177000,17691000,2.59,2.76,2.43,0.1913,0.0721,1.84,1.48,8.12,0.09,0.1752,0.3985,0.3996,0.042,1.71,0.07,1.6244
1995-03-31,20913421,188220789,9,864303000,345425000,535173000,216796000,329130000,0,0,0,142910000,392988000,18361000,18361000,0.88,0.88,0.13,15616000,-19264000,1067000,-2581000,5904000,14901000,2.44,2.74,2.13,0.1914,None,1.75,1.47,7.99,0.07,0.1742,0.4342,0.3808,0.0421,1.65,0,1.5933
1994-12-31,20913421,188220789,9,847857000,329520000,535112000,215923000,312745000,0,0,0,136769000,350821000,13553000,13553000,0.65,0.65,0.11,58601000,-39659000,-17331000,1611000,8485000,32010000,2.68,3.01,2.35,0.1895,None,1.66,1.62,None,0.06,0.1822,0.4373,0.3689,0.0418,1.6,0.14,1.5261
1994-09-30,20905621,188150589,9,866612000,352695000,556825000,232468000,309787000,0,0,0,146357000,332730000,10130000,10130000,0.48,0.48,0.13,21586000,-13665000,-8336000,-415000,6874000,13427000,2.98,3.32,2.64,None,None,1.65,1.85,None,0.04,None,0.4724,0.3575,None,None,0.04,1.5172
1994-06-30,20901621,188114589,9,870867000,354036000,568465000,238782000,302402000,0,0,0,150579000,350192000,17958000,17958000,0.86,0.86,0.13,32480000,-18854000,-11747000,1879000,7289000,18633000,3.3,3.83,2.78,None,None,1.61,2.17,None,0.03,None,0.4979,0.3472,None,None,0.07,1.4827
1994-03-31,20863921,187775289,9,859031000,344342000,573681000,238462000,285350000,0,0,0,154025000,339803000,15706000,15706000,0.76,0.76,0.13,6806000,-12575000,-723000,-6492000,5410000,12063000,3.89,4.44,3.33,None,None,1.52,2.7,None,0.01,None,0.5398,0.3322,None,None,-0.03,1.444
1993-12-31,20815866,187342794,9,823099000,303878000,553469000,223189000,269630000,0,0,0,148851000,None,None,None,None,None,0,None,None,None,None,11902000,0,3.46,3.97,2.94,None,None,1.44,None,None,0,None,0.5521,0.3276,None,None,None,1.3615
