"Quarter end","Shares","Shares split adjusted","Split factor","Assets","Current Assets","Liabilities","Current Liabilities","Shareholders equity","Non-controlling interest","Preferred equity","Goodwill & intangibles","Long-term debt","Revenue","Earnings","Earnings available for common stockholders","EPS basic","EPS diluted","Dividend per share","Cash from operating activities","Cash from investing activities","Cash from financing activities","Cash change during period","Cash at end of period","Capital expenditures","Price","Price high","Price low","ROE","ROA","Book value of equity per share","P/B ratio","P/E ratio","Cumulative dividends per share","Dividend payout ratio","Long-term debt to equity ratio","Equity to assets ratio","Net margin","Asset turnover","Free cash flow per share","Current ratio"
2019-03-31,84098162,84098162,1,7159902000,2829898000,3516652000,907820000,2779861000,863389000,0,3353897000,2332234000,1105843000,88695000,88695000,1.06,0.91,0,102941000,55607000,-73660000,85703000,2219388000,25855000,199.03,224.63,173.43,0.2387,0.1164,33.05,5.86,30.34,36.62,0,0.839,0.3883,0.1474,0.66,0.92,3.1172
2018-12-31,83775804,83775804,1,6874585000,2762739000,3257097000,883558000,2843125000,774363000,0,3358281000,2245548000,1104103000,322538000,191752000,2.29,2.04,0,316428000,100118000,47058000,461924000,2133685000,25521000,188.37,218.45,158.29,0.2385,0.1188,33.94,6.05,38.52,36.62,0,0.7898,0.4136,0.1471,0.67,3.47,3.1268
2018-09-30,83513986,83513986,1,6372347000,2472894000,2974225000,893505000,2600482000,797640000,0,3196323000,1983993000,1104592000,145774000,145774000,1.75,1.49,0,291898000,-107911000,-157151000,26585000,1671761000,20417000,184.13,223.54,144.71,0.1853,0.0764,31.14,5.95,35.48,36.62,0,0.7629,0.4081,0.1139,0.67,3.25,2.7676
2018-06-30,83217223,83217223,1,6235284000,2346772000,2922617000,845680000,2576079000,736588000,0,3214647000,1982271000,1059122000,218353000,218353000,2.61,2.32,0,227794000,-120758000,-119555000,-15221000,1645176000,24895000,147.44,166.08,128.8,0.2022,0.0848,30.96,4.95,41.3,36.62,0,0.7695,0.4131,0.1309,0.65,2.44,2.775
2018-03-31,83685935,83685935,1,6030974000,2222932000,2901484000,829493000,2494527000,634963000,0,3254415000,1980579000,995075000,71082000,71082000,0.86,0.71,0,152008000,-44889000,-83150000,26715000,1660397000,14801000,144.94,166.64,123.25,0.1501,0.063,29.81,4.93,46.01,36.62,0,0.794,0.4136,0.0988,0.64,1.64,2.6799
2017-12-31,82658849,82658849,1,5867810000,2125205000,2878120000,799728000,2430028000,559662000,0,3222803000,1979469000,950585000,32804000,32804000,0.4,0.37,0,119093000,-41735000,295931000,375492000,1630809000,19004000,127.23,137.86,116.59,0.1406,0.0586,29.4,4.29,30.29,36.62,0,0.8146,0.4141,0.0922,0.64,1.21,2.6574
2017-09-30,81985354,81985354,1,5540955000,1726903000,2591271000,835526000,2428921000,520763000,0,3161692000,1649267000,828434000,179643000,179643000,2.22,1.79,0,139891000,-17881000,-392920000,-266983000,1255317000,14698000,109.22,119.53,98.91,0.1845,0.0815,29.63,4.43,37.66,36.62,0,0.679,0.4384,0.1181,0.65,1.53,2.0668
2017-06-30,79754231,79754231,1,4786067000,2013181000,2573557000,683815000,1965177000,247333000,0,2263270000,1572994000,767387000,66268000,66268000,0.84,0.7,0,89901000,9542000,24403000,125262000,1522300000,30664000,90.41,107.98,72.84,0.126,0.0562,24.64,3.85,None,36.62,0,0.8004,0.4106,0.0766,0.66,0.74,2.944
2017-03-31,78685762,78685762,1,4619327000,1886322000,2575339000,679395000,1848059000,195929000,0,2240837000,1571982000,760833000,26209000,26209000,0.34,0.29,0,67805000,89582000,-93538000,67851000,1397038000,11157000,71.07,77.46,64.69,-0.0126,0.0004,23.49,2.96,None,36.62,None,0.8506,0.4001,None,0.66,0.72,2.7765
2016-12-31,77736626,77736626,1,4645873000,1842735000,2602376000,713388000,1869222000,174275000,0,2279503000,1582484000,811162000,127180000,102051000,1.29,1.42,0,130795000,119274000,-113465000,139403000,1329187000,15300000,64.57,68.75,60.39,-0.0217,-0.0034,24.05,2.75,None,36.62,None,0.8466,0.4023,None,0.66,1.49,2.5831
2016-09-30,79289906,79289906,1,4671160000,1799530000,2669801000,702589000,1863866000,137493000,0,2324852000,1641285000,764102000,43162000,43162000,0.54,0.49,0,95653000,-125383000,-23133000,-56200000,1189784000,27606000,59.7,64,55.41,-0.0961,-0.037,23.51,2.62,None,36.62,None,0.8806,0.399,None,0.65,0.86,2.5613
2016-06-30,79576039,79576039,1,4660022000,1792868000,2722668000,692206000,1814450000,122904000,0,2332937000,1655259000,745439000,-194775000,-194775000,-2.45,-2.45,0,41832000,95040000,-123941000,7320000,1245984000,19043000,51.25,57.14,45.37,-0.0844,-0.0335,22.8,1.97,45.76,36.62,None,0.9123,0.3894,None,0.69,0.29,2.5901
2016-03-31,79195247,79195247,1,5052343000,1884329000,2897700000,776942000,2065438000,89205000,0,2625382000,1660872000,819179000,8282000,8282000,0.1,0.09,0,24097000,-76069000,-190526000,-242783000,1238664000,16090000,49.69,60.56,38.82,0.0506,0.0207,26.08,2.29,37.36,36.62,0.8887,0.8041,0.4088,0.0291,0.71,0.1,2.4253
2015-12-31,83064978,83064978,1,5209950000,1945010000,2994125000,768546000,1804526000,411299000,0,2686192000,1748213000,848728000,-37947000,-37947000,-0.39,-0.39,0.34,165298000,-574054000,1125904000,714999000,1481447000,17491000,65.72,73.15,58.3,0.0628,0.0263,21.72,2.96,26.72,36.62,0.9928,0.9688,0.3464,0.0351,0.75,1.78,2.5308
2015-09-30,82986450,82986450,1,4027318000,1246246000,2182127000,653457000,1845191000,0,0,2229062000,1000000000,838561000,65611000,65611000,0.79,0.74,0.34,98328000,144197000,-129563000,110039000,766448000,17742000,73.97,84.66,63.29,0.1166,0.0529,22.23,3.38,13.7,36.28,0.5232,0.5419,0.4582,0.0672,0.79,0.97,1.9072
2015-06-30,82919895,82919895,1,4075058000,1322762000,2259672000,714857000,1815386000,0,0,2250912000,1000000000,771132000,59305000,59305000,0.72,0.68,0.34,None,None,None,-15188000,656409000,13940000,74.52,82.4,66.63,0.2532,0.1153,21.89,3.49,16.56,35.94,0.2373,0.5508,0.4455,0.1511,0.76,None,1.8504
2015-03-31,82068159,82068159,1,3958105000,1293943000,2205391000,625752000,1752714000,0,0,2190453000,1080000000,772512000,26405000,26405000,0.32,0.3,0.34,-3810000,-65967000,-237576000,-318808000,671597000,12876000,64.6,70.1,59.11,0.2163,0.0961,21.36,2.73,14.01,35.6,0.2627,0.6162,0.4428,0.1272,0.76,-0.2,2.0678
2014-12-31,84152327,84152327,1,4274878000,1553881000,2281736000,673954000,1991953000,1189000,0,2246862000,1080000000,830754000,64529000,64529000,0.83,0.74,0.34,129387000,-40612000,-22228000,58693000,990405000,18200000,62.45,68.4,56.5,0.2227,0.0968,23.67,2.65,13.15,35.26,0.2371,0.5422,0.466,0.1316,0.74,1.32,2.3056
2014-09-30,83801295,83801295,1,4238410000,1455279000,2261585000,653693000,1975028000,1797000,0,2310695000,1080000000,782231000,326812000,326812000,3.91,3.68,0.34,145890000,-179092000,-12572000,-55614000,931712000,12476000,68.47,73.93,63,0.2394,0.1005,23.57,3.41,31.12,34.92,0.2091,0.5468,0.466,0.1404,0.71,1.59,2.2262
2014-06-30,83386574,83386574,1,4167478000,1477432000,2492651000,587730000,1672928000,1899000,0,2191011000,1080000000,756315000,-17996000,-17996000,-0.22,-0.22,0.24,106067000,-91522000,-33358000,-15985000,987326000,16836000,67.13,73.27,61,0.1127,0.0468,20.06,3.26,21.72,34.58,0.4155,0.6456,0.4014,0.0644,0.72,1.07,2.5138
2014-03-31,83039602,83039602,1,4224056000,1471076000,2512832000,600643000,1709494000,1730000,0,2187838000,1080000000,740247000,35885000,35885000,0.44,0.41,0.24,42704000,-128568000,-12822000,-97133000,1003311000,9721000,72.55,80.64,64.45,0.1585,0.0666,20.59,3.54,22.05,34.34,0.2969,0.6318,0.4047,0.0887,0.75,0.4,2.4492
2013-12-31,82216788,82216788,1,4234684000,1475386000,2505283000,586897000,1686736000,42665000,0,2120659000,1080000000,724455000,78853000,76917000,0.91,0.88,0.24,86631000,-13533000,287085000,358792000,1100444000,16197000,60.29,70.44,50.14,0.1709,0.0726,20.52,2.89,21.23,34.1,0.279,0.6403,0.3983,0.0945,0.77,0.86,2.5139
2013-09-30,83293889,83293889,1,3804782000,1129921000,2016786000,601551000,1735056000,52940000,0,2131076000,580000000,756872000,95635000,96940000,1.17,1.13,0.24,96067000,32138000,-70824000,62927000,741652000,16295000,50.59,54.71,46.48,0.1499,0.0649,20.83,2.57,23.64,33.86,0.3214,0.3343,0.456,0.0815,0.81,0.96,1.8783
2013-06-30,82975132,82975132,1,3812491000,1070735000,2129957000,610656000,1631305000,51229000,0,2130476000,580000000,799411000,57472000,58290000,0.7,0.67,0.24,135901000,-46478000,-84442000,4968000,678725000,14181000,47.78,52.27,43.3,0.1126,0.0512,19.66,2.44,24.63,33.62,0.4212,0.3555,0.4279,0.064,0.81,1.47,1.7534
2013-03-31,83720173,83720173,1,3780246000,1055682000,2093756000,591439000,1636519000,49971000,0,2153004000,580000000,742249000,51765000,53637000,0.64,0.61,0.24,92362000,-52144000,-113897000,-76220000,673757000,33638000,43.47,48.73,38.2,0.0994,0.0483,19.55,2.21,25.42,33.38,0.4038,0.3544,0.4329,0.0615,0.79,0.7,1.7849
2012-12-31,84261283,84261283,1,3805828000,1156750000,2098193000,624889000,1655728000,51907000,0,2099058000,580000000,765251000,41938000,40739000,0.47,0.43,0.24,30920000,35498000,183177000,248198000,749977000,18838000,48.6,55,42.2,0.0861,0.045,19.65,2.21,25.71,33.14,0.3878,0.3503,0.4351,0.0569,0.78,0.14,1.8511
2012-09-30,88455458,88455458,1,3582575000,988227000,1581939000,625069000,1948394000,52242000,0,2048318000,80000000,714470000,40561000,40717000,0.46,0.43,0.24,118080000,-355248000,-71136000,-305417000,501779000,12010000,49.73,54.01,45.45,0.0861,0.0475,22.03,2.24,23.13,32.9,0.2523,0.0411,0.5439,0.0625,0.76,1.2,1.581
2012-06-30,87559876,87559876,1,3546348000,1279221000,1553908000,609543000,1942916000,49524000,0,1713080000,80000000,680612000,43460000,43332000,0.5,0.47,0.12,146477000,-20104000,59985000,183100000,807196000,10720000,47.23,50.47,44,0.099,0.0553,22.19,2.08,22.28,32.66,0.1075,0.0412,0.5479,0.0776,0.71,1.55,2.0987
2012-03-31,81705974,81705974,1,3352478000,1077649000,1446258000,524787000,1855868000,50352000,0,1729143000,80000000,640600000,34837000,34478000,0.42,0.38,0.12,59050000,-12234000,-127725000,-80057000,624096000,9633000,46.02,50.67,41.37,0.0974,0.0555,22.71,1.96,23.84,32.54,0.0522,0.0431,0.5536,0.0839,0.66,0.6,2.0535
2011-12-31,81270872,81270872,1,3409865000,1159133000,1449725000,534185000,1905049000,55091000,0,1736631000,95844000,596943000,46110000,46110000,0.6,0.61,0,102820000,-10967000,-63891000,24842000,704153000,12608000,40.01,43.89,36.13,0.0869,0.0503,23.44,1.7,17.78,32.42,0,0.0503,0.5587,0.0833,0.6,1.11,2.1699
2011-09-30,82032744,82032744,1,3378833000,1124141000,1358836000,493278000,1925633000,94364000,0,1735929000,95844000,516884000,64973000,64973000,0.77,0.69,0,112406000,175531000,-223029000,56445000,679311000,7997000,38.96,43.8,34.12,0.106,0.0628,23.47,1.63,22.65,32.42,0,0.0498,0.5699,0.1129,0.56,1.27,2.2789
2011-06-30,84963953,84963953,1,3429862000,1149091000,1339092000,405492000,2034288000,56482000,0,1323298000,95844000,485404000,42424000,42424000,0.47,0.44,0,103268000,-232904000,-93932000,-225729000,622866000,11055000,34.24,38.37,30.11,0.0761,0.048,23.94,1.51,24.46,32.42,0,0.0471,0.5931,0.0924,0.52,1.09,2.8338
2011-03-31,89888134,89888134,1,3432311000,1567335000,1335236000,404619000,2036958000,60117000,0,1323316000,95844000,460213000,18070000,18070000,0.2,0.19,0,53892000,43154000,8619000,106496000,848595000,8294000,30.09,32.13,28.05,0.0578,0.0387,22.66,1.3,28.66,32.42,0,0.0471,0.5935,0.0796,0.49,0.51,3.8736
2010-12-31,88468089,88468089,1,3329079000,1543985000,1279011000,356873000,2050068000,0,0,1234537000,95844000,426379000,87720000,87720000,0.92,0.93,0,130940000,-90721000,-199246000,-160115000,742099000,5787000,28.02,30.96,25.08,0.0388,0.0275,23.17,1.09,None,32.42,0,0.0468,0.6158,0.0607,0.45,1.41,4.3264
2010-09-30,100382241,100382241,1,3612198000,1631578000,960505000,318037000,2591501000,60192000,0,1309360000,95844000,421652000,17509000,17509000,0.17,0.16,0,74067000,59457000,-150045000,-12955000,902214000,8488000,24.28,27.09,21.47,-0.3535,-0.2648,25.82,0.92,None,32.42,None,0.037,0.7174,None,0.42,0.65,5.1302
2010-06-30,104594041,104594041,1,3714912000,1725073000,908049000,326838000,2746534000,60329000,0,1307959000,95844000,402858000,12835000,12835000,0.12,0.12,0,73852000,19085000,-129036000,-37103000,915169000,12979000,22.18,24.11,20.25,-0.3052,-0.2389,26.26,0.86,None,32.42,None,0.0349,0.7393,None,0.36,0.58,5.2781
2010-03-31,110886198,110886198,1,3770514000,1800998000,885550000,308449000,2862792000,22172000,0,1267675000,95844000,385926000,-18705000,-18705000,-0.16,-0.16,0,57247000,-108861000,-238883000,-293725000,952272000,12575000,22.24,24.47,20.01,-0.2633,-0.2126,25.82,0.83,None,32.42,None,0.0335,0.7593,None,0.31,0.4,5.8389
2009-12-31,116557686,116557686,1,4015889000,2000049000,859883000,290277000,3127826000,28180000,0,1260527000,95844000,367156000,-1012131000,-1012931000,-8.14,-8.14,0,182642000,-135340000,-206987000,-159773000,1245997000,9068000,19.84,20.97,18.7,-0.2392,-0.1974,26.84,0.6,9.49,32.42,None,0.0306,0.7789,None,0.28,1.49,6.8901
2009-09-30,131970240,131970240,1,5184004000,2083616000,825734000,266651000,4330276000,27994000,0,2309387000,95844000,336577000,21298000,21682000,0.16,0.16,0,42915000,-120792000,-124974000,-202652000,1405770000,10238000,18.43,21.28,15.58,0.0592,0.0495,32.81,0.55,10.13,32.42,0,0.0221,0.8353,0.1743,0.28,0.25,7.814
2009-06-30,132402526,132402526,1,5263493000,2151739000,832961000,298212000,4402937000,27595000,0,2224659000,95844000,340045000,40397000,40813000,0.28,0.28,0,54291000,-49096000,-194794000,-184373000,1608422000,10036000,16,17.15,14.85,0.0515,0.0428,33.25,0.53,None,32.42,6.1898,0.0218,0.8365,0.1501,0.29,0.33,7.2155
2009-03-31,149618519,149618519,1,5373700000,2324121000,838959000,313097000,4507200000,27541000,0,2285636000,95844000,332010000,-28386000,-28386000,-0.19,-0.19,0,48172000,-121377000,120742000,47801000,1792795000,8580000,14.88,16.52,13.23,-0.0446,-0.0342,30.12,0.47,None,32.42,None,0.0213,0.8388,None,0.21,0.26,7.423
2008-12-31,140947466,140947466,1,5250598000,2186786000,800291000,286004000,4427536000,22771000,0,2297051000,95844000,491393000,227417000,227417000,1.62,1.84,0,-47711000,458048000,-89000,402882000,1744994000,14206000,15.67,18.07,13.27,-0.0247,-0.0179,31.41,0.53,None,32.42,None,0.0216,0.8432,None,0.17,-0.44,7.646
2008-09-30,140397910,140397910,1,5083140000,1767732000,897471000,404715000,4153606000,32063000,0,2321587000,95844000,335361000,-14837000,-14837000,-0.11,-0.11,9.92,114807000,287000000,-461936000,-89879000,1342112000,-31485000,16.31,17.91,14.71,-0.1029,-0.0717,29.58,0.28,None,32.42,None,0.0231,0.8171,None,0.11,1.04,4.3678
2008-06-30,279815897,139907948,0.5,12028299000,2826829000,3799355000,1596273000,8189499000,39445000,0,7758766000,835199000,318573000,-421597000,-421597000,-1.51,-1.59,0,157530000,41042000,-2004000,197941000,1431991000,46373000,18.7,21.09,16.32,-0.0782,-0.0536,58.53,0.31,None,22.5,None,0.102,0.6809,None,0.1,0.79,1.7709
2008-03-31,278781445,139390722,0.5,12568523000,2810321000,4014277000,1732322000,8514008000,40238000,0,8316073000,850005000,299768000,52816000,52816000,0.19,0.18,0,149439000,-353796000,-159603000,-351252000,1234050000,36460000,19.93,23.28,16.58,-0.0174,-0.012,61.08,0.32,None,22.5,None,0.0998,0.6774,None,0.1,0.81,1.6223
2007-12-31,138995404,138995404,1,12590802000,3426237000,3974260000,1734233000,8583662000,32880000,0,7877911000,834566000,238482000,-373896000,-373896000,-2.66,-2.66,0,271593000,20491000,-79179000,206709000,1585302000,-46595000,59.73,66.72,52.74,-0.0161,-0.0112,61.76,0.94,33.56,22.5,None,0.0972,0.6817,None,0.1,2.29,1.9756
2007-09-30,283638453,141819226,0.5,12861285000,3124094000,3797097000,1654891000,9031431000,32757000,0,8409831000,823391000,369280000,71764000,71764000,0.25,0.25,0,187047000,427990000,-283445000,352894000,1378593000,55147000,60.02,69.88,50.16,0.0274,0.0189,63.68,0.95,34.9,22.5,0,0.0912,0.7022,0.0946,0.2,0.93,1.8878
2007-06-30,288218196,144109098,0.5,12922131000,3104541000,3768789000,1619662000,9126893000,26449000,0,8432500000,811827000,354164000,95972000,95972000,0.33,0.32,0,364838000,-386144000,-178701000,-195468000,1025699000,51551000,71.81,78.12,65.5,0.028,0.0191,63.33,1.15,50.57,22.5,0,0.0889,0.7063,0.065,0.29,2.17,1.9168
2007-03-31,287503714,143751857,0.5,13114601000,3685493000,4074805000,1858268000,9015004000,24792000,0,8460794000,835210000,370656000,62091000,62091000,0.22,0.22,0,39817000,9513000,-259934000,-206973000,1221167000,52798000,77.04,81.98,72.1,0.0234,0.0157,62.71,1.26,61.14,22.5,0,0.0926,0.6874,0.0407,0.39,-0.09,1.9833
2006-12-31,285727854,142863927,0.5,13194423000,3812337000,4400549000,2253189000,8768993000,24881000,0,8436694000,857103000,1511767000,16699000,16699000,0.06,0.1,0,308160000,43121000,-497000,359283000,1428140000,72792000,66.91,77.32,56.5,0.0216,0.0144,61.38,1.12,40.8,22.5,0,0.0977,0.6646,0.0307,0.47,1.65,1.692
2006-09-30,293680673,146840336,0.5,13170596000,3463735000,4406590000,2142053000,8735291000,28715000,0,8774024000,871574000,1602971000,74945000,74945000,0.25,0.22,0,141903000,216759000,-355405000,8191000,1068857000,60492000,52.9,58.56,47.24,0.032,0.0213,59.49,0.88,33.48,22.5,0,0.0998,0.6632,0.0532,0.4,0.55,1.617
2006-06-30,298289026,149144513,0.5,13429928000,3655587000,4490681000,2201827000,8924327000,14920000,0,8843919000,858063000,1612322000,53808000,53808000,0.17,0.17,0,261199000,146614000,-447767000,-25733000,1060666000,56846000,54.66,62.24,47.08,0.0306,0.0203,59.84,0.93,11.39,22.5,12.7352,0.0961,0.6645,0.0531,0.38,1.37,1.6603
2006-03-31,316083375,158041687,0.5,13743974000,3927857000,4456478000,2144709000,9272542000,14954000,0,8873674000,881978000,1550578000,47183000,47183000,0.15,0.14,0,109332000,74592000,-88777000,99319000,1086399000,61297000,58.45,63,53.9,0.0802,0.0531,58.67,1.01,11.98,22.5,4.2448,0.0951,0.6747,0.1496,0.35,0.3,1.8314
2005-12-31,320291635,160145817,0.5,13917765000,3993528000,4681423000,2232997000,9230828000,5514000,0,8909888000,959410000,663061000,113066000,113066000,0.3,0.29,0,None,None,None,77682000,987080000,65809000,54.07,58.72,49.42,0.073,0.0476,57.64,0.91,13.32,22.5,4.1384,0.1039,0.6632,0.1509,0.31,None,1.7884
2005-09-30,319380989,159690494,0.5,14710345000,4785064000,5231775000,2709571000,9473333000,5237000,0,8967937000,962975000,1483297000,69489000,68077000,0.21,0.19,11.25,-1367659000,103954000,-828376000,-1482641000,909398000,32241000,54.31,61.64,46.98,0.0536,0.0351,59.32,0.64,13.06,22.5,5.0658,0.1017,0.644,0.1121,0.31,-8.77,1.766
2005-06-30,669239221,167309805,0.25,21783573000,6563918000,7452303000,4870690000,14245024000,86246000,0,14281253000,794272000,1960216000,621383000,618120000,0.96,0.89,0,382986000,1317359000,-1135358000,540574000,2492039000,93372000,52.42,58.34,46.5,0.0505,0.0333,85.14,0.6,54.6,0,0,0.0558,0.6539,0.126,0.26,1.73,1.3476
2005-03-31,664246942,166061735,0.25,23225372000,6074571000,8547626000,3629466000,14593260000,84486000,0,13568925000,785522000,1647097000,72212000,68949000,0.1,0.09,0,532505000,169275000,161799000,851767000,1951465000,50047000,54.27,61.9,46.64,0.0126,0.0087,87.88,0.65,67.84,0,0,0.0538,0.6283,0.0379,0.21,2.91,1.6737
2004-12-31,698876554,174719138,0.25,22398865000,4884752000,7772922000,2645715000,14605304000,20639000,0,13767409000,796715000,1235187000,-42603000,-45867000,-0.06,-0.06,0,242726000,-302347000,87102000,33627000,1157462000,64500000,53.39,64.22,42.56,0.0104,0.0074,83.59,0.64,27.81,0,0,0.0545,0.6521,0.0362,0.19,1.02,1.8463
2004-09-30,692639744,173159936,0.25,22034408000,4388071000,7309348000,2146802000,14474739000,250321000,0,14003100000,1122050000,957293000,92741000,89478000,0.13,0.12,0,55110000,8525000,-160081000,-87904000,1123835000,58803000,57.08,68.24,45.92,0.0242,0.0165,83.59,0.69,37.55,0,0,0.0775,0.6569,0.0737,0.22,-0.02,2.044
2004-06-30,696046323,174011580,0.25,22164125000,4709957000,7470430000,2427712000,14456465000,237230000,0,13899217000,1105844000,976570000,73196000,69934000,0.1,0.09,0,381341000,-418592000,-233295000,-279430000,1211739000,66094000,70.04,76.9,63.18,0.0192,0.0133,83.08,0.84,38.91,0,0,0.0765,0.6522,0.0517,0.25,1.81,1.9401
2004-03-31,701368124,175342031,0.25,22243336000,4933036000,7550474000,2306967000,14584453000,108409000,0,13735515000,1134322000,1019229000,41527000,38263000,0.05,0.05,0,594051000,-40780000,46628000,592107000,1491169000,34390000,69.3,77.6,61,0.0221,0.015,83.18,0.84,101.91,0,0,0.0778,0.6557,0.0508,0.28,3.19,2.1383
2003-12-31,696894240,174223560,0.25,21586588000,4214976000,7060204000,1878181000,14415585000,110799000,0,13805657000,1120097000,1799271000,156018000,152755000,0.24,0.22,0,159645000,-57780000,-546332000,-440077000,899062000,56728000,135.58,156,115.16,0.0126,0.0086,82.74,1.64,None,0,0,0.0777,0.6678,0.0244,0.32,0.59,2.2442
2003-09-30,711628977,177907244,0.25,21747621000,5376274000,6926973000,2063459000,14730187000,90461000,0,12826719000,1123822000,1610270000,21980000,18716000,0.03,0.02,0,206283000,432782000,-681752000,-45506000,2418435000,43159000,151.84,170.96,132.72,-0.0004,0.0005,82.8,2.5,None,0,None,0.0763,0.6773,None,0.33,0.92,2.6055
2003-06-30,725929763,181482440,0.25,18513624000,5851004000,7101701000,1990008000,11026031000,385892000,0,9080923000,1191522000,1526511000,96194000,92930000,0.17,0.16,0,471727000,-1366731000,762594000,-129339000,1384645000,53234000,128.86,157.32,100.4,-0.0067,-0.0029,60.76,1.9,6.46,0,None,0.1081,0.5956,None,0.33,2.31,2.9402
2003-03-31,515729487,128932371,0.25,16220043000,4625096000,6874068000,1812417000,8735625000,610350000,0,8069957000,1189155000,1392066000,-106796000,-110060000,-0.23,-0.23,0,467013000,-778343000,-102150000,-484130000,2593280000,33744000,98.84,113.72,83.96,0.2627,0.1398,67.75,1.54,5.5,0,0,0.1361,0.5386,0.4201,0.33,3.36,2.5519
2002-12-31,495867115,123966778,0.25,15663113000,4622222000,6657149000,1541456000,7931463000,1074501000,0,7255912000,1211145000,1339284000,-2685000,-5949000,-0.21,None,0,287347000,1065090000,736821000,1908902000,1998114000,54658000,90.22,119.2,61.24,0.2697,0.1481,63.98,1.3,5.98,0,0,0.1527,0.5064,0.4201,0.35,1.88,2.9986
2002-09-30,448977841,112244460,0.25,14702148000,3874374000,5915978000,1687563000,7776217000,1009953000,0,7009378000,508237000,1192496000,-33365000,-36629000,-0.08,-0.08,0,192486000,-2731104000,1085000,-2544221000,675413000,35074000,80.72,96.44,65,0.2837,0.1408,69.28,1.16,4.54,0,0,0.0654,0.5289,0.3588,0.39,1.4,2.2958
2002-06-30,448268456,112067114,0.25,14409106000,4344068000,4347976000,1608156000,7808489000,2252641000,0,6216953000,507322000,1117795000,2273840000,2270576000,5.51,5.51,0,248142000,1223169000,452000,1510066000,3219634000,47792000,106.16,134.12,78.2,0.443,0.1949,69.68,2.08,None,0,0,0.065,0.5419,0.5056,0.38,1.79,2.7013
2002-03-31,413285817,103321454,0.25,7990358000,2713488000,2086210000,1365712000,5274245000,629903000,0,4297567000,544501000,971649000,-284687000,-286654000,-0.73,None,0,13586000,757759000,-21737000,731191000,1709568000,28031000,117.26,132.88,101.64,-0.0548,-0.02,51.05,8.96,None,0,None,0.1032,0.6601,None,0.39,-0.14,1.9869
2001-12-31,403666927,100916731,0.25,7824375000,1754820000,1941066000,1046531000,1319505000,4563804000,0,4888545000,499513000,1102564000,-374098000,-374098000,None,None,0,190285000,-111104000,-326000,78618000,978377000,43279000,90.58,111.36,69.8,0.0216,0.0065,13.08,2.14,56.61,0,0,0.3786,0.1686,0.0183,0.35,1.46,1.6768
2001-09-30,377030092,94257523,0.25,11687907000,2908751000,2750931000,1661530000,3993871000,4943105000,0,7345565000,545584000,837839000,427575000,427575000,1.14,0.59,0,191316000,63509000,21167000,267443000,899759000,41722000,89.78,113.76,65.8,0.0998,0.0331,42.37,2.38,None,0,0,0.1366,0.3417,0.0922,0.36,1.59,1.7506
2001-06-30,375647404,93911851,0.25,10811257000,2036836000,2352617000,1278460000,3542751000,4915889000,0,7419236000,552572000,861853000,39551000,39551000,0.11,0.09,0,None,None,None,323211000,632316000,29660000,96.72,112.8,80.64,-0.0251,-0.0082,37.72,2.61,None,0,None,0.156,0.3277,None,0.39,None,1.5932
2001-03-31,372491578,93122894,0.25,10580365000,1592875000,2254285000,1178460000,3454789000,4871291000,0,7432940000,586435000,820662000,-26570000,-26570000,-0.07,-0.07,0,127188000,-84271000,24987000,64882000,309105000,28850000,85.26,99.76,70.76,-0.0447,-0.0148,37.1,2.28,None,0,None,0.1697,0.3265,None,0.42,1.06,1.3517
2000-12-31,368571760,92142940,0.25,10473870000,1775835000,2216862000,1173247000,3439871000,4817137000,0,7461862000,552501000,1385592000,-80317000,-80317000,-0.21,-0.21,0,None,None,None,-113793000,244223000,60393000,77.14,89.52,64.76,-0.0448,-0.0144,37.33,2.03,None,0,None,0.1606,0.3284,None,0.45,None,1.5136
2000-09-30,368116003,92029000,0.25,10611093000,1716687000,2168124000,1201021000,3501933000,4941036000,0,7773464000,572449000,1115020000,-20239000,-20239000,-0.06,-0.06,0,937000,-81459000,-14428000,-98054000,359079000,40154000,91.88,103.76,80,-0.0272,-0.0086,38.05,2.39,None,0,None,0.1635,0.33,None,0.42,-0.43,1.4294
2000-06-30,368080208,92020052,0.25,10462407000,1616641000,2100708000,1175011000,3538192000,4823507000,0,7718345000,574763000,1098077000,-28555000,-28555000,-0.08,-0.08,0,97810000,-204073000,83914000,-23316000,457133000,49547000,81.76,96,67.52,-0.0247,-0.0076,38.45,2.7,None,0,None,0.1624,0.3382,None,0.4,0.52,1.3759
2000-03-31,361512234,90378058,0.25,9604479000,1596620000,2125050000,1187258000,2733797000,4745632000,0,7001883000,575452000,1002803000,-18872000,-18872000,-0.06,-0.06,0,157866000,-89917000,-11677000,56210000,480449000,26790000,96.38,116.24,76.52,-0.0197,-0.0059,30.25,2.94,None,0,None,0.2105,0.2846,None,0.38,1.45,1.3448
1999-12-31,337830268,84457567,0.25,9253152000,1388455000,1991357000,1031753000,2769729000,4492066000,0,6831487000,574979000,936137000,-17778000,-17778000,-0.05,-0.05,0,117035000,-87014000,8573000,38207000,424239000,51142000,91.24,113.72,68.76,-0.0102,-0.0031,32.79,2.75,570.25,0,None,0.2076,0.2993,None,0.36,0.78,1.3457
1999-09-30,168021772,84010886,0.5,9158426000,1306222000,1927450000,994828000,2785074000,4445902000,0,6844263000,550221000,793248000,-7680000,-7680000,-0.04,-0.04,0,59812000,6873000,61883000,129307000,386032000,35130000,85.38,97.24,73.52,0.0154,0.0047,33.15,2.68,474.33,0,0,0.1976,0.3041,0.0134,0.35,0.29,1.313
1999-06-30,167024095,83512047,0.5,8713931000,1198401000,2276594000,1095003000,2664136000,3773201000,0,6592841000,751500000,777429000,-9716000,-9716000,-0.06,-0.06,0,129197000,-391842000,9887000,-252102000,256725000,37193000,77.24,86.24,68.24,0.017,0.0052,31.9,2.39,297.08,0,0,0.2821,0.3057,0.015,0.35,1.1,1.0944
1999-03-31,161538548,80769274,0.5,8396585000,1371135000,2079448000,852936000,2613318000,3703819000,0,6316467000,762640000,728947000,7543000,7543000,0.05,0.04,0,60423000,28574000,-24395000,63471000,508827000,15472000,75.8,89.36,62.24,0.02,0.0061,32.36,2.35,145.77,0,0,0.2918,0.3112,0.0178,0.34,0.56,1.6075
1998-12-31,159321898,79660949,0.5,8327102000,1267538000,2122100000,862779000,2571405000,3633597000,0,6342646000,775683000,767118000,50832000,50832000,0.32,0.14,0,80025000,-44730000,117608000,153125000,445356000,22752000,51.42,75.24,27.6,0.0328,0.0095,32.28,1.62,171.4,0,0,0.3017,0.3088,0.0292,0.32,0.72,1.4691
1998-09-30,155223485,77611742,0.5,8266957000,1087988000,2220855000,1073561000,2456764000,3589338000,0,6352103000,748101000,640514000,-4849000,-4849000,-0.03,-0.03,0,5420000,254906000,-103707000,156353000,292231000,27308000,50.62,62.76,38.48,0.0142,0.0044,31.65,1.59,120.52,0,0,0.3045,0.2972,0.013,0.34,-0.28,1.0134
1998-06-30,155119055,77559527,0.5,8181829000,881677000,2601872000,883174000,2466397000,3113560000,0,6482424000,1284566000,703393000,-3040000,-3040000,-0.02,-0.02,0,81337000,-38431000,-67762000,-24856000,135878000,17930000,49.86,55.24,44.48,0.0208,0.0071,31.8,1.77,97.76,0,0,0.5208,0.3014,0.0194,0.37,0.82,0.9983
1998-03-31,134261528,67130764,0.5,7713436000,910399000,3085068000,834424000,1892358000,2736010000,0,6018127000,1862909000,523111000,33931000,33931000,0.28,0.17,0,59974000,-1365334000,1351515000,46155000,162191000,19002000,52.3,58.6,46,0.029,None,28.19,2.42,217.92,0,0,0.9844,0.2453,0.0287,0.4,0.61,1.0911
1997-12-31,134224320,67112160,0.5,2670796000,420682000,851219000,359741000,1447354000,372223000,0,1862128000,448346000,390257000,3303000,3303000,0.03,None,0,30070000,-45192000,25037000,9915000,116036000,12914000,44.1,51.56,36.64,0.01,None,21.57,1.71,None,0,0,0.3098,0.5419,0.0104,0.53,0.26,1.1694
1997-09-30,55891553,55891553,1,2637305000,407424000,830412000,351235000,1441538000,365355000,0,1857803000,428754000,326256000,3516000,3516000,0.06,None,0,982000,-18439000,92783000,75326000,106121000,14072000,35.75,41,30.5,None,None,25.79,1.7,None,0,None,0.2974,0.5466,None,None,-0.23,1.16
1997-06-30,55754019,55754019,1,2083733000,249367000,547294000,205701000,1170898000,365541000,0,1518539000,291564000,265685000,2472000,2472000,0.05,None,0,-12917000,-17808000,19958000,-10767000,30795000,7360000,28.13,34,22.26,None,None,21,1.12,None,0,None,0.249,0.5619,None,None,-0.36,1.2123
1997-03-31,46319649,46319649,1,2099300000,249828000,569840000,242377000,1164451000,365009000,0,1529969000,269071000,279551000,3770000,3770000,0.07,None,0,29538000,-854000,-29728000,-1044000,41562000,9169000,24.5,29,20,None,None,25.14,0.98,None,0,None,0.2311,0.5547,None,None,0.44,1.0307
1996-12-31,46318349,46318349,1,2116232000,248598000,601347000,273042000,1158749000,356136000,0,1545947000,271430000,None,None,None,None,None,0,11968000,-2622000,14120000,23466000,42606000,-1202000,23.75,26.5,21,None,None,25.02,None,None,0,None,0.2342,0.5476,None,None,0.28,0.9105
