"Quarter end","Shares","Shares split adjusted","Split factor","Assets","Current Assets","Liabilities","Current Liabilities","Shareholders equity","Non-controlling interest","Preferred equity","Goodwill & intangibles","Long-term debt","Revenue","Earnings","Earnings available for common stockholders","EPS basic","EPS diluted","Dividend per share","Cash from operating activities","Cash from investing activities","Cash from financing activities","Cash change during period","Cash at end of period","Capital expenditures","Price","Price high","Price low","ROE","ROA","Book value of equity per share","P/B ratio","P/E ratio","Cumulative dividends per share","Dividend payout ratio","Long-term debt to equity ratio","Equity to assets ratio","Net margin","Asset turnover","Free cash flow per share","Current ratio"
2019-06-30,440188364,440188364,1,17913000000,6018000000,13047000000,3621000000,4854000000,12000000,55000000,5186000000,5901000000,3691000000,-121000000,-121000000,-0.27,-0.27,0.08,106000000,129000000,-201000000,34000000,1360000000,128000000,22.55,25.83,19.27,0.0855,0.0243,10.9,1.98,16.11,33.46,0.2916,1.2296,0.2679,0.0311,0.78,-0.05,1.662
2019-03-31,448629078,448629078,1,18361000000,6053000000,13183000000,3659000000,5166000000,12000000,55000000,5421000000,5899000000,3541000000,187000000,186000000,0.4,0.39,0.08,-258000000,42000000,-741000000,-956000000,1326000000,164000000,18.37,20.61,16.12,0.1298,0.0373,11.39,1.61,14.13,33.38,0.1798,1.1542,0.2784,0.0485,0.77,-0.94,1.6543
2018-12-31,484940842,484940842,1,18693000000,6581000000,13108000000,3520000000,5573000000,12000000,55000000,7251000000,5896000000,3472000000,218000000,218000000,0.45,0.45,0.06,426000000,354000000,-40000000,740000000,2282000000,-31000000,19.62,23.6,15.63,0.1208,0.035,11.38,1.79,None,33.3,0.1813,1.0685,0.2952,0.0457,0.76,0.94,1.8696
2018-09-30,483242370,483242370,1,18327000000,6132000000,12952000000,3014000000,5361000000,14000000,55000000,5471000000,6315000000,3524000000,161000000,160000000,0.33,0.32,0.06,51000000,65000000,-32000000,82000000,1542000000,207000000,19.88,23.13,16.64,-0.0594,-0.0165,10.98,1.86,None,33.24,None,1.1902,0.2895,None,0.75,-0.32,2.0345
2018-06-30,482954718,482954718,1,18219000000,6075000000,13001000000,2977000000,5204000000,14000000,55000000,5481000000,6312000000,3573000000,120000000,120000000,0.25,0.24,0.06,176000000,117000000,-35000000,252000000,1460000000,166000000,20.27,24.07,16.47,-0.069,-0.0186,10.66,1.88,None,33.18,None,1.2259,0.2826,None,0.73,0.02,2.0406
2018-03-31,482832111,482832111,1,18219000000,5895000000,12937000000,2802000000,5268000000,14000000,55000000,5563000000,6309000000,3445000000,143000000,142000000,0.3,0.29,0.06,-436000000,29000000,-542000000,-945000000,1208000000,117000000,26.87,31.17,22.57,-0.0536,-0.0134,10.8,2.67,None,33.12,None,1.2102,0.2861,None,0.7,-1.15,2.1039
2017-12-31,482772252,482772252,1,18718000000,6378000000,13794000000,2824000000,4910000000,14000000,55000000,7406000000,6806000000,3271000000,-727000000,-727000000,-1.51,-1.51,0.06,612000000,-236000000,-45000000,335000000,2150000000,236000000,25.3,27.85,22.74,-0.0232,-0.0038,10.06,2.07,None,33.06,None,1.4019,0.2594,None,0.67,0.78,2.2585
2017-09-30,481324177,481324177,1,19237000000,6148000000,13276000000,2677000000,5948000000,13000000,55000000,5246000000,6802000000,3236000000,119000000,101000000,0.23,0.22,0.06,172000000,-128000000,-15000000,30000000,1815000000,131000000,24.76,26.84,22.67,-0.1222,-0.0308,12.24,1.92,None,33,None,1.1543,0.3063,None,0.65,0.09,2.2966
2017-06-30,441030999,441030999,1,19106000000,6033000000,13353000000,2658000000,5740000000,13000000,55000000,5215000000,6796000000,3261000000,212000000,194000000,0.44,0.43,0.06,217000000,-125000000,-860000000,-768000000,1785000000,125000000,25.2,28.65,21.75,-0.0899,-0.0231,12.89,2.05,None,32.94,None,1.1954,0.2976,None,0.61,0.21,2.2698
2017-03-31,440826482,440826482,1,20157000000,6710000000,14662000000,2587000000,5482000000,13000000,55000000,5170000000,8046000000,3192000000,322000000,305000000,0.69,0.65,0.06,-300000000,1029000000,-43000000,690000000,2553000000,113000000,24.66,30.69,18.64,-0.0815,-0.0223,12.31,2.15,None,32.88,None,1.4826,0.2692,None,0.59,-0.94,2.5937
2016-12-31,440535657,440535657,1,20038000000,5892000000,14897000000,2749000000,5115000000,26000000,55000000,6942000000,8044000000,3055000000,-1258000000,-1274000000,-2.92,-2.92,7.76,662000000,-244000000,-404000000,0,1863000000,302000000,24.43,32.1,16.75,-0.098,-0.029,11.49,0.91,None,32.82,None,1.5897,0.2525,None,0.57,0.82,2.1433
2016-09-30,438478283,438478283,1,37448000000,9368000000,23503000000,5500000000,11775000000,2170000000,55000000,5384000000,9501000000,5213000000,166000000,148000000,0.34,0.33,0.09,306000000,-231000000,-143000000,-66000000,1863000000,152000000,30,32.91,27.09,-0.0377,-0.0105,26.73,1.07,None,25.06,None,0.8107,0.313,None,0.57,0.35,1.7033
2016-06-30,1315374511,438457731,0.333333,36139000000,8093000000,21610000000,5488000000,12335000000,2194000000,55000000,5396000000,8278000000,5295000000,135000000,118000000,0.09,0.09,0.03,332000000,311000000,-100000000,545000000,1929000000,-50000000,30.42,34.5,26.34,-0.047,-0.0139,28.01,1.1,None,24.97,None,0.6741,0.3398,None,0.58,0.87,1.4747
2016-03-31,1315107286,438368656,0.333333,36140000000,7665000000,21779000000,5555000000,12226000000,2135000000,55000000,5402000000,8257000000,4947000000,16000000,-2000000,0,0,0.03,-430000000,-1000000,-107000000,-535000000,1384000000,29000000,24.54,30.66,18.42,-0.0467,-0.0137,27.76,0.9,None,24.88,None,0.6784,0.3368,None,0.59,-1.05,1.3798
2015-12-31,1314845888,438281524,0.333333,36528000000,7953000000,22397000000,5211000000,12046000000,2085000000,55000000,7538000000,9044000000,5245000000,-701000000,-718000000,-0.55,-0.55,0.03,865000000,-457000000,-230000000,180000000,1919000000,398000000,28.48,33.54,23.43,-0.0324,-0.0089,27.36,0.99,25.66,24.79,None,0.7542,0.3283,None,0.62,1.07,1.5262
2015-09-30,1310128840,436709176,0.333333,36587000000,8592000000,21896000000,5147000000,12594000000,2097000000,55000000,5443000000,9091000000,5573000000,44000000,26000000,0.02,0.02,0.03,420000000,82000000,-52000000,428000000,1739000000,215000000,28.8,33.69,23.91,0.0384,0.0147,28.71,0.96,20.43,24.7,0.3204,0.725,0.3427,0.0197,0.65,0.47,1.6693
2015-06-30,1222605049,407534608,0.333333,36587000000,7829000000,21949000000,5206000000,12314000000,2324000000,55000000,5232000000,8713000000,5897000000,140000000,123000000,0.1,0.1,0.03,472000000,-220000000,-133000000,120000000,1311000000,200000000,38.16,42.87,33.45,0.0487,0.0175,30.08,1.35,25.96,24.61,0.2468,0.7107,0.3351,0.0242,0.66,0.67,1.5038
2015-03-31,1222381828,407460201,0.333333,35694000000,7722000000,21851000000,5064000000,11574000000,2269000000,55000000,5050000000,8711000000,5819000000,195000000,178000000,0.15,0.14,0.03,-175000000,-465000000,-26000000,-686000000,1191000000,255000000,44.63,51.3,37.95,0.0506,0.0175,28.27,1.48,78.3,24.52,0.2384,0.7562,0.3227,0.0249,0.66,-1.06,1.5249
2014-12-31,1222248058,407415611,0.333333,37399000000,8269000000,22605000000,5541000000,12306000000,2488000000,55000000,6892000000,8769000000,6377000000,159000000,139000000,0.11,0.11,0.03,1458000000,-2653000000,-181000000,-1395000000,1877000000,222000000,47.19,53.25,41.13,0.0208,0.0073,30.07,1.5,None,24.43,0.5769,0.7158,0.3276,0.0103,0.65,3.03,1.4923
2014-09-30,1178822574,392940465,0.333333,37122000000,9689000000,21987000000,5354000000,12396000000,2739000000,55000000,3389000000,8797000000,6239000000,149000000,149000000,0.13,0.12,0.03,249000000,-281000000,2140000000,2089000000,3272000000,278000000,47.88,52.08,43.68,-0.1947,-0.0616,31.41,1.62,None,24.34,None,0.7128,0.3324,None,0.64,-0.07,1.8097
2014-06-30,1176322578,392107133,0.333333,36309000000,7387000000,21603000000,5842000000,11677000000,3029000000,55000000,3435000000,7612000000,5836000000,138000000,138000000,0.12,0.12,0.03,518000000,-286000000,281000000,518000000,1183000000,257000000,41.28,45.54,37.02,-0.2036,-0.0646,29.64,1.42,None,24.25,None,0.655,0.3201,None,0.62,0.67,1.2645
2014-03-31,1172283627,390760818,0.333333,35605000000,6765000000,21231000000,5267000000,11391000000,2983000000,55000000,3423000000,7609000000,5454000000,-178000000,-179000000,-0.16,-0.16,0.03,-551000000,-240000000,10000000,-772000000,665000000,209000000,34.19,38.91,29.46,-0.2204,-0.0705,29.01,1.17,None,24.16,None,0.6712,0.3184,None,0.61,-1.94,1.2844
2013-12-31,1077685695,359228205,0.333333,35742000000,6969000000,22220000000,6105000000,10593000000,2929000000,55000000,4682000000,7607000000,5585000000,-2339000000,-2339000000,-2.19,-2.19,0.03,920000000,-425000000,-65000000,420000000,1437000000,417000000,27.89,32.31,23.46,-0.1849,-0.0599,29.34,0.78,34.43,24.07,None,0.7219,0.2948,None,0.6,1.4,1.1415
2013-09-30,1069602101,356533677,0.333333,38229000000,7049000000,22365000000,6040000000,12856000000,3008000000,55000000,5144000000,7630000000,5765000000,24000000,23000000,0.02,0.02,0.03,214000000,-304000000,-93000000,-185000000,1017000000,247000000,24.46,26.04,22.89,0.0226,0.0075,35.9,0.68,67.94,23.98,0.4365,0.596,0.3349,0.0126,0.59,-0.09,1.1671
2013-06-30,1069551327,356516752,0.333333,38551000000,7237000000,22693000000,6147000000,12815000000,3043000000,55000000,5113000000,7700000000,5849000000,-119000000,-119000000,-0.11,-0.11,0.03,514000000,-276000000,-568000000,-353000000,1202000000,283000000,24.88,26.64,23.13,0.0097,0.0032,35.79,0.66,36.06,23.89,1.0021,0.6034,0.331,0.0055,0.59,0.65,1.1773
2013-03-31,1069397025,356465318,0.333333,40106000000,7768000000,23332000000,6500000000,13421000000,3353000000,55000000,5123000000,7745000000,5833000000,149000000,148000000,0.14,0.13,0.03,-70000000,-285000000,47000000,-306000000,1555000000,233000000,26.5,28.11,24.9,0.0183,0.0062,37.5,0.72,46.49,23.8,0.5232,0.5795,0.3333,0.0104,0.59,-0.85,1.1951
2012-12-31,1069326205,356441711,0.333333,40179000000,7700000000,23656000000,5942000000,13199000000,3324000000,55000000,6357000000,8311000000,5898000000,242000000,242000000,0.22,0.23,0.03,933000000,207000000,-712000000,429000000,1861000000,-204000000,25.98,28.02,23.94,0.0141,0.0048,36.88,0.68,None,23.71,0.6707,0.6323,0.3271,0.0081,0.59,3.19,1.2959
2012-09-30,1067201953,355733628,0.333333,40191000000,7775000000,23337000000,6531000000,13570000000,3284000000,55000000,5175000000,8350000000,5833000000,-143000000,-143000000,-0.13,-0.13,0.03,263000000,-262000000,-282000000,-280000000,1432000000,302000000,29.56,29.79,29.34,-0.0176,-0.006,37.99,0.77,164.22,23.62,None,0.6178,0.3363,None,0.59,-0.11,1.1905
2012-06-30,1066892364,355630432,0.333333,39498000000,7767000000,22584000000,6151000000,13658000000,3256000000,55000000,5141000000,8547000000,5963000000,-2000000,-2000000,0,0,0.03,537000000,-354000000,-198000000,-37000000,1712000000,289000000,30.31,30.72,29.91,0.0052,0.0018,38.25,0.77,29.72,23.53,1.7523,0.6283,0.3444,0.003,0.61,0.7,1.2627
2012-03-31,1066703047,355567326,0.333333,40703000000,7883000000,23077000000,6292000000,14142000000,3484000000,55000000,5271000000,8618000000,6006000000,94000000,94000000,0.09,0.09,0.03,-236000000,-350000000,394000000,-190000000,1749000000,259000000,32.3,32.76,31.83,0.0272,0.0098,39.62,0.83,20.71,23.44,0.322,0.6118,0.3461,0.0159,0.62,-1.39,1.2529
2011-12-31,1066107670,355368867,0.333333,40120000000,7713000000,22925000000,6013000000,13844000000,3351000000,55000000,6450000000,8640000000,5989000000,-191000000,-191000000,-0.18,-0.18,0.03,1142000000,-583000000,49000000,607000000,1939000000,442000000,30.16,34.98,25.35,0.0414,0.0151,38.8,0.72,10.81,23.35,0.2091,0.6266,0.3437,0.0245,0.62,1.97,1.2827
2011-09-30,1064303727,354767554,0.333333,39598000000,7670000000,21315000000,5623000000,14919000000,3364000000,55000000,5271000000,8658000000,6419000000,172000000,172000000,0.16,0.15,0.03,489000000,-367000000,-27000000,72000000,1332000000,332000000,39.24,49.8,28.68,0.0722,0.0264,41.9,0.89,15.57,23.26,0.1204,0.5825,0.3754,0.0431,0.61,0.44,1.364
2011-06-30,1064183062,354727332,0.333333,41466000000,7868000000,22097000000,5800000000,15652000000,3717000000,55000000,5329000000,8773000000,6585000000,322000000,322000000,0.3,0.28,0.03,798000000,-350000000,-85000000,373000000,1260000000,271000000,49.55,55.41,43.68,0.0664,0.0238,43.97,1.19,23.94,23.17,0.1332,0.5625,0.3761,0.0404,0.59,1.49,1.3566
2011-03-31,1063715480,354571472,0.333333,40336000000,7209000000,21932000000,5717000000,14774000000,3630000000,55000000,5363000000,8501000000,5958000000,308000000,308000000,0.29,0.27,0.03,-236000000,-552000000,125000000,-656000000,887000000,204000000,49.75,53.25,46.26,0.0564,0.0197,41.51,1.3,75.38,23.08,0.1639,0.5776,0.3649,0.0345,0.57,-1.24,1.261
2010-12-31,1062689340,354229425,0.333333,39293000000,6869000000,22207000000,5236000000,13611000000,3475000000,55000000,5665000000,8842000000,5652000000,258000000,258000000,0.25,0.23,0.03,1370000000,-474000000,-201000000,700000000,1543000000,355000000,41.16,46.89,35.43,0.0195,0.0066,38.27,1.05,None,22.99,0.4874,0.6523,0.345,0.0121,0.55,2.87,1.3119
2010-09-30,1021441559,340480179,0.333333,38370000000,6519000000,21592000000,4682000000,13353000000,3425000000,55000000,5128000000,8990000000,5287000000,61000000,61000000,0.06,0.06,0.03,392000000,-344000000,-574000000,-501000000,843000000,211000000,33.09,36.75,29.43,-0.0221,-0.0074,39.06,0.9,None,22.9,None,0.676,0.3466,None,0.55,0.53,1.3924
2010-06-30,1021214309,340404429,0.333333,37312000000,6822000000,21587000000,5702000000,12609000000,3116000000,55000000,5032000000,8281000000,5187000000,136000000,136000000,0.13,0.13,0.03,300000000,-246000000,3000000,57000000,1344000000,224000000,37.74,45.45,30.03,-0.0209,-0.007,36.88,1.02,None,22.81,None,0.6596,0.3365,None,0.53,0.22,1.1964
2010-03-31,1021019821,340339599,0.333333,37835000000,6619000000,21985000000,5144000000,12669000000,3181000000,55000000,5065000000,8925000000,4887000000,-201000000,-201000000,-0.2,-0.2,0.03,199000000,-208000000,-180000000,-189000000,1292000000,221000000,44.79,52.8,36.78,-0.0672,-0.0225,37.06,1.23,None,22.72,None,0.7075,0.3334,None,0.5,-0.06,1.2867
2009-12-31,1020277257,340092078,0.333333,38472000000,7022000000,22912000000,5414000000,12420000000,3140000000,55000000,5051000000,8974000000,5433000000,-277000000,-277000000,-0.28,-0.28,0.03,1124000000,-500000000,-210000000,415000000,1481000000,355000000,42.6,49.53,35.67,-0.0908,-0.0305,36.36,1.05,None,22.63,None,0.7258,0.3214,None,0.49,2.26,1.297
2009-09-30,974377851,324792292,0.333333,38099000000,7032000000,21881000000,5017000000,13234000000,2984000000,55000000,5048000000,9067000000,4615000000,77000000,77000000,0.08,0.08,0.03,184000000,276000000,-254000000,215000000,1066000000,365000000,35.7,44.52,26.88,-0.1652,-0.0549,40.58,0.91,None,22.54,None,0.688,0.3459,None,0.47,-0.56,1.4016
2009-06-30,974372426,324790483,0.333333,37648000000,7459000000,22067000000,5055000000,12817000000,2764000000,55000000,5032000000,9387000000,4244000000,-454000000,-454000000,-0.46,-0.46,0.03,328000000,-633000000,-2000000,-280000000,851000000,612000000,29.12,37.14,21.09,-0.1446,-0.0495,39.29,0.76,None,22.45,None,0.7355,0.339,None,0.54,-0.87,1.4756
2009-03-31,974276387,324758470,0.333333,36912000000,8048000000,21975000000,5287000000,12437000000,2500000000,55000000,4934000000,9107000000,4147000000,-497000000,-497000000,-0.61,-0.61,0.17,-271000000,136000000,503000000,369000000,1131000000,355000000,26.12,37.32,14.91,-0.0627,-0.0226,38.13,0.6,None,22.36,None,0.7355,0.3354,None,0.61,-1.93,1.5222
2008-12-31,801774739,267257979,0.333333,37822000000,8150000000,23490000000,7279000000,11735000000,2597000000,55000000,4981000000,8509000000,4672000000,-1191000000,-1191000000,-1.48,-1.48,0.17,608000000,-1023000000,377000000,-69000000,762000000,991000000,43.72,67.05,20.4,-0.005,-0.0019,43.7,0.78,6.78,21.85,None,0.7285,0.3088,None,0.69,-1.43,1.1197
2008-09-30,800317368,266772189,0.333333,39038000000,9272000000,21233000000,7043000000,15065000000,2740000000,55000000,5084000000,8370000000,7234000000,268000000,268000000,0.33,0.33,0.17,-93000000,-857000000,1004000000,16000000,831000000,829000000,84.89,106.98,62.79,0.1104,0.0443,56.27,1.38,11.55,21.34,0.3152,0.5576,0.3845,0.0591,0.75,-3.46,1.3165
2008-06-30,813395070,271131418,0.333333,40726000000,9542000000,21165000000,7642000000,16702000000,2859000000,55000000,5184000000,6782000000,7620000000,546000000,546000000,0.67,0.66,0.17,1007000000,-755000000,152000000,437000000,815000000,650000000,117.63,134.31,100.95,0.1268,0.0515,61.4,2.03,15.08,20.83,0.2748,0.4074,0.4088,0.0684,0.75,1.32,1.2486
2008-03-31,815082636,271693940,0.333333,39399000000,8894000000,20894000000,7782000000,15813000000,2692000000,55000000,5095000000,6438000000,7375000000,303000000,303000000,0.37,0.37,0.17,-288000000,225000000,-55000000,-105000000,378000000,-1742000000,99.54,119.01,80.07,0.1371,0.056,58,1.69,11.13,20.32,0.2592,0.4086,0.4,0.073,0.77,5.35,1.1429
2007-12-31,814370863,271456682,0.333333,38803000000,8086000000,20327000000,7166000000,16016000000,2460000000,55000000,4806000000,6371000000,7387000000,632000000,632000000,0.76,0.79,0.17,643000000,-919000000,-559000000,-831000000,483000000,925000000,110.88,122.1,99.66,0.1603,0.0657,58.8,1.98,14.16,19.81,0.2265,0.3992,0.4113,0.0834,0.79,-1.04,1.1284
2007-09-30,848148235,282715795,0.333333,39198000000,9394000000,20960000000,7547000000,15914000000,2324000000,55000000,4793000000,6332000000,7387000000,555000000,555000000,0.64,0.63,0.17,592000000,1008000000,-1461000000,146000000,1314000000,854000000,118.53,146.31,90.75,0.1464,0.0593,56.1,2.08,15.25,19.3,0.269,0.3993,0.4046,0.0741,0.8,-0.93,1.2447
2007-06-30,884034033,294677716,0.333333,40118000000,9941000000,21142000000,7347000000,16832000000,2144000000,55000000,6181000000,6263000000,8066000000,715000000,715000000,0.82,0.81,0.17,1349000000,-886000000,272000000,748000000,1168000000,891000000,114.79,128.7,100.89,0.1482,0.06,56.93,2.17,14.55,18.79,0.2649,0.3733,0.4182,0.073,0.82,1.55,1.3531
2007-03-31,869523897,289841009,0.333333,38021000000,9238000000,20652000000,6904000000,15422000000,1947000000,55000000,6169000000,6311000000,7908000000,662000000,662000000,0.76,0.75,0.17,527000000,-828000000,210000000,-86000000,420000000,783000000,96.21,108.15,84.27,0.1562,0.0625,53.02,1.91,12.48,18.28,0.2527,0.4107,0.4042,0.0742,0.84,-0.88,1.3381
2006-12-31,869536783,289845304,0.333333,37183000000,9157000000,20752000000,7281000000,14631000000,1800000000,55000000,6166000000,4778000000,7545000000,359000000,359000000,0.42,0.42,0.2,1333000000,-769000000,-633000000,-56000000,506000000,794000000,86.58,93.99,79.17,0.1565,0.0624,50.29,1.71,12.02,17.77,0.2511,0.3278,0.392,0.074,0.84,1.86,1.2577
2006-09-30,867099691,289032941,0.333333,36304000000,9770000000,20070000000,9414000000,14705000000,1529000000,55000000,6286000000,4446000000,7631000000,537000000,537000000,0.62,0.61,0.15,748000000,-720000000,73000000,109000000,562000000,718000000,90.9,102,79.8,0.1504,0.0601,50.69,1.83,14.29,17.17,0.2468,0.3035,0.4035,0.0719,0.84,0.1,1.0378
2006-06-30,866888257,288962463,0.333333,35771000000,9869000000,19877000000,8208000000,14420000000,1474000000,55000000,6296000000,5158000000,7959000000,744000000,744000000,0.85,0.85,0.15,699000000,-685000000,-30000000,-6000000,453000000,729000000,98.27,110.88,85.65,0.1353,0.0541,49.71,2.05,18.3,16.72,0.2798,0.3591,0.4016,0.0659,0.82,-0.1,1.2024
2006-03-31,870100615,290033248,0.333333,34929000000,9382000000,19609000000,7930000000,13929000000,1391000000,55000000,6262000000,5226000000,7244000000,608000000,608000000,0.7,0.69,0.15,-213000000,-667000000,570000000,-303000000,459000000,592000000,90.88,96.6,85.17,0.1169,0.0467,47.84,1.98,21.64,16.27,0.3306,0.3767,0.3972,0.0583,0.8,-2.78,1.1831
2005-12-31,871819586,290606238,0.333333,33696000000,8790000000,18958000000,7368000000,13373000000,1365000000,55000000,6249000000,5279000000,6541000000,224000000,224000000,0.25,0.25,0.15,1039000000,-354000000,-443000000,230000000,762000000,347000000,78.18,89.52,66.84,0.0921,0.0367,45.83,1.67,17.97,15.82,0.4242,0.3964,0.3952,0.0471,0.78,2.38,1.193
2005-09-30,870212820,290070649,0.333333,33611000000,8697000000,18664000000,7217000000,13645000000,1302000000,55000000,6299000000,5386000000,6566000000,289000000,289000000,0.33,0.33,0.15,492000000,-244000000,-182000000,75000000,532000000,452000000,80.69,89.94,71.43,0.0955,0.0384,46.85,1.76,18.68,15.37,0.4095,0.3963,0.4043,0.0504,0.76,0.14,1.2051
2005-06-30,872414355,290804494,0.333333,33200000000,8498000000,18637000000,6819000000,13356000000,1207000000,55000000,6494000000,5514000000,6763000000,460000000,460000000,0.53,0.52,0.15,384000000,147000000,-568000000,-40000000,457000000,487000000,86.56,95.4,77.73,0.097,0.0386,45.74,1.89,20.91,14.92,0.4115,0.4146,0.4006,0.0514,0.75,-0.35,1.2462
2005-03-31,872138968,290712698,0.333333,33714000000,8424000000,19142000000,7450000000,13403000000,1169000000,55000000,6574000000,5267000000,6289000000,260000000,260000000,0.3,0.3,0.15,-239000000,-584000000,869000000,40000000,497000000,347000000,90.6,97.17,84.03,0.0947,0.0373,45.91,1.99,20.27,14.47,0.4301,0.3946,0.3959,0.0505,0.74,-2.02,1.1307
2004-12-31,871519916,290506348,0.333333,32609000000,7493000000,17893000000,6298000000,13300000000,1416000000,55000000,6541000000,5346000000,5715000000,268000000,268000000,0.31,0.3,0.15,792000000,-454000000,-453000000,-104000000,457000000,439000000,98.43,104.97,91.89,0.1044,0.0407,45.59,2.28,21.73,14.02,0.3986,0.4036,0.4062,0.0558,0.73,1.22,1.1897
2004-09-30,870478696,290159275,0.333333,32308000000,7797000000,18391000000,6029000000,12555000000,1362000000,55000000,6575000000,6108000000,5975000000,283000000,283000000,0.32,0.32,0.15,847000000,-242000000,-510000000,95000000,561000000,254000000,94.71,101.1,88.32,0.1089,0.0417,43.08,2.25,20.77,13.57,0.3916,0.4886,0.3869,0.057,0.73,2.04,1.2932
2004-06-30,869835743,289944957,0.333333,31667000000,7480000000,18094000000,5453000000,12275000000,1298000000,55000000,6553000000,6329000000,6092000000,404000000,404000000,0.46,0.46,0.15,490000000,-177000000,-304000000,7000000,466000000,174000000,97.66,109.8,85.53,0.1119,0.0421,42.15,2.31,24.66,13.12,0.3919,0.5179,0.3859,0.0585,0.72,1.09,1.3717
2004-03-31,869410846,289803325,0.333333,32099000000,7300000000,18448000000,5314000000,12294000000,1357000000,55000000,6567000000,6782000000,5696000000,355000000,355000000,0.41,0.41,0.15,70000000,71000000,-258000000,-117000000,459000000,-116000000,108.06,118.32,97.8,0.1001,0.0364,42.23,2.61,33.35,12.67,0.4533,0.5541,0.3813,0.0517,0.7,0.64,1.3737
2003-12-31,870294908,290098012,0.333333,31711000000,6740000000,18296000000,5084000000,12075000000,1340000000,55000000,6549000000,6692000000,5610000000,291000000,291000000,0.33,0.32,0.15,733000000,41000000,-617000000,183000000,576000000,293000000,97.78,116.76,78.81,0.0864,0.0303,41.43,2.55,65.19,12.22,0.548,0.5567,0.379,0.0436,0.69,1.52,1.3257
2003-09-30,865354928,288451354,0.333333,30989000000,6806000000,18592000000,4631000000,11117000000,1280000000,55000000,6397000000,7657000000,5322000000,280000000,280000000,0.33,0.33,0.15,482000000,-184000000,-333000000,-37000000,393000000,170000000,80.25,88.5,72,0.0411,0.0139,38.35,2.19,66.87,11.77,1.2034,0.6922,0.357,0.0205,0.68,1.08,1.4697
2003-06-30,846084274,282027809,0.333333,30771000000,6723000000,18866000000,4645000000,10389000000,1516000000,55000000,6383000000,7945000000,5460000000,216000000,216000000,0.26,0.26,0.15,1245000000,-242000000,-949000000,60000000,430000000,223000000,69.12,81.66,56.58,0.033,0.0112,36.64,1.94,56.2,11.32,1.5047,0.7688,0.3358,0.0164,0.69,3.62,1.4474
2003-03-31,845246716,281748623,0.333333,30356000000,6685000000,18903000000,4397000000,10083000000,1370000000,55000000,6365000000,8672000000,5112000000,151000000,151000000,0.17,0.17,0.15,-30000000,-138000000,186000000,26000000,370000000,181000000,64.8,74.25,55.35,0.0341,0.0119,35.59,1.85,43.2,10.87,1.4357,0.8648,0.3303,0.0173,0.69,-0.75,1.5204
2002-12-31,844925354,281641503,0.333333,29810000000,6313000000,18590000000,4461000000,9927000000,1293000000,55000000,6365000000,8365000000,4813000000,-223000000,-223000000,-0.26,-0.26,0.15,830000000,-1013000000,71000000,-119000000,344000000,414000000,65.98,79.11,52.86,0.0402,0.0144,35.05,1.74,37.92,10.42,1.2072,0.8473,0.3312,0.0207,0.7,1.48,1.4152
2002-09-30,844270310,281423155,0.333333,29175000000,6766000000,17163000000,4412000000,10728000000,1284000000,55000000,6314000000,7938000000,5222000000,193000000,193000000,0.23,0.23,0.15,342000000,-780000000,504000000,50000000,463000000,285000000,78.22,101.4,55.05,0.0471,0.0175,37.93,2.03,35.23,9.97,1.0128,0.7437,0.3658,0.0243,0.72,0.2,1.5335
2002-06-30,844198165,281399106,0.333333,28897000000,6980000000,16683000000,4669000000,10883000000,1331000000,55000000,5927000000,7120000000,5245000000,232000000,232000000,0.27,0.27,0.15,430000000,-371000000,-187000000,-156000000,413000000,333000000,103.89,117.27,90.51,0.0607,0.0226,38.48,2.8,42.23,9.52,0.7854,0.6576,0.3747,0.0309,0.73,0.34,1.495
2002-03-31,846646553,282215235,0.333333,28412000000,6833000000,16536000000,4802000000,10519000000,1357000000,56000000,5832000000,6825000000,4983000000,218000000,218000000,0.26,0.26,0.15,237000000,-380000000,205000000,57000000,569000000,238000000,109.63,119.25,100.02,0.0675,0.0254,37.07,2.93,35.83,9.07,0.7066,0.6523,0.3683,0.0333,0.76,-0,1.4229
2001-12-31,847586916,282528689,0.333333,28355000000,6792000000,16428000000,5003000000,10614000000,1313000000,56000000,5733000000,6388000000,5181000000,-142000000,-142000000,-0.18,-0.18,0.15,683000000,-555000000,-122000000,40000000,512000000,364000000,105.48,121.5,89.46,0.0839,0.0315,37.37,2.78,21.44,8.62,0.5646,0.605,0.3724,0.0397,0.79,1.13,1.3576
2001-09-30,849303285,283100811,0.333333,28669000000,7493000000,16586000000,4984000000,10818000000,1265000000,56000000,5754000000,6114000000,5511000000,339000000,339000000,0.4,0.39,0.15,790000000,-374000000,-301000000,87000000,472000000,317000000,104.04,126,82.08,0.1301,0.0483,38.01,2.71,20.77,8.17,0.3413,0.5681,0.3754,0.0592,0.82,1.67,1.5034
2001-06-30,857667051,285888731,0.333333,28423000000,7362000000,16130000000,4733000000,11042000000,1251000000,56000000,5763000000,5977000000,5991000000,307000000,307000000,0.36,0.35,0.15,596000000,438000000,-1053000000,-36000000,385000000,255000000,119.19,137.13,101.25,0.1322,0.0484,38.43,3.13,22.2,7.72,0.3214,0.5441,0.3865,0.0584,0.83,1.19,1.5555
2001-03-31,863167537,287722224,0.333333,29967000000,7886000000,17632000000,6946000000,11019000000,1316000000,56000000,6058000000,4918000000,6176000000,404000000,404000000,0.47,0.46,0.15,342000000,1430000000,-1651000000,106000000,421000000,241000000,105.31,118.74,91.89,0.1386,0.0498,38.1,2.68,19.45,7.27,0.2934,0.4486,0.3658,0.0621,0.8,0.35,1.1353
2000-12-31,866339457,288779530,0.333333,31691000000,7578000000,18755000000,7954000000,11422000000,1514000000,56000000,6003000000,4987000000,6553000000,384000000,384000000,0.45,0.44,0.12,943000000,-786000000,-117000000,31000000,315000000,381000000,87.19,105,69.38,0.1513,0.0538,39.36,2.3,16.06,6.82,0.2773,0.4388,0.3587,0.0643,0.84,1.95,0.9527
2000-09-30,864961099,288320078,0.333333,30735000000,7307000000,18302000000,7132000000,10994000000,1439000000,56000000,5411000000,5297000000,6344000000,368000000,368000000,0.42,0.42,0.125,802000000,-562000000,-271000000,-36000000,284000000,332000000,87.28,104.81,69.75,0.1681,0.0599,37.94,2.29,16.77,6.46,0.2663,0.4843,0.3559,0.0688,0.87,1.63,1.0245
2000-06-30,866001474,288666869,0.333333,30832000000,7422000000,18347000000,6318000000,11040000000,1445000000,56000000,5005000000,6095000000,5621000000,377000000,377000000,0.47,0.47,0.125,645000000,-2702000000,2174000000,112000000,320000000,232000000,97.41,111.19,83.63,0.1822,0.0647,38.05,3.98,20.49,6.09,0.2623,0.5549,0.3563,0.0713,0.91,1.43,1.1747
2000-03-31,364514491,243009417,0.666666,17110000000,4961000000,9638000000,3626000000,5997000000,1475000000,56000000,1338000000,2406000000,4572000000,355000000,355000000,0.97,0.95,0.25,461000000,-259000000,-234000000,-29000000,208000000,176000000,111.05,130.88,91.22,0.1969,0.0697,24.45,4.4,26.25,5.71,0.2635,0.405,0.3472,0.0697,1,1.17,1.3682
1999-12-31,371872159,247914524,0.666666,17066000000,4800000000,9290000000,3003000000,6318000000,1458000000,56000000,1328000000,2657000000,4299600000,333800000,333800000,0.91,0.89,0.2,826400000,-405200000,-391200000,25300000,237000000,311100000,105.47,125.06,85.88,0.1746,0.0619,25.26,4.37,27.79,5.34,0.281,0.4243,0.3669,0.0641,0.97,2.08,1.5984
1999-09-30,366406853,244270991,0.666666,16864500000,4754400000,9500200000,3175500000,5955300000,1409000000,55800000,1333100000,2668900000,4090800000,259100000,259100000,0.71,0.69,0.2012,497700000,-285500000,-244200000,-30800000,211900000,221200000,97.03,106.31,87.75,0.1572,0.0548,24.15,3.93,26.46,5.04,0.3107,0.4524,0.3498,0.0572,0.96,1.13,1.4972
1999-06-30,366666479,244444074,0.666666,17098400000,4634500000,9520400000,2977600000,6091400000,1486600000,55800000,1371700000,2807600000,4075500000,240000000,240000000,0.65,0.64,0.2012,575700000,-183600000,-373900000,17800000,242700000,194200000,81.14,101.91,60.38,0.1511,0.0516,24.69,3.36,22.31,4.74,0.3196,0.4652,0.353,0.0545,0.95,1.56,1.5565
1999-03-31,369563437,246375378,0.666666,17102700000,4747700000,9642600000,3030000000,6004700000,1455400000,55800000,1387100000,2841600000,3981100000,221100000,221100000,0.6,0.6,0.2012,336200000,-292700000,-156700000,-117300000,224900000,193500000,60.8,67.69,53.91,0.157,0.0494,24.15,2.48,16.58,4.44,0.3259,0.4777,0.3478,0.054,0.91,0.58,1.5669
1998-12-31,366845135,244563178,0.666666,17462500000,5025100000,9930600000,3268300000,6055900000,1476000000,55800000,1414100000,2877000000,4254200000,218300000,218300000,0.61,0.6,0.19,792800000,-397200000,-574500000,-178900000,342200000,337100000,56.25,63,49.5,0.1669,0.0508,24.53,2.39,15.27,4.13,0.317,0.4795,0.3436,0.0551,0.92,1.86,1.5375
1998-09-30,183572465,244763041,1.333332,17893300000,5439200000,10614700000,3888400000,5825300000,1453300000,55800000,1319400000,2921300000,4156700000,217700000,217700000,1.22,1.21,0.375,482900000,-285300000,-513000000,-313100000,521100000,228200000,61.78,67.22,56.34,0.1797,0.0539,23.57,3.51,16.41,3.85,0.2873,0.5063,0.3224,0.058,0.93,1.04,1.3988
1998-06-30,183294405,244392295,1.333332,17576600000,5916500000,10924100000,3282300000,4351000000,2301500000,55800000,0,3703400000,3605300000,207100000,207100000,1.24,1.24,0.375,682500000,-1366600000,603000000,-81200000,834200000,193100000,54.19,59.44,48.94,0.1947,0.0586,17.58,2.78,14.54,3.57,0.2537,0.8622,0.2444,0.0619,0.95,2,1.8025
1998-03-31,168391732,224522084,1.333332,14173100000,5105500000,8274100000,2965400000,4431500000,1467500000,55800000,0,1811000000,3473200000,209900000,209900000,1.25,1.24,0.375,238500000,-327900000,204700000,114600000,915400000,173400000,52.69,57.19,48.19,0.192,0.063,19.49,2.71,15.11,3.29,0.2241,0.4139,0.3087,0.0626,1.01,0.29,1.7217
1997-12-31,168134011,224178457,1.333332,13070600000,4416900000,7211500000,2452500000,4419400000,1439700000,55800000,0,1457200000,3335200000,210300000,210300000,1.22,None,0.25,516300000,-255200000,-523600000,-269000000,800800000,293800000,55.69,60.94,50.44,0.1799,0.0601,19.46,2.82,17.64,3.01,0.2083,0.3339,0.3338,0.0597,1.01,0.99,1.801
1997-09-30,172471001,229961104,1.333332,13604100000,4782800000,7548100000,2626000000,4596600000,1459400000,55800000,0,1549900000,3404400000,228100000,228100000,1.32,None,0.25,437900000,-168800000,-75500000,187500000,1069800000,210000000,49.5,55.5,43.5,0.163,0.0542,19.75,2.52,20.12,2.82,0.25,0.3413,0.3338,0.0544,1,0.99,1.8213
1997-06-30,173926539,231901820,1.333332,13532200000,4613700000,7456900000,2356900000,4609900000,1465400000,55800000,0,1608700000,3469700000,207600000,207600000,1.19,None,0.25,688000000,-117300000,-201800000,364000000,882300000,200600000,53.3,59.53,47.06,0.1291,0.0425,19.64,2.78,24.94,2.63,0.3453,0.3532,0.3365,0.043,0.99,2.1,1.9575
1997-03-31,173630470,231507061,1.333332,13398000000,4380400000,7266100000,2449200000,4494800000,1637100000,55800000,0,1528200000,3272400000,159100000,159100000,0.92,None,0.225,245400000,-137300000,-188400000,-79800000,518300000,208000000,53.72,58.59,48.84,0.1132,0.0367,19.17,2.81,24.36,2.44,0.4269,0.3443,0.3313,0.0375,0.98,0.16,1.7885
1996-12-31,172803703,230404706,1.333332,13449900000,4281200000,7377000000,2373400000,4462400000,1610500000,55800000,0,1689800000,3288500000,136100000,136100000,0.78,None,0.33,406800000,-486400000,8200000,-70900000,598100000,364600000,45.19,48.56,41.81,0.1181,0.0378,19.13,2.43,20.08,2.27,0.4487,0.3835,0.3276,0.0392,0.96,0.18,1.8038
1996-09-30,173402760,231203448,1.333332,13422500000,4437400000,7469100000,2650600000,4357000000,1596400000,55800000,0,1380200000,3258600000,68400000,68400000,0.39,None,0.3325,352800000,-258900000,-93200000,2200000,669000000,236100000,45.09,48.84,41.34,0.1216,0.0387,18.6,2.39,15.49,2.03,0.4045,0.3209,0.3204,0.0408,0.95,0.5,1.6741
1996-06-30,174130721,232174062,1.333332,13724100000,4707800000,7647900000,2831600000,4428600000,1647600000,55800000,0,1230700000,3403500000,132200000,132200000,0.76,None,0.3325,385700000,-181900000,-191500000,12300000,666800000,214100000,46.22,49.69,42.75,0.1576,0.05,18.83,2.48,14.17,1.78,0.2857,0.2814,0.3186,0.0527,0.95,0.74,1.6626
1996-03-31,175732543,234309823,1.333332,13914200000,4846600000,7805800000,2825400000,4415200000,1693200000,55800000,0,1257900000,3177800000,178200000,178200000,1.01,None,0.3325,133600000,-280900000,-258300000,-401100000,654500000,180900000,42.56,48.28,36.84,0.1792,0.0573,18.61,2.26,12.84,1.53,0.2307,0.2885,0.3133,0.0605,0.95,-0.2,1.7154
1995-12-31,175070628,233427270,1.333332,13643400000,4741700000,7589300000,2652200000,4444700000,1609400000,55800000,0,1215500000,3144100000,150900000,150900000,0.84,None,0.23,636200000,-178600000,-390500000,66700000,1055600000,340000000,40.27,44.34,36.19,0.1865,0.0597,18.8,2.19,9.52,1.28,0.2029,0.2769,0.3217,0.0625,0.96,1.27,1.7878
1995-09-30,177210361,236280245,1.333332,13695600000,5067800000,7669400000,2429700000,4390500000,1635700000,55800000,0,1432000000,3326100000,226400000,226400000,1.27,None,0.225,562300000,-623900000,347400000,288300000,988900000,206800000,41.3,45.19,37.41,0.2442,0.078,18.35,2.33,11.56,1.11,0.1547,0.3304,0.3165,0.0802,0.97,1.5,2.0858
1995-06-30,178494892,237992951,1.333332,12877000000,4695000000,7029800000,2282100000,4265400000,1581800000,55800000,0,1043600000,3155200000,219400000,219400000,1.23,None,0.225,469900000,-379400000,-105900000,-17700000,700600000,189000000,34.17,37.78,30.56,0.2166,0.0691,17.69,2.02,12.04,0.94,0.1783,0.2479,0.3269,0.0718,0.96,1.18,2.0573
1995-03-31,178152055,237535835,1.333332,12730300000,4534200000,6887000000,2712500000,4073400000,1769900000,55800000,0,1041700000,3029500000,193800000,193800000,1.08,None,0.225,44100000,110400000,-50200000,99100000,718300000,151300000,30.61,33.56,27.66,0.1803,None,16.91,1.85,19.48,0.77,0.2173,0.2593,0.3156,0.0605,0.94,-0.45,1.6716
1994-12-31,178894715,238526048,1.333332,12353200000,4153200000,6666200000,2553500000,3999200000,1687800000,55800000,0,1029800000,3054800000,368000000,368000000,2.06,None,0.2,591200000,-188800000,-94300000,304300000,619200000,217700000,None,None,None,0.1041,None,16.53,None,None,0.6,0.3801,0.2611,0.3192,0.0361,0.89,1.57,1.6265
1994-09-30,89335762,238228460,2.666664,11323500000,3416200000,6342200000,2149600000,3608400000,1372900000,55800000,0,1086000000,2617000000,70100000,70100000,0.79,None,0.4,336300000,-66400000,-229900000,43400000,314900000,136200000,None,None,None,None,None,14.91,None,None,0.45,None,0.3057,0.3137,None,None,0.84,1.5892
1994-06-30,88963596,237236018,2.666664,11414100000,3474500000,6500300000,2132700000,3566700000,1347100000,55800000,0,1257100000,2490600000,45400000,45400000,0.5,None,0.4,430000000,-500000,-501500000,-64200000,271500000,140300000,None,None,None,None,None,14.8,None,None,0.3,None,0.3581,0.3076,None,None,1.22,1.6292
1994-03-31,88821515,236857136,2.666664,11618100000,3694400000,6704400000,2035800000,3461600000,1452100000,55800000,0,1559900000,2229100000,-108300000,-108300000,-1.22,None,0.4,36100000,-119200000,500000,-76000000,335700000,117500000,None,None,None,None,None,14.38,None,None,0.15,None,0.458,0.2931,None,None,-0.34,1.8147
1993-12-31,88808611,236822725,2.666664,11596900000,3702500000,6623900000,2092900000,3583800000,1389200000,55800000,0,1432500000,None,None,None,None,None,0,None,None,None,None,411700000,0,None,None,None,None,None,14.9,None,None,0,None,0.406,0.3042,None,None,None,1.7691
