"Quarter end","Shares","Shares split adjusted","Split factor","Assets","Current Assets","Liabilities","Current Liabilities","Shareholders equity","Non-controlling interest","Preferred equity","Goodwill & intangibles","Long-term debt","Revenue","Earnings","Earnings available for common stockholders","EPS basic","EPS diluted","Dividend per share","Cash from operating activities","Cash from investing activities","Cash from financing activities","Cash change during period","Cash at end of period","Capital expenditures","Price","Price high","Price low","ROE","ROA","Book value of equity per share","P/B ratio","P/E ratio","Cumulative dividends per share","Dividend payout ratio","Long-term debt to equity ratio","Equity to assets ratio","Net margin","Asset turnover","Free cash flow per share","Current ratio"
2008-06-30,272707381,272707381,1,5517426000,1739507000,2614000000,1279978000,2903426000,0,0,1980848000,1000000000,1571291000,193771000,193771000,0.71,0.7,0.335,306905000,-154436000,-92934000,46965000,383351000,59345000,None,None,None,0.2449,0.128,10.65,None,None,9.54,0.4892,0.3444,0.5262,0.118,1.08,0.91,1.359
2008-03-31,271759476,271759476,1,5399972000,1702778000,2650615000,1331741000,2749357000,0,0,1919439000,1000000000,1451550000,168599000,168599000,0.62,0.61,0.335,197145000,-23600000,-138642000,57543000,336386000,23600000,None,None,None,0.2462,0.126,10.12,None,None,9.21,0.4891,0.3637,0.5091,0.1178,1.07,0.64,1.2786
2007-12-31,273968866,273968866,1,5231512000,1549778000,2414032000,1101120000,2817480000,0,0,1907213000,1000000000,1421872000,155019000,155019000,0.56,0.56,0.26,320555000,-80711000,-234365000,7540000,278843000,80125000,63.49,68.44,58.55,0.2453,0.1234,10.28,6.57,29.12,8.87,0.4903,0.3549,0.5386,0.1173,1.05,0.88,1.4075
2007-09-30,275742319,275742319,1,5164399000,1578505000,2496948000,1189070000,2667451000,0,0,1837221000,1000000000,1333052000,164472000,164472000,0.6,0.59,0.29,246175000,-58985000,-211723000,-23400000,271303000,59457000,59.8,64.51,55.09,0.2454,0.1217,9.67,6.68,28.21,8.61,0.4942,0.3749,0.5165,0.1167,1.04,0.68,1.3275
2007-06-30,274292015,274292015,1,5083497000,1570590000,2629577000,1351963000,2453920000,0,0,1809793000,1000000000,1377780000,169813000,169813000,0.62,0.61,0.29,305666000,-103717000,-112695000,90223000,294703000,60139000,54.98,59.12,50.84,0.2443,0.1215,8.95,6.34,27.22,8.32,0.493,0.4075,0.4827,0.117,1.04,0.9,1.1617
2007-03-31,272919201,272919201,1,5001071000,1516526000,2635167000,1372238000,2365904000,0,0,1819876000,1000000000,1256396000,142701000,142701000,0.52,0.52,0.29,131584000,-264104000,80863000,-49186000,204480000,14455000,50.68,52.47,48.89,0.2348,0.1187,8.67,5.86,26.67,8.03,0.5035,0.4227,0.4731,0.1151,1.03,0.43,1.1051
2006-12-31,276137945,276137945,1,4661598000,1481227000,2273506000,1027129000,2388092000,0,0,1563473000,1000000000,1224292000,128825000,128825000,0.47,0.46,0.22,350954000,-122541000,-207722000,28085000,253666000,122541000,49.29,53.23,45.35,0.225,0.1153,8.65,5.61,27.75,7.74,0.5175,0.4187,0.5123,0.113,1.02,0.83,1.4421
2006-09-30,277861332,277861332,1,4651048000,1472496000,2210232000,994905000,2440816000,0,0,1563833000,1000000000,1179372000,148029000,148029000,0.53,0.53,0.256,155488000,-59588000,-110561000,-13950000,225581000,59588000,45.47,47.78,43.16,0.2142,0.1089,8.78,5.37,26.72,7.52,0.5342,0.4097,0.5248,0.1083,1.01,0.35,1.48
2006-06-30,277528879,277528879,1,4567059000,1417420000,2220147000,1020040000,2346912000,0,0,1561591000,1000000000,1206817000,140638000,140638000,0.51,0.51,0.256,186521000,-57071000,-104697000,27928000,239531000,57071000,47.86,51.19,44.52,0.2093,0.105,8.46,5.94,27.07,7.27,0.5373,0.4261,0.5139,0.107,0.98,0.47,1.3896
2006-03-31,277499788,277499788,1,4485424000,1340938000,2248747000,1055886000,2236677000,0,0,1519014000,1000000000,1075530000,111885000,111885000,0.4,0.4,0.256,29473000,-74568000,-5114000,-46101000,211603000,74568000,52.11,54.54,49.69,0.2204,0.1091,8.06,6.52,28.44,7.01,0.4974,0.4471,0.4987,0.1163,0.94,-0.16,1.27
2005-12-31,221822542,277278177,1.25,4460201000,1306094000,2245779000,980811000,2214422000,0,0,1505324000,1000000000,1106344000,94076000,94076000,0.42,0.42,0.23,271421000,-81899000,-331158000,-147388000,257704000,120396000,55.7,58.2,53.19,0.2289,0.1211,7.99,6.78,29.13,6.76,0.4635,0.4516,0.4965,0.1244,0.97,0.54,1.3316
2005-09-30,224322312,280402890,1.25,4632463000,1505963000,2327687000,901757000,2304776000,0,0,1516357000,1150000000,1062388000,129718000,129718000,0.58,0.57,0.28,110803000,-54147000,-244737000,-180267000,405092000,55931000,55.83,57.66,53.99,0.24,0.1368,8.22,6.87,29.32,6.57,0.441,0.499,0.4975,0.1345,1.02,0.2,1.67
2005-06-30,224706164,280882705,1.25,4686307000,1599621000,2403720000,764954000,2282587000,0,0,1520109000,1350000000,1040184000,162444000,162444000,0.72,0.72,0.28,285807000,-1512050000,1206380000,-38025000,585359000,57811000,53.28,55.76,50.81,0.2462,0.1519,8.13,6.7,29.21,6.35,0.4255,0.5914,0.4871,0.1386,1.1,0.81,2.0911
2005-03-31,225082568,281353210,1.25,3303660000,1631250000,1067270000,799038000,2236390000,0,0,260534000,0,950390000,131014000,131014000,0.58,0.58,0.28,89615000,-39310000,-44425000,-5169000,623384000,37504000,53.81,56.52,51.1,0.2451,0.1668,7.95,6.94,30.71,6.12,0.425,0,0.6769,0.1355,1.23,0.19,2.0415
2004-12-31,224814442,281018052,1.25,3166703000,1505910000,988019000,717970000,2178684000,0,0,210806000,0,961860000,116990000,116990000,0.52,0.52,0.22,185880000,-79769000,-74424000,53624000,628553000,78458000,52.77,55.78,49.76,0.2468,0.1704,7.75,7.34,30.54,5.9,0.4215,0,0.688,0.1351,1.26,0.38,2.0975
2004-09-30,224438422,280548027,1.25,2964956000,1453315000,949166000,694870000,2015790000,0,0,154893000,0,916675000,125776000,125776000,0.56,0.56,0.235,183338000,-62469000,-74810000,51521000,574929000,59979000,49.4,50.98,47.82,0.2547,0.1779,7.19,7.15,29.4,5.72,0.4185,0,0.6799,0.1385,1.28,0.44,2.0915
2004-06-30,224755414,280944267,1.25,2866133000,1390596000,925396000,673708000,1940737000,0,0,153639000,0,957906000,139205000,139205000,0.62,0.62,0.235,241288000,-309282000,79726000,9179000,523408000,48434000,49.01,51.09,46.93,0.2582,0.1832,6.91,7.43,30.03,5.54,0.4228,0,0.6771,0.1402,1.31,0.69,2.0641
2004-03-31,224600688,280750860,1.25,2573740000,1350484000,719735000,480199000,1854005000,0,0,0,0,812151000,110983000,110983000,0.49,0.49,0.235,114001000,-30822000,-76704000,9012000,514229000,30983000,45.94,47.7,44.18,0.2604,0.1884,6.6,7.09,29,5.35,0.4278,0,0.7204,0.1433,1.31,0.3,2.8123
2003-12-31,224878178,281097722,1.25,2520410000,1290591000,699589000,464794000,1820821000,0,0,0,0,821204000,109877000,109877000,0.49,0.49,0.2,210736000,-99335000,-43853000,71280000,505217000,99596000,44.77,45.99,43.55,0.2634,0.1905,6.48,7.34,28.55,5.16,0.4338,0,0.7224,0.1453,1.31,0.4,2.7767
2003-09-30,224756926,280946157,1.25,2370549000,1227078000,657596000,439730000,1712953000,0,0,0,0,782877000,113068000,113068000,0.5,0.5,0.22,178570000,-46218000,-74990000,56229000,433937000,46876000,43.59,45.57,41.6,0.2742,0.1984,6.1,7.33,28.68,5,0.431,0,0.7226,0.1486,1.34,0.47,2.7905
2003-06-30,225063792,281329740,1.25,2298046000,1164847000,623052000,411717000,1674994000,0,0,0,0,792614000,125930000,125930000,0.56,0.56,0.22,159132000,-35555000,-45043000,81892000,377708000,36390000,45.26,47.12,43.4,0.2768,0.1997,5.95,8.14,30.92,4.82,0.4381,0,0.7289,0.1478,1.35,0.44,2.8292
2003-03-31,225059495,281324368,1.25,2172230000,1078274000,608749000,402225000,1563481000,0,0,0,0,672393000,97019000,97019000,0.43,0.43,0.22,97057000,-25862000,-53279000,16540000,295816000,28816000,43.42,45.99,40.84,0.2784,0.1998,5.56,8.03,30.49,4.65,0.447,0,0.7198,0.1465,1.36,0.24,2.6808
2002-12-31,225198728,281498410,1.25,2108296000,1006292000,585720000,386087000,1522576000,0,0,0,0,739314000,107762000,107762000,0.47,0.47,0.19,64257000,-68225000,-56921000,-62631000,279276000,69370000,42.11,44.82,39.4,0.2829,0.2023,5.41,8.22,30.78,4.47,0.4517,0,0.7222,0.1462,1.38,-0.02,2.6064
2002-09-30,225326803,281658503,1.25,2016257000,1071996000,575088000,407567000,1441169000,0,0,0,0,699511000,98464000,98464000,0.44,0.44,0.205,122046000,-54772000,-46533000,15463000,341907000,54706000,40.42,45.47,35.37,0.2825,0.2021,5.12,8.08,30.07,4.32,0.4728,0,0.7148,0.1446,1.4,0.24,2.6302
2002-06-30,225408678,281760847,1.25,1975711000,1048380000,565533000,394590000,1410178000,0,0,0,0,708467000,109967000,109967000,0.49,0.49,0.205,121846000,-42823000,-50187000,40165000,326444000,41658000,44.56,47.12,42,0.2887,0.2059,5,9.62,34.17,4.16,0.4725,0,0.7138,0.1476,1.39,0.28,2.6569
2002-03-31,225341803,281677253,1.25,1837414000,962671000,533130000,369589000,1304284000,0,0,0,0,599026000,85332000,85332000,0.38,0.38,0.205,66286000,-42354000,-43993000,-21506000,286279000,46121000,42.72,45.52,39.91,0.2926,0.2078,4.63,9.43,33.17,3.99,0.4763,0,0.7098,0.1487,1.4,0.07,2.6047
2001-12-31,225233494,281541867,1.25,1765648000,913843000,489451000,332324000,1276197000,0,0,0,0,646580000,89916000,89916000,0.4,0.4,0.19,127559000,-66896000,-40585000,19202000,307785000,67276000,40.53,42.64,38.42,0.2986,0.2112,4.53,9.27,32.48,3.83,0.4629,0,0.7228,0.1494,1.41,0.21,2.7499
2001-09-30,225214994,281518742,1.25,1739145000,932772000,509425000,351741000,1229720000,0,0,0,0,597551000,91507000,91507000,0.41,0.41,0.19,83833000,-56611000,-77899000,-44542000,288583000,55759000,39.42,41.6,37.24,0.2979,0.2104,4.37,9.23,32.42,3.68,0.4687,0,0.7071,0.1523,1.38,0.1,2.6519
2001-06-30,225805594,282256992,1.25,1719331000,956074000,515108000,362391000,1204223000,0,0,0,0,623892000,100033000,100033000,0.44,0.44,0.19,113480000,-27495000,-42528000,40652000,333125000,29506000,37.64,39.76,35.53,0.3005,0.2113,4.27,9.23,31.68,3.52,0.4696,0,0.7004,0.1528,1.38,0.3,2.6382
2001-03-31,225875844,282344805,1.25,1649255000,902261000,496753000,345801000,1152502000,0,0,0,0,561623000,81530000,81530000,0.36,0.36,0.175,65619000,-25995000,-41083000,-8126000,292473000,26843000,36.55,38.75,34.35,0.299,0.2107,4.08,9.11,31.51,3.37,0.4714,0,0.6988,0.1526,1.38,0.14,2.6092
2000-12-31,112896365,282240912,2.5,1574740000,828715000,441843000,288210000,1132897000,0,0,0,0,524897000,78392000,78392000,0.7,0.7,0.35,104909000,-46322000,-44660000,19644000,300599000,46314000,33.9,38.65,29.15,0.2949,0.209,4.01,8.81,29.84,3.23,0.4826,0,0.7194,0.1533,1.36,0.21,2.8754
2000-09-30,112896365,282240912,2.5,1565896000,853409000,479497000,329968000,1086399000,0,0,0,0,539403000,83842000,83842000,0.74,0.74,0.35,95971000,-18260000,-91273000,-22044000,280955000,18001000,30.34,32.6,28.08,0.2901,0.2067,3.85,7.68,27.38,3.09,0.6046,0,0.6938,0.1497,1.38,0.28,2.5863
2000-06-30,113655365,284138412,2.5,1586484000,859882000,464442000,310396000,1122042000,0,0,0,0,574383000,92103000,92103000,0.81,0.81,0.35,142511000,-39281000,-74892000,24823000,302999000,39184000,31.15,33.8,28.5,0.2725,0.1983,3.95,7.93,28.74,2.95,0.5722,0,0.7073,0.1486,1.33,0.36,2.7703
2000-03-31,114116465,285291162,2.5,1568590000,828564000,448717000,293637000,1119873000,0,0,0,0,507023000,74605000,74605000,0.65,0.65,0.35,104892000,-30798000,-80078000,-10210000,278176000,20441000,28.55,33.15,23.95,0.2624,0.1936,3.93,7.17,26.83,2.81,0.5353,0,0.7139,0.149,1.3,0.3,2.8217
1999-12-31,114388196,285970490,2.5,1547745000,803746000,408970000,251825000,1138775000,0,0,0,0,544150000,73444000,73444000,0.64,0.64,0.67,93249000,25149000,-192802000,-78922000,288386000,45732000,30.19,33.78,26.6,0.2554,0.1901,3.98,6.8,28.7,2.67,0.4973,0,0.7358,0.1482,1.28,0.17,3.1917
1999-09-30,115767796,289419490,2.5,1707459000,1002205000,423755000,281776000,1283704000,0,0,0,0,512741000,77600000,77600000,0.67,0.67,0.22,85297000,20538000,-32440000,78048000,367308000,27655000,31.3,35.85,26.75,0.2522,0.1892,4.44,7.38,30.21,2.4,0.5168,0,0.7518,0.1497,1.26,0.2,3.5567
1999-06-30,116220296,290550740,2.5,1645005000,944326000,413111000,263935000,1231894000,0,0,0,0,537400000,87490000,87490000,0.75,0.75,0.22,100913000,-27743000,-25543000,45379000,289260000,26598000,35.92,39.2,32.65,0.2558,0.1905,4.24,8.91,34.94,2.32,0.5171,0,0.7489,0.1485,1.28,0.26,3.5779
1999-03-31,116220296,290550740,2.5,1583967000,902201000,411788000,262781000,1172179000,0,0,0,0,484947000,69649000,69649000,0.6,0.6,0.22,78577000,-19546000,-24295000,29309000,243881000,19839000,36.86,40.25,33.48,0.2611,0.1936,4.03,9.24,35.04,2.23,0.5145,0,0.74,0.1465,1.32,0.2,3.4333
1998-12-31,116109476,290273690,2.5,1520855000,843172000,363823000,218626000,1157032000,0,0,0,0,505528000,70758000,70758000,0.61,0.61,0.7,74941000,-55410000,-82675000,-49023000,214572000,55253000,32.46,36.55,28.38,0.275,0.2031,3.99,8.22,31.7,2.14,0.4959,0,0.7608,0.1505,1.35,0.07,3.8567
1998-09-30,116214379,290535947,2.5,1570048000,950691000,423857000,284236000,1146191000,0,0,0,0,498875000,73095000,73095000,0.63,0.63,0.2,99140000,-38920000,-23265000,21203000,263595000,29224000,34.99,40.8,29.18,0.2784,0.2037,3.95,9.33,34.58,1.86,0.4701,0,0.73,0.1475,1.38,0.24,3.3447
1998-06-30,116214379,290535947,2.5,1481644000,894274000,391942000,251659000,1089702000,0,0,0,0,545729000,84542000,84542000,0.73,0.73,0.2,81564000,-34729000,-23390000,21871000,242392000,36181000,36.6,41.72,31.48,0.2848,0.2067,3.75,10.25,37.2,1.78,0.4719,0,0.7355,0.1466,1.41,0.16,3.5535
1998-03-31,116214379,290535947,2.5,1425121000,857482000,389015000,254636000,1036106000,0,0,0,0,473223000,76106000,76106000,0.66,0.66,0.2,68202000,-24922000,-29184000,13894000,220521000,16707000,31.4,33.4,29.4,0.2858,0.2055,3.57,9.24,33.55,1.7,0.4808,0,0.727,0.1442,1.43,0.18,3.3675
1997-12-31,115969000,289922500,2.5,1343126000,797673000,357747000,225816000,985379000,0,0,0,0,491358000,62604000,62604000,0.54,None,0.6,52268000,-39443000,-72074000,-56665000,206627000,37561000,29.38,32.82,25.95,0.2806,0.2009,3.4,8.52,32.36,1.62,0.5,0,0.7336,0.139,1.45,0.05,3.5324
1997-09-30,116217018,290542545,2.5,1415502000,890790000,414459000,278855000,1001043000,0,0,0,0,486380000,69526000,69526000,0.6,None,0.19,111378000,-52666000,-22145000,31821000,263292000,43717000,28.89,30.92,26.85,0.2785,0.1989,3.45,8.7,32.83,1.38,0.4764,0,0.7072,0.1365,1.46,0.23,3.1945
1997-06-30,116209988,290524970,2.5,1360177000,826639000,395981000,267534000,964196000,0,0,0,0,525273000,76647000,76647000,0.66,None,0.19,82008000,-18164000,-24293000,35869000,231471000,21066000,25.43,28.55,22.3,0.2772,0.1974,3.32,8.02,31.32,1.3,0.4828,0,0.7089,0.1335,1.48,0.21,3.0898
1997-03-31,116209988,290524970,2.5,1288764000,791141000,367732000,246973000,921032000,0,0,0,0,451163000,62849000,62849000,0.54,None,0.19,48824000,-12351000,-20844000,14369000,195602000,17277000,23.41,25,21.82,0.2635,0.1878,3.17,7.58,29.41,1.23,0.5131,0,0.7147,0.1258,1.49,0.11,3.2034
1996-12-31,116177374,290443435,2.5,1233543000,729424000,336112000,218152000,897431000,0,0,0,0,467701000,54409000,54409000,0.47,None,0.51,54119000,-36652000,-62179000,-40354000,181233000,29452000,23.43,24.8,22.05,0.2645,0.1883,3.09,7.58,30.99,1.15,0.5146,0,0.7275,0.1244,1.51,0.08,3.3437
1996-09-30,116186455,290466137,2.5,1285697000,814811000,387100000,268770000,898597000,0,0,0,0,466112000,61207000,61207000,0.53,None,0.17,97557000,-26998000,-19767000,51120000,221587000,26138000,21.95,24.55,19.35,0.2627,0.1868,3.09,7.42,29.5,0.95,0.5336,0,0.6989,0.1215,1.54,0.25,3.0316
1996-06-30,116186215,290465537,2.5,1209324000,753633000,350719000,242255000,858605000,0,0,0,0,486933000,57043000,57043000,0.49,None,0.17,68570000,-21528000,-19767000,24906000,170467000,18570000,21.73,23.85,19.6,0.2658,0.1892,2.96,7.62,28.29,0.88,0.5406,0,0.71,0.1219,1.55,0.17,3.1109
1996-03-31,116186215,290465537,2.5,1163419000,728883000,335418000,236311000,828001000,0,0,0,0,429855000,57613000,57613000,0.5,None,0.17,65597000,-23406000,-23374000,19836000,145561000,17032000,23.02,25.15,20.9,0.2813,0.1974,2.85,8.4,30.29,0.81,0.5088,0,0.7117,0.1266,1.56,0.17,3.0844
1995-12-31,116220489,290551222,2.5,1099219000,672096000,302367000,213413000,796852000,0,0,0,0,446010000,46279000,46279000,0.37,None,0.51,35423000,-20994000,-62718000,-49378000,125725000,30442000,20.08,21.6,18.55,0.287,0.1979,2.74,7.15,26.84,0.74,0.4986,0,0.7249,0.1264,1.56,0.02,3.1493
1995-09-30,116150697,290376742,2.5,1162244000,756572000,347007000,254911000,815237000,0,0,0,0,435378000,58288000,58288000,0.5,None,0.17,41222000,-33734000,-69173000,-58819000,175103000,27976000,18.95,20.5,17.4,0.2819,0.1927,2.81,7.1,24.93,0.54,0.4789,0,0.7014,0.1234,1.56,0.05,2.968
1995-06-30,116147384,290368460,2.5,1156432000,773492000,381883000,293164000,774549000,0,0,0,0,475126000,63896000,63896000,0.55,None,0.14,83869000,-24409000,-19310000,40437000,233922000,22987000,18.05,18.95,17.15,0.2951,0.2013,2.67,7.16,24.39,0.47,0.4446,0,0.6698,0.1264,1.59,0.21,2.6384
1995-03-31,116233652,290584130,2.5,1105447000,736206000,373988000,286491000,731459000,0,0,0,0,413228000,55276000,55276000,0.48,None,0.14,62037000,-23084000,27989000,65916000,193485000,17664000,18.55,19.7,17.4,0.2962,None,2.52,6.14,22.96,0.42,0.4455,0,0.6617,0.1268,1.61,0.15,2.5697
1994-12-31,91288314,228220785,2.5,978834000,623312000,290364000,209898000,688470000,0,0,0,0,394592000,34623000,34623000,0.34,None,0.54,37389000,-38505000,-69034000,-71011000,127569000,34605000,17.83,19.85,15.8,0.3367,None,3.02,7.13,None,0.36,0.3955,0,0.7034,0.1388,1.69,0.01,2.9696
1994-09-30,116287850,290719625,2.5,1040076000,718259000,314222000,238113000,725854000,0,0,0,0,421617000,61621000,61621000,0.53,None,0.12,51480000,-20605000,-17680000,12388000,198580000,24004000,17.32,19.4,15.25,None,None,2.5,7.34,None,0.14,None,0,0.6979,None,None,0.09,3.0165
1994-06-30,116374118,290935295,2.5,994710000,675932000,306759000,222394000,687951000,0,0,0,0,425831000,58347000,58347000,0.5,None,0.12,68286000,-19954000,-13965000,35681000,186192000,17037000,19.82,20.9,18.75,None,None,2.36,9.05,None,0.1,None,0,0.6916,None,None,0.18,3.0393
1994-03-31,116374118,290935295,2.5,926392000,616494000,289602000,207113000,636790000,0,0,0,0,419210000,75942000,75942000,0.65,None,0.12,46381000,34407000,-17240000,64221000,150511000,-29488000,19.43,21.55,17.3,None,None,2.19,9.81,None,0.05,None,0,0.6874,None,None,0.26,2.9766
1993-12-31,116400489,291001222,2.5,815324000,502293000,240142000,159161000,575182000,0,0,0,0,None,None,None,None,None,0,None,None,None,None,86290000,0,17.48,18.45,16.5,None,None,1.98,None,None,0,None,0,0.7055,None,None,None,3.1559
