"Quarter end","Shares","Shares split adjusted","Split factor","Assets","Current Assets","Liabilities","Current Liabilities","Shareholders equity","Non-controlling interest","Preferred equity","Goodwill & intangibles","Long-term debt","Revenue","Earnings","Earnings available for common stockholders","EPS basic","EPS diluted","Dividend per share","Cash from operating activities","Cash from investing activities","Cash from financing activities","Cash change during period","Cash at end of period","Capital expenditures","Price","Price high","Price low","ROE","ROA","Book value of equity per share","P/B ratio","P/E ratio","Cumulative dividends per share","Dividend payout ratio","Long-term debt to equity ratio","Equity to assets ratio","Net margin","Asset turnover","Free cash flow per share","Current ratio"
2008-03-31,196707734,196707734,1,4774400000,2711200000,4131600000,1806300000,642800000,0,0,318500000,686200000,1711400000,65900000,65900000,0.34,0.33,0.16,-174000000,-36000000,-318300000,-520600000,381900000,36000000,None,None,None,0.2355,0.0285,3.27,None,None,2.16,0.7284,1.0675,0.1346,0.0256,1.11,-1.07,1.501
2007-12-31,195263968,195263968,1,5097300000,3052400000,4559100000,2239100000,538200000,0,0,318500000,687200000,681300000,-124900000,-124900000,-0.64,-0.64,0.16,218900000,1544500000,-1197600000,570000000,902500000,-22400000,39.42,46.74,32.09,0.3271,0.0406,2.76,15.46,15.58,2,0.4723,1.2768,0.1056,0.0384,1.06,1.24,1.3632
2007-09-30,192594962,192594962,1,7036300000,5105300000,6545400000,2677100000,490900000,0,0,314100000,2231200000,1982000000,61900000,61900000,0.31,0.3,0.16,-31400000,-74200000,42500000,-56400000,332500000,70700000,48.05,63.74,32.35,0.5409,0.0689,2.55,7.18,16.18,1.84,0.2667,4.5451,0.0698,0.0555,1.24,-0.53,1.907
2007-06-30,204342458,204342458,1,8240200000,5584100000,6873200000,3177000000,1367000000,0,0,789700000,1606800000,2620000000,176000000,176000000,0.87,0.84,0.18,-14700000,-70100000,26800000,-52600000,388900000,77600000,56.49,61.23,51.76,0.564,0.0795,6.69,10.33,18.46,1.68,0.2363,1.1754,0.1659,0.0588,1.35,-0.45,1.7577
2007-03-31,202131929,202131929,1,7811500000,5169200000,6706600000,3069600000,1104900000,0,0,778900000,1560100000,2166300000,173300000,173300000,0.86,0.84,0.18,106900000,112200000,-73900000,147700000,441500000,43100000,50.25,55.3,45.21,0.647,0.084,5.47,10.92,19.18,1.5,0.2293,1.412,0.1414,0.0582,1.44,0.32,1.684
2006-12-31,200809919,200809919,1,7413100000,3436700000,6489600000,2568100000,923500000,0,0,1414800000,1600700000,2700700000,114300000,114300000,0.56,0.55,0.18,282700000,-89400000,-152900000,46400000,293800000,117100000,44.21,46.82,41.6,0.5926,0.0741,4.6,9.15,18.73,1.32,0.2675,1.7333,0.1246,0.0483,1.54,0.82,1.3382
2006-09-30,199386361,199386361,1,7443800000,3577700000,6480700000,2736700000,963100000,0,0,1387100000,1715900000,2964800000,150900000,150900000,0.76,0.74,0.18,270400000,-58100000,-200100000,14300000,247400000,50200000,40.93,44.14,37.72,0.5381,0.0686,4.83,9.08,17.34,1.14,0.2837,1.7816,0.1294,0.0444,1.54,1.1,1.3073
2006-06-30,200560282,200560282,1,7356900000,3464900000,6452000000,2661400000,904900000,0,0,1403100000,1756300000,2990700000,191700000,191700000,0.95,0.93,0.18,164800000,-40300000,-116900000,9500000,233100000,30100000,42.86,47.14,38.58,0.5407,0.071,4.51,10.13,18.01,0.96,0.2703,1.9409,0.123,0.0466,1.52,0.67,1.3019
2006-03-31,203352441,203352441,1,6975600000,3142700000,6115200000,2389700000,860400000,0,0,1370600000,1714700000,2552000000,84100000,84100000,0.41,0.4,0.18,-11600000,-47900000,-111600000,-167100000,223600000,42000000,39.36,43.71,35.01,0.5575,0.0743,4.23,8.75,15.44,0.78,0.2531,1.9929,0.1233,0.0492,1.51,-0.26,1.3151
2005-12-31,204876656,204876656,1,6867800000,3066200000,5945300000,2228900000,922500000,0,0,1353500000,1676100000,2545000000,64400000,64400000,0.31,0.29,0.15,283900000,-117300000,-104800000,60600000,390700000,147100000,41.38,47.76,35.01,0.6003,0.0797,4.5,8.64,22.37,0.6,0.2261,1.8169,0.1343,0.0542,1.47,0.67,1.3757
2005-09-30,210135805,210135805,1,6938600000,3185500000,5932500000,2333200000,1006100000,0,0,1375100000,1562800000,2624000000,159100000,159100000,0.76,0.74,0.15,258700000,-77200000,-129000000,52900000,330100000,65200000,44.64,47.93,41.35,0.4361,0.0581,4.79,10.33,24.53,0.45,0.2347,1.5533,0.145,0.0402,1.44,0.92,1.3653
2005-06-30,210822655,210822655,1,6979200000,3234000000,6069500000,2434100000,909700000,0,0,1386000000,1590000000,2755100000,207900000,207900000,0.98,0.95,0.15,327800000,-70000000,-217900000,37100000,277200000,58100000,44.05,47.29,40.82,0.4384,0.0589,4.32,10.8,27.53,0.3,0.1581,1.7478,0.1303,0.0408,1.44,1.28,1.3286
2005-03-31,212709652,212709652,1,7134700000,3287200000,6265900000,2540100000,868800000,0,0,1359400000,1634200000,2340300000,124900000,124900000,0.58,0.57,0.15,-50000000,-58800000,121500000,10700000,240100000,38500000,43.48,48.39,38.56,0.3995,0.053,4.08,10.02,30.84,0.15,0.0902,1.881,0.1218,0.0366,1.45,-0.42,1.2941
2004-12-31,214501304,214501304,1,6841800000,2889800000,5911500000,2346700000,930300000,0,0,1412000000,1429100000,2352400000,-86900000,-86900000,-0.41,-0.41,0,302100000,-97100000,-210500000,2100000,229400000,97300000,38.11,41.82,34.41,0.3719,0.0487,4.34,8.53,17.32,0,0,1.5362,0.136,0.033,1.48,0.95,1.2314
2004-09-30,214520150,214520150,1,6357800000,2991700000,5399500000,2281100000,958300000,0,0,1331500000,1622400000,2396100000,156000000,156000000,0.73,0.71,0,205800000,-58700000,-158100000,-10300000,227300000,60000000,38.38,40.55,36.22,0.6154,0.0784,4.47,10.46,18.78,0,0,1.693,0.1507,0.0523,1.5,0.68,1.3115
2004-06-30,213916180,213916180,1,6370300000,3021000000,5585900000,2323800000,784400000,0,0,1339600000,1742700000,2575300000,159700000,159700000,0.75,0.73,0,218000000,-33500000,-139000000,45300000,237600000,37700000,37.27,40.93,33.6,0.6491,0.0747,3.67,11.47,19.38,0,0,2.2217,0.1231,0.0496,1.51,0.84,1.3
2004-03-31,71686454,215059362,3,6147200000,2774600000,5449300000,2221200000,697900000,0,0,1356800000,1731600000,2185000000,84600000,84600000,1.17,1.14,0,38800000,-61500000,103000000,80600000,192300000,38100000,35.72,38.33,33.1,0.6969,0.0722,3.25,10.86,19.48,0,0,2.4812,0.1135,0.0484,1.49,0,1.2491
2003-12-31,72225650,216676950,3,5878700000,2490700000,5164900000,2033500000,713800000,0,0,1379700000,1626800000,2117600000,85000000,85000000,1.17,1.14,0,177400000,-67000000,-202200000,-89800000,111700000,60800000,31.09,34,28.17,0.821,0.0708,3.29,11.56,17.4,0,0,2.2791,0.1214,0.0473,1.5,0.54,1.2248
2003-09-30,72805047,218415141,3,5782800000,2533100000,5194800000,2097900000,588000000,0,0,1294800000,1716100000,2234400000,122500000,122500000,1.69,1.66,0,229100000,-47400000,-161400000,20500000,201500000,50800000,26.2,28.37,24.03,None,0.0712,2.69,12.78,14.97,0,0,2.9185,0.1017,0.0473,1.5,0.82,1.2074
2003-06-30,72256449,216769347,3,5783000000,2561800000,5337600000,2041500000,445400000,0,0,1299200000,1912600000,2265000000,133900000,133900000,1.86,1.83,0,205300000,-52500000,-112500000,42700000,181000000,40300000,24.63,26.52,22.73,None,0.0715,2.05,23.46,14.4,0,0,4.2941,0.077,0.0472,1.51,0.76,1.2549
2003-03-31,71819032,215457096,3,5435700000,2334800000,5208800000,1859300000,226900000,0,0,1007600000,2003000000,1950600000,63800000,63800000,0.88,0.87,0,39400000,-50500000,56000000,41700000,138300000,40500000,22.67,24.06,21.28,None,0.0723,1.05,21.39,13.49,0,0,8.8277,0.0417,0.0473,1.53,-0.01,1.2557
2002-12-31,71948093,215844279,3,5143800000,2014400000,4914000000,1665600000,229800000,0,0,1012800000,1918400000,1876900000,73800000,73800000,1.02,1,0,195100000,-85500000,-159100000,-49200000,96600000,69200000,22.48,25.33,19.63,None,0.0724,1.06,30.79,15.65,0,0,8.3481,0.0447,0.0476,1.52,0.58,1.2094
2002-09-30,72461586,217384758,3,5219700000,2157500000,5060300000,1868300000,159400000,0,0,971600000,2004800000,2070100000,114100000,114100000,1.58,1.55,0,64200000,-18600000,-22800000,21500000,145800000,46200000,22.98,25.56,20.41,None,0.0052,0.73,49.96,17.28,0,0,12.5772,0.0305,0.0034,1.52,0.08,1.1548
2002-06-30,71840009,215520027,3,5104400000,2087900000,5004200000,1815700000,100200000,0,0,965400000,2037300000,2086500000,126100000,126100000,1.74,1.71,0,368900000,-35900000,-287300000,47900000,124300000,42900000,24.73,26.33,23.13,None,0.0004,0.46,None,18.97,0,0,20.3323,0.0196,0.0003,1.5,1.51,1.1499
2002-03-31,72577214,217731642,3,5015700000,2069800000,5076000000,1739700000,-60300000,0,0,912700000,2221900000,1761900000,57000000,57000000,0.79,0.78,0,-4600000,-49500000,49200000,-5700000,76400000,32300000,21.56,23.73,19.4,None,-0.0008,-0.28,None,16.05,0,None,None,None,None,1.51,-0.17,1.1897
2001-12-31,72085254,216255762,3,4831400000,1896400000,4921500000,1688300000,-90100000,0,0,929000000,2142000000,1750300000,-270870000,-270870000,0.28,0.27,0,213800000,-74400000,-151800000,-13300000,82100000,67400000,20.23,22.99,17.48,None,0.0008,-0.42,None,13.25,0,0,None,None,0.0006,1.53,0.68,1.1233
2001-09-30,71766182,215298546,3,4983000000,2109000000,5113000000,1842000000,-130000000,0,0,935000000,2266000000,1885000000,90000000,90000000,1.25,1.23,0,145000000,-44000000,-104000000,-2000000,95000000,47000000,20.35,23.63,17.08,None,0.0686,-0.6,None,13.33,0,0,None,None,0.0445,1.54,0.46,1.145
2001-06-30,71855971,215567913,3,4919000000,2099000000,5124000000,1842000000,-205000000,0,0,914000000,2300000000,2039000000,120000000,120000000,1.68,1.63,0,79000000,-62000000,3000000,19000000,97000000,56000000,20.64,22.49,18.8,None,0.0685,-0.95,None,13.98,0,0,None,None,0.0439,1.56,0.11,1.1395
2001-03-31,71404047,214212141,3,4770000000,1954000000,5068000000,1818000000,-298000000,0,0,927000000,2278000000,1791000000,65000000,65000000,0.92,0.9,0,58000000,-34000000,-30000000,-7000000,78000000,43000000,18.16,20.75,15.58,None,0.0658,-1.39,None,12.52,0,0,None,None,0.0423,1.55,0.07,1.0748
2000-12-31,70956309,212868927,3,4744660000,1878496000,5137563000,1806566000,-392903000,0,0,934758000,2375566000,1769370000,58232000,58232000,0.82,0.82,0,261063000,-12013000,-244698000,4197000,85420000,86498000,14.66,16.5,12.83,None,0.0646,-1.85,None,17.45,0,0,None,None,0.0415,1.56,0.82,1.0398
2000-09-30,69329711,207989133,3,4966000000,2036000000,5318000000,1826000000,-352000000,0,0,915000000,2554000000,1961000000,89000000,89000000,1.28,1.23,0,74000000,-62000000,-22000000,-11000000,81000000,64000000,15.13,16.58,13.67,None,0.0383,-1.69,None,20,0,0,None,None,0.0248,1.54,0.05,1.115
2000-06-30,69887008,209661024,3,4988000000,2029000000,5435000000,1861000000,-447000000,0,0,945000000,2622000000,2046000000,108000000,108000000,1.54,1.48,0,154000000,-86000000,-16000000,52000000,92000000,67000000,13.91,15.31,12.5,None,0.0351,-2.13,None,20.66,0,0,None,None,0.0227,1.54,0.41,1.0903
2000-03-31,70226846,210680538,3,4815000000,1838000000,5292000000,1745000000,-477000000,0,0,956000000,2596000000,1822000000,60000000,60000000,0.85,0.82,0,-31000000,-51000000,62000000,-21000000,40000000,50000000,13.36,15.27,11.44,None,0.0317,-2.26,None,21.66,0,0,None,None,0.0206,1.54,-0.38,1.0533
1999-12-31,70775276,212325828,3,4685987000,1725547000,5182487000,2286620000,-496500000,0,0,991120000,1886739000,1679500000,-70700000,-70700000,-1.01,-1.01,0,241776000,-166845000,-55561000,18175000,61223000,144972000,13.23,15.33,11.13,None,0.0291,-2.34,None,33.35,0,0,None,None,0.0192,1.51,0.46,0.7546
1999-09-30,70733480,212200440,3,4815000000,1880000000,5262000000,2343000000,-447000000,0,0,1037000000,1944000000,1899000000,72000000,72000000,1.02,0.98,0,203000000,-96000000,-107000000,-1000000,45000000,83000000,14.61,16.42,12.79,None,0.02,-2.11,None,62.61,0,0,None,None,0.013,1.55,0.57,0.8024
1999-06-30,70715100,212145300,3,4795000000,1892000000,5294000000,2415000000,-499000000,0,0,1019000000,1914000000,1936000000,90000000,90000000,1.28,1.23,0,87000000,-82000000,16000000,23000000,46000000,81000000,14.01,16.48,11.54,None,0.0127,-2.35,None,None,0,0,None,None,0.0081,1.57,0.03,0.7834
1999-03-31,70439557,211318671,3,4726000000,1818000000,5359000000,2907000000,-633000000,0,0,1048000000,1483000000,1675000000,47000000,47000000,0.67,0.65,0,-58000000,-491000000,508000000,-42000000,23000000,34000000,11.19,11.92,10.46,None,-0.0012,-3,None,None,0,None,None,None,None,1.6,-0.44,0.6254
1998-12-31,70363953,211091859,3,4156164000,1591261000,4857148000,2350585000,-700984000,0,0,832789000,1527518000,1637881000,-116317000,-116317000,-1.67,-1.67,0,178742000,-88496000,-82324000,8052000,64824000,68557000,9.92,12.63,7.21,None,-0.004,-3.32,None,14.59,0,None,None,None,None,1.64,0.52,0.677
1998-09-30,70307713,210923139,3,4143000000,1708000000,4682000000,2216000000,-539000000,0,0,875000000,1549000000,1728000000,36000000,36000000,0.5,0.49,0,67000000,-63000000,-20000000,-16000000,57000000,59000000,12.13,16.15,8.1,None,-0.012,-2.56,None,33.39,0,None,None,None,None,1.66,0.04,0.7708
1998-06-30,72300489,216901467,3,4037000000,1679000000,4564000000,2144000000,-527000000,0,0,843000000,1521000000,1795000000,28000000,28000000,0.39,0.37,0,123000000,-48000000,-86000000,-11000000,73000000,49000000,14.86,16.42,13.29,None,-0.0303,-2.43,None,30.12,0,None,None,None,None,1.66,0.34,0.7831
1998-03-31,72468122,217404366,3,3904000000,1573000000,4454000000,1276000000,-550000000,0,0,835000000,2315000000,1493000000,36000000,36000000,0.5,0.49,0,44000000,-64000000,75000000,55000000,84000000,48000000,14.27,16.08,12.46,None,-0.0225,-2.53,None,32.68,0,None,None,None,None,1.62,-0.02,1.2328
1997-12-31,72663383,217990149,3,3669089000,1393978000,4278872000,1841213000,-609783000,0,0,844238000,1550772000,1538509000,-147223000,-147223000,0.69,None,0,169384000,-111658000,-65674000,-9927000,28772000,69159000,12.63,13.71,11.54,None,-0.0259,-2.8,None,32.11,0,None,None,None,None,1.62,0.46,0.7571
1997-09-30,71928748,215786244,3,3712000000,1558000000,4370000000,1901000000,-658000000,0,0,832000000,1584000000,1519000000,-33000000,-33000000,-0.46,None,0,158000000,-58000000,-109000000,-12000000,39000000,63000000,14.89,17.21,12.56,None,0.0259,-3.05,None,18.93,0,0,None,None,0.0161,1.61,0.44,0.8196
1997-06-30,73051655,219154965,3,3848000000,1565000000,4397000000,1948000000,-549000000,0,0,799000000,1557000000,1589000000,59000000,59000000,0.76,None,0,83000000,-268000000,158000000,-27000000,51000000,56000000,15.36,17,13.71,None,0.051,-2.51,None,19.61,0,0,None,None,0.0313,1.63,0.12,0.8034
1997-03-31,74072868,222218604,3,3604000000,1526000000,4225000000,1503000000,-621000000,0,0,828000000,1810000000,1361000000,25000000,25000000,0.32,None,0,-15000000,-39000000,73000000,18000000,78000000,38000000,14.25,15.92,12.58,None,0.0526,-2.79,None,None,0,0,None,None,0.0316,1.66,-0.24,1.0153
1996-12-31,73820967,221462901,3,3519615000,1386374000,3899996000,1236931000,-380381000,0,0,875111000,1741847000,1436961000,43982000,43982000,0.56,None,0,152761000,-91102000,-70597000,-9005000,59699000,74074000,12.34,13.25,11.42,None,-0.0136,-1.72,None,None,0,None,None,None,None,1.69,0.36,1.1208
1996-09-30,78528888,235586664,3,3445000000,1418000000,3885000000,1270000000,-440000000,0,0,851000000,1738000000,1485000000,56000000,56000000,0.72,None,0,153100000,-58200000,-49900000,45100000,69000000,48000000,10.57,11.75,9.38,None,-0.0199,-1.87,None,None,0,None,None,None,None,1.66,0.45,1.1165
1996-06-30,78266791,234800373,3,3390000000,1399100000,3886100000,1289500000,-496100000,0,0,855000000,1750800000,1518300000,58600000,58600000,0.75,None,0,49200000,-37700000,-20000000,-9000000,23600000,39300000,9.98,11.13,8.83,None,-0.0236,-2.11,None,None,0,None,None,None,None,1.61,0.04,1.085
1996-03-31,78009152,234027456,3,3354300000,1359200000,3925000000,1322000000,-570700000,0,0,859400000,1747000000,1364300000,-205300000,-205300000,-2.66,None,0,-2300000,-19100000,-34100000,-56100000,32600000,35700000,9.48,10.46,8.5,None,-0.0262,-2.44,None,19.35,0,None,None,None,None,1.56,-0.16,1.0281
1995-12-31,77032003,231096009,3,3519647000,1294926000,3909710000,1306602000,-390063000,0,0,1081622000,1770098000,1311176000,22355000,22355000,0.3,None,0,146206000,-81205000,-29465000,34255000,88704000,48765000,9.69,10.63,8.75,None,0.0325,-1.69,None,None,0,0,None,None,0.0214,1.52,0.42,0.9911
1995-09-30,76267858,228803574,3,3434100000,1284800000,3853100000,1299400000,-419000000,0,0,1071400000,1757300000,1316300000,43400000,43400000,0.57,None,0,117400000,-39100000,-49800000,27900000,54400000,39700000,9.67,10.67,8.67,None,0.0049,-1.83,None,None,0,0,None,None,0.0033,1.51,0.34,0.9888
1995-06-30,76149025,228447075,3,3424300000,1284000000,3891200000,1345800000,-466900000,0,0,1088100000,1757300000,1370800000,49500000,49500000,0.65,None,0,59500000,-44300000,-51500000,-35900000,26500000,36900000,8.75,9.42,8.08,None,-0.0048,-2.04,None,None,0,None,None,None,None,1.49,0.1,0.9541
1995-03-31,76225217,228675651,3,3365600000,1235700000,3901000000,1323600000,-535400000,0,0,1102700000,1780200000,1223200000,-3600000,-3600000,-0.05,None,0,24600000,-18500000,-36400000,-30300000,62400000,19400000,7.44,8.33,6.54,None,None,-2.34,None,None,0,None,None,None,None,1.44,0.02,0.9336
1994-12-31,76044757,228134271,3,3156118000,1064543000,3953747000,1078693000,-797629000,0,0,1053042000,2152291000,1148565000,-72821000,-72821000,-1.21,None,0,129186000,-62800000,-35698000,29812000,92749000,51758000,None,None,None,None,None,-3.5,None,None,0,None,None,None,None,1.39,0.34,0.9869
1994-09-30,24420767,183155752,7.5,3280700000,1192500000,3970600000,1091800000,-689900000,0,0,1073800000,2144800000,1188800000,11100000,11100000,0.46,None,0,86500000,-18200000,-49600000,19700000,62900000,17900000,None,None,None,None,None,-3.77,None,None,0,None,None,None,None,None,0.37,1.0922
1994-06-30,23946968,179602260,7.5,3215100000,1135000000,3942200000,1046900000,-727100000,0,0,1027500000,2182800000,1130500000,-11400000,-11400000,-0.47,None,0,37000000,-20400000,-32300000,-14100000,43200000,11700000,None,None,None,None,None,-4.05,None,None,0,None,None,None,None,None,0.14,1.0842
1994-03-31,24013796,180103470,7.5,3133400000,1066800000,3861800000,1002900000,-728400000,0,0,1041900000,2174700000,989600000,-13300000,-13300000,-0.56,None,0,3900000,-15600000,15400000,4100000,57300000,9600000,None,None,None,None,None,-4.04,None,None,0,None,None,None,None,None,-0.03,1.0637
1993-12-31,23898369,179237767,7.5,2987079000,941683000,3709892000,861384000,-722813000,0,0,1025774000,2191737000,None,None,None,None,None,0,None,None,None,None,53237000,0,None,None,None,None,None,-4.03,None,None,0,None,None,None,None,None,None,1.0932
