"Quarter end","Shares","Shares split adjusted","Split factor","Assets","Current Assets","Liabilities","Current Liabilities","Shareholders equity","Non-controlling interest","Preferred equity","Goodwill & intangibles","Long-term debt","Revenue","Earnings","Earnings available for common stockholders","EPS basic","EPS diluted","Dividend per share","Cash from operating activities","Cash from investing activities","Cash from financing activities","Cash change during period","Cash at end of period","Capital expenditures","Price","Price high","Price low","ROE","ROA","Book value of equity per share","P/B ratio","P/E ratio","Cumulative dividends per share","Dividend payout ratio","Long-term debt to equity ratio","Equity to assets ratio","Net margin","Asset turnover","Free cash flow per share","Current ratio"
2019-06-30,599701222,599701222,1,59373000000,30746000000,48579000000,10622000000,10794000000,0,0,21502000000,30614000000,5871000000,2179000000,2179000000,3.59,3.57,0,1414000000,2745000000,-5992000000,-1833000000,5525000000,144000000,181.59,196.87,166.3,0.6567,0.1238,18,10.22,14.49,24.52,0.32,2.8362,0.1818,0.3377,0.37,2.12,2.8946
2019-03-31,609935682,609935682,1,63997000000,35151000000,53165000000,12706000000,10832000000,0,0,21816000000,29319000000,5557000000,1992000000,1992000000,3.2,3.18,1.45,1845000000,3555000000,-4987000000,413000000,7358000000,116000000,191.67,204.33,179.01,0.6142,0.1217,17.76,9.54,15.21,24.52,0.4212,2.7067,0.1693,0.34,0.36,2.83,2.7665
2018-12-31,622278034,622278034,1,66416000000,37618000000,53916000000,13488000000,12500000000,0,0,22142000000,29510000000,6230000000,1928000000,1928000000,3.03,3.01,1.32,3194000000,-4637000000,-3568000000,-5011000000,6945000000,225000000,193.81,209.34,178.29,0.5852,0.1232,20.09,8.61,52.24,23.07,0.4039,2.3608,0.1882,0.3535,0.35,4.77,2.789
2018-09-30,637219244,637219244,1,67333000000,38320000000,52984000000,12432000000,14349000000,0,0,22466000000,29350000000,5904000000,1859000000,1859000000,2.88,2.86,1.32,3273000000,1132000000,-2580000000,1825000000,11956000000,171000000,196.44,210.19,182.7,0.1256,0.0308,22.52,8.53,54.42,21.75,1.543,2.0454,0.2131,0.0944,0.33,4.87,3.0824
2018-06-30,647272067,647272067,1,67684000000,37970000000,52775000000,11205000000,14909000000,0,0,23167000000,30209000000,6059000000,2296000000,2296000000,3.5,3.48,1.32,2102000000,2938000000,-4650000000,390000000,10131000000,187000000,175.7,188.09,163.31,0.1075,0.0316,23.03,7.44,57.8,20.43,1.4346,2.0262,0.2203,0.1019,0.31,2.96,3.3887
2018-03-31,661706007,661706007,1,71164000000,40689000000,55544000000,10479000000,15620000000,0,0,23550000000,33358000000,5554000000,2311000000,2311000000,3.27,3.25,1.32,2727000000,14906000000,-11692000000,5941000000,9741000000,155000000,184.63,201.23,168.02,0.0847,0.0285,23.61,5.27,71.56,19.11,1.5214,2.1356,0.2195,0.0967,0.3,3.89,3.8829
2017-12-31,720562246,720562246,1,79954000000,49476000000,54713000000,9020000000,25241000000,0,0,23370000000,34190000000,5802000000,-4264000000,-4264000000,-5.88,-5.88,1.15,3012000000,-78000000,-2134000000,800000000,3800000000,142000000,178.69,188.59,168.79,0.0661,0.0249,35.03,4.02,16.17,17.79,1.6919,1.3545,0.3157,0.0866,0.29,3.98,5.4851
2017-09-30,725910575,725910575,1,80331000000,49752000000,48102000000,8193000000,32229000000,0,0,23649000000,33777000000,5773000000,2021000000,2021000000,2.78,2.76,1.15,3454000000,-1976000000,-1107000000,371000000,3000000000,158000000,179.14,191,167.29,0.2628,0.1037,44.4,4.12,16.33,16.64,0.3982,1.048,0.4012,0.3554,0.29,4.54,6.0725
2017-06-30,729674773,729674773,1,79587000000,48442000000,47865000000,7815000000,31722000000,0,0,24327000000,33603000000,5810000000,2151000000,2151000000,2.93,2.91,1.15,2326000000,-1813000000,-1242000000,-729000000,2629000000,185000000,163.55,174.07,153.02,0.2658,0.1044,43.47,3.93,15.53,15.49,0.3872,1.0593,0.3986,0.3546,0.29,2.93,6.1986
2017-03-31,735399128,735399128,1,77862000000,46456000000,47225000000,10523000000,30637000000,0,0,24679000000,30293000000,5464000000,2071000000,2071000000,2.81,2.79,1.15,2385000000,-157000000,-2111000000,117000000,3358000000,168000000,166.66,182.6,150.73,0.26,0.1021,41.66,4.11,16.28,14.34,0.3895,0.9888,0.3935,0.3443,0.3,3.01,4.4147
2016-12-31,736452791,736452791,1,77626000000,46010000000,47751000000,11204000000,29875000000,0,0,25030000000,30193000000,5965000000,1935000000,1935000000,2.61,2.59,1,3100000000,-1222000000,-2122000000,-244000000,3241000000,227000000,151.76,168.31,135.22,0.2586,0.1008,40.57,3.67,15.16,13.19,0.3859,1.0106,0.3849,0.3359,0.3,3.9,4.1066
2016-09-30,743922473,743922473,1,78150000000,45844000000,47377000000,10542000000,30773000000,0,0,25492000000,30526000000,5811000000,2017000000,2017000000,2.7,2.68,1,2662000000,-2389000000,582000000,855000000,3485000000,167000000,164.94,175.62,154.27,0.2579,0.1011,41.37,4.1,16.88,12.19,0.374,0.992,0.3938,0.3363,0.3,3.35,4.3487
2016-06-30,748360906,748360906,1,75471000000,42947000000,45338000000,10830000000,30133000000,0,0,25867000000,27928000000,5688000000,1870000000,1870000000,2.49,2.47,1,2677000000,-657000000,-2286000000,-266000000,2630000000,188000000,154.47,164.35,144.58,0.2588,0.1011,40.27,4.05,16.35,11.19,0.3619,0.9268,0.3993,0.3307,0.31,3.33,3.9656
2016-03-31,751217078,751217078,1,75116000000,42206000000,46434000000,8523000000,28682000000,0,0,26252000000,32060000000,5527000000,1900000000,1900000000,2.52,2.5,1,1915000000,-4390000000,1227000000,-1248000000,2896000000,156000000,149.62,158.34,140.9,0.2572,0.0996,38.18,4.01,16.51,10.19,0.352,1.1178,0.3818,0.3257,0.31,2.34,4.952
2015-12-31,752091038,752091038,1,71576000000,38518000000,43493000000,8667000000,28083000000,0,0,26428000000,29306000000,5536000000,1800000000,1800000000,2.38,2.36,0.79,2060000000,-233000000,-909000000,918000000,4144000000,205000000,152.41,164.58,140.23,0.2522,0.0979,37.34,4.11,18.19,9.19,0.3444,1.0435,0.3924,0.3203,0.31,2.47,4.4442
2015-09-30,754327866,754327866,1,71869000000,38844000000,43902000000,7165000000,27967000000,0,0,26287000000,30511000000,5723000000,1863000000,1863000000,2.46,2.44,0.79,2874000000,-2003000000,-1440000000,-569000000,3226000000,138000000,154.42,176.59,132.24,0.2388,0.0916,37.08,4.26,20.45,8.4,0.3511,1.091,0.3891,0.2998,0.31,3.63,5.4214
2015-06-30,758250346,758250346,1,71209000000,37736000000,43725000000,6891000000,27484000000,0,0,26711000000,30702000000,5370000000,1653000000,1653000000,2.18,2.15,0.79,2814000000,-2359000000,476000000,931000000,3795000000,133000000,160.38,169.17,151.6,0.2213,0.0831,36.25,4.6,21.64,7.61,0.3658,1.1171,0.386,0.28,0.3,3.54,5.4761
2015-03-31,760323664,760323664,1,68952000000,35064000000,42446000000,6336000000,26506000000,0,0,26986000000,29841000000,5033000000,1623000000,1623000000,2.13,2.11,0.79,1329000000,-952000000,-1244000000,-867000000,2864000000,118000000,160.06,170.1,150.01,0.2239,0.082,34.86,4.71,23.89,6.82,0.3488,1.1258,0.3844,0.2774,0.3,1.59,5.5341
2014-12-31,758861306,758861306,1,69009000000,34713000000,43231000000,7008000000,25778000000,0,0,27481000000,34590000000,5331000000,1294000000,1294000000,1.71,1.68,0.61,2445000000,374000000,-2765000000,54000000,3731000000,203000000,151.04,171.64,130.45,0.21,0.0747,33.97,4.54,23.82,6.03,0.3591,1.3418,0.3735,0.2571,0.29,2.95,4.9533
2014-09-30,760670000,760670000,1,70775000000,36048000000,45450000000,8551000000,25325000000,0,0,27915000000,30480000000,5031000000,1244000000,1244000000,1.63,1.61,0.61,2741000000,-2903000000,-513000000,-675000000,3677000000,170000000,129.7,144.01,115.39,0.2067,0.0715,33.29,4.04,19.89,5.42,0.357,1.2036,0.3578,0.2474,0.29,3.38,4.2156
2014-06-30,759607230,759607230,1,69534000000,34328000000,45152000000,7866000000,24382000000,0,0,28343000000,30828000000,5180000000,1547000000,1547000000,2.04,2.01,0.61,2227000000,-2458000000,896000000,665000000,4352000000,173000000,118.18,126.07,110.29,0.2203,0.0771,32.1,3.93,19.19,4.81,0.3263,1.2644,0.3506,0.2574,0.3,2.7,4.3641
2014-03-31,757021648,757021648,1,67004000000,28302000000,44263000000,8203000000,22741000000,0,0,28398000000,29519000000,4521000000,1073000000,1073000000,1.42,1.4,0.61,1142000000,-765000000,-495000000,-118000000,3687000000,172000000,120.47,127.47,113.48,0.2166,0.0778,30.04,4.12,18.14,4.2,0.3231,1.2981,0.3394,0.249,0.31,1.28,3.4502
2013-12-31,755007290,755007290,1,66125000000,27367000000,44029000000,7947000000,22096000000,0,0,28230000000,29623000000,5011000000,1021000000,1021000000,1.36,1.32,0.47,1835000000,-10118000000,3807000000,-4476000000,3805000000,201000000,112.48,118.69,106.28,0.2422,0.0894,29.27,3.9,17.74,3.59,0.2787,1.3406,0.3342,0.2721,0.33,2.16,3.4437
2013-09-30,754126197,754126197,1,57073000000,30675000000,35345000000,4843000000,21728000000,0,0,16254000000,27178000000,4748000000,1368000000,1368000000,1.81,1.79,0.47,1807000000,-2119000000,2787000000,2475000000,8281000000,175000000,106.66,117.52,95.81,0.2398,0.0899,28.81,3.9,17.9,3.12,0.2729,1.2508,0.3807,0.2681,0.34,2.16,6.3339
2013-06-30,753356209,753356209,1,52610000000,29673000000,32016000000,4784000000,20594000000,0,0,16354000000,23908000000,4679000000,1258000000,1258000000,1.67,1.65,0.47,1600000000,1959000000,-283000000,3276000000,5806000000,159000000,104.01,113.42,94.6,0.2321,0.0857,27.34,4,17.57,2.65,0.2714,1.1609,0.3914,0.2598,0.33,1.91,6.2026
2013-03-31,749976556,749976556,1,51640000000,28695000000,32149000000,5142000000,19491000000,0,0,16501000000,23885000000,4238000000,1434000000,1434000000,1.91,1.88,0.47,1049000000,1809000000,-3585000000,-727000000,2530000000,158000000,92.3,102.51,82.08,0.2366,0.086,25.99,3.62,16.72,2.18,0.2542,1.2254,0.3774,0.2632,0.33,1.19,5.5805
2012-12-31,748430018,748430018,1,54298000000,31209000000,35238000000,8191000000,19060000000,0,0,16630000000,24034000000,4421000000,788000000,788000000,1.03,1.02,0.35,812000000,-2031000000,-1347000000,-2566000000,3257000000,200000000,87.09,90.17,84,0.2255,0.0823,25.47,3.36,15.61,1.71,0.2522,1.261,0.351,0.2517,0.33,0.82,3.8102
2012-09-30,767355259,767355259,1,55448000000,32605000000,35546000000,8367000000,19902000000,0,0,16269000000,24020000000,4319000000,1107000000,1107000000,1.44,1.41,0.36,1723000000,-3173000000,1424000000,-26000000,5823000000,173000000,79.33,84.81,73.85,0.2332,0.0873,25.94,3.18,16.99,1.36,0.1856,1.2069,0.3589,0.2671,0.33,2.02,3.8969
2012-06-30,770768879,770768879,1,52226000000,29562000000,32987000000,8032000000,19239000000,0,0,15898000000,21962000000,4477000000,1266000000,1266000000,1.63,1.61,0.36,2375000000,-2440000000,1707000000,1642000000,5849000000,172000000,69.31,73.02,65.59,0.1902,0.0783,24.96,2.86,16.08,1,0.2092,1.1415,0.3684,0.2334,0.34,2.86,3.6805
2012-03-31,777707877,777707877,1,49250000000,26855000000,30376000000,8298000000,18874000000,0,0,15566000000,19028000000,4048000000,1184000000,1184000000,1.5,1.48,0.36,972000000,-2346000000,-1365000000,-2739000000,4207000000,144000000,66.8,69.84,63.76,0.1719,0.0784,24.27,2.78,16.58,0.64,0.1404,1.0082,0.3832,0.235,0.33,1.06,3.2363
2011-12-31,791432134,791432134,1,48871000000,27593000000,29842000000,5754000000,19029000000,0,0,14334000000,21344000000,3973000000,934000000,934000000,1.09,1.08,0,1584000000,-220000000,1691000000,3055000000,6946000000,224000000,59.32,64.74,53.9,0.1581,0.0799,24.04,2.21,14.72,0.28,0.0666,1.1217,0.3894,0.2364,0.34,1.72,4.7954
2011-09-30,876544275,876544275,1,45765000000,24430000000,22212000000,5315000000,23553000000,0,0,14451000000,13881000000,3944000000,454000000,454000000,0.5,0.5,0.28,969000000,-857000000,-2219000000,-2107000000,3891000000,120000000,53.28,58.28,48.27,0.1538,0.0843,26.87,1.92,11.08,0.28,0.0651,0.5894,0.5147,0.2441,0.35,0.97,4.5964
2011-06-30,924091356,924091356,1,46936000000,25481000000,21322000000,4582000000,25614000000,0,0,14576000000,13847000000,3959000000,1170000000,1170000000,1.26,1.25,0,1536000000,846000000,2350000000,4732000000,5998000000,123000000,57.13,61.17,53.08,0.1847,0.1031,27.72,2.13,11.88,0,0,0.5406,0.5457,0.2972,0.35,1.53,5.5611
2011-03-31,929730507,929730507,1,42714000000,21689000000,17730000000,4249000000,24984000000,0,0,14312000000,10824000000,3706000000,1125000000,1125000000,1.21,1.2,0,1030000000,-555000000,-2496000000,-2021000000,1266000000,100000000,54.13,57.31,50.95,0.1907,0.1075,26.87,2.11,11.3,0,0,0.4332,0.5849,0.3023,0.36,1,5.1045
2010-12-31,932452902,932452902,1,43486000000,23129000000,19542000000,6570000000,23944000000,0,0,13564000000,10874000000,3841000000,1022000000,1022000000,1.09,1.08,0,2008000000,-491000000,-1181000000,336000000,3287000000,182000000,55.33,57.96,52.69,0.1979,0.11,25.68,2.17,11.95,0,0,0.4541,0.5506,0.3074,0.36,1.96,3.5204
2010-09-30,944815396,944815396,1,43534000000,22930000000,19463000000,6260000000,24071000000,0,0,13649000000,10841000000,3816000000,1236000000,1236000000,1.29,1.28,0,1302000000,-1271000000,1208000000,1239000000,2951000000,127000000,53.63,56.32,50.93,0.1967,0.1104,25.48,2.22,11.39,0,0,0.4504,0.5529,0.302,0.37,1.24,3.6629
2010-06-30,958474477,958474477,1,40800000000,20164000000,17630000000,5992000000,23170000000,0,0,13755000000,9318000000,3804000000,1202000000,1202000000,1.25,1.25,0,1564000000,-1435000000,-683000000,-554000000,1712000000,177000000,55.75,61.14,50.36,0.2059,0.1159,24.17,2.39,11.84,0,0,0.4022,0.5679,0.312,0.37,1.45,3.3652
2010-03-31,957938383,957938383,1,40366000000,19809000000,18027000000,6562000000,22339000000,0,0,13797000000,9286000000,3592000000,1167000000,1167000000,1.19,1.18,0,913000000,-955000000,-576000000,-618000000,2266000000,94000000,57.9,60.09,55.71,0.2131,0.119,23.32,2.5,12.84,0,0,0.4157,0.5534,0.3184,0.37,0.85,3.0187
2009-12-31,979301627,979301627,1,39629000000,18932000000,16962000000,3873000000,22667000000,0,0,13902000000,10601000000,3809000000,931000000,931000000,0.93,0.92,0,1823000000,-339000000,-2177000000,-693000000,2884000000,144000000,56.97,61.83,52.12,0.2121,0.1175,23.15,2.52,12.69,0,0,0.4677,0.572,0.3145,0.37,1.71,4.8882
2009-09-30,1012138434,1012138434,1,40940000000,19974000000,18082000000,4903000000,22858000000,0,0,14009000000,10536000000,3812000000,1386000000,1386000000,1.36,1.36,0,1975000000,-1421000000,55000000,609000000,3577000000,130000000,57.94,64.41,51.47,0.2192,0.1207,22.58,2.76,13.73,0,0,0.4609,0.5583,0.3178,0.38,1.82,4.0738
2009-06-30,1015476612,1015476612,1,38840000000,17696000000,17480000000,4548000000,21360000000,0,0,14119000000,10471000000,3713000000,1269000000,1269000000,1.25,1.25,0,1679000000,-1581000000,93000000,191000000,2968000000,139000000,49.11,53.11,45.11,0.2162,0.1178,21.03,2.49,12.79,0,0,0.4902,0.5499,0.3009,0.39,1.52,3.8909
2009-03-31,1012372068,1012372068,1,37380000000,16076000000,17413000000,4673000000,19967000000,0,0,14218000000,10408000000,3308000000,1019000000,1019000000,0.99,0.98,0,859000000,139000000,5000000,1003000000,2777000000,117000000,52.96,59.65,46.27,0.2073,0.1111,19.72,2.69,13.58,0,0,0.5213,0.5342,0.2775,0.4,0.73,3.4402
2008-12-31,1033964089,1033964089,1,36443000000,15221000000,16057000000,4886000000,20386000000,0,0,14327000000,9176000000,3751000000,961000000,961000000,0.92,0.9,0,1397000000,-547000000,-1598000000,-748000000,1774000000,178000000,54.66,61.55,47.76,0.2156,0.1153,19.72,2.92,14.5,0,0,0.4501,0.5594,0.2797,0.41,1.18,3.1152
2008-09-30,1059520930,1059520930,1,36998000000,15620000000,17166000000,4951000000,19832000000,0,0,14435000000,10176000000,3875000000,1158000000,1158000000,1.09,1.09,0,1390000000,-2325000000,65000000,-870000000,2522000000,159000000,57.27,65.89,48.64,0.2161,0.1132,18.72,3.27,20.02,0,0,0.5131,0.536,0.2714,0.42,1.16,3.1549
2008-06-30,1058036145,1058036145,1,36061000000,14527000000,17528000000,5429000000,18533000000,0,0,14514000000,10175000000,3764000000,941000000,941000000,0.87,0.87,0,1619000000,-990000000,-1561000000,-932000000,3392000000,165000000,44.33,47.16,41.49,0.172,0.0888,17.52,2.53,15.34,0,0,0.549,0.5139,0.2113,0.42,1.37,2.6758
2008-03-31,1088696087,1088696087,1,36128000000,14527000000,17041000000,5954000000,19087000000,0,0,14618000000,9177000000,3613000000,1136000000,1136000000,1.04,1.04,0,1582000000,697000000,21000000,2300000000,4324000000,170000000,44.05,48.14,39.97,0.1815,0.093,17.53,2.68,15.79,0,0,0.4808,0.5283,0.2171,0.43,1.3,2.4399
2007-12-31,1087627536,1087627536,1,34639000000,13041000000,16770000000,6179000000,17869000000,0,0,14572000000,9177000000,3745000000,835000000,835000000,0.76,0.77,0,1530000000,-697000000,-198000000,635000000,2024000000,234000000,52.3,58.17,46.44,0.1785,0.0948,16.43,3.37,19.16,0,0,0.5136,0.5159,0.2143,0.44,1.19,2.1105
2007-09-30,1087641879,1087641879,1,33452000000,11706000000,16547000000,4228000000,16905000000,0,0,14759000000,11177000000,3611000000,201000000,201000000,0.19,0.18,0,1588000000,-1955000000,29000000,-338000000,1389000000,306000000,53.08,57.16,49.01,0.1756,0.0953,15.54,3.5,15.21,0,0,0.6612,0.5054,0.2129,0.45,1.18,2.7687
2007-06-30,1086741500,1086741500,1,32971000000,11196000000,16502000000,4229000000,16469000000,0,0,14804000000,11212000000,3728000000,1019000000,1019000000,0.9,0.9,0,1390000000,-267000000,-463000000,660000000,1727000000,402000000,59.39,65.1,53.68,0.2231,0.1233,15.15,3.49,22.84,0,0,0.6808,0.4995,0.2735,0.45,0.91,2.6474
2007-03-31,1159644524,1159644524,1,32570000000,10527000000,12855000000,4607000000,19715000000,0,0,14912000000,5180000000,3687000000,1111000000,1111000000,0.95,0.94,0,893000000,927000000,-2036000000,-216000000,1067000000,325000000,65.78,75.85,55.72,0.1671,0.094,17,4.05,26.52,0,0,0.2627,0.6053,0.2076,0.45,0.49,2.285
2006-12-31,1167458942,1167458942,1,33788000000,11712000000,14824000000,7022000000,18964000000,0,0,15049000000,5100000000,3835000000,833000000,833000000,0.73,0.71,0,1242000000,-1202000000,-48000000,-8000000,1283000000,384000000,72.41,76.5,68.31,0.1664,0.0915,16.24,4.77,29.68,0,0,0.2689,0.5613,0.2068,0.44,0.73,1.6679
2006-09-30,1166518456,1166518456,1,32586000000,10656000000,14865000000,6288000000,17721000000,0,0,15025000000,7233000000,3612000000,1102000000,1102000000,0.94,0.94,0,1573000000,-1887000000,-342000000,-656000000,1291000000,376000000,68.03,72.14,63.92,0.1625,0.0945,15.19,4.73,29.97,0,0,0.4082,0.5438,0.2146,0.44,1.03,1.6947
2006-06-30,1170571415,1170571415,1,31288000000,9503000000,14449000000,5913000000,16839000000,0,0,15175000000,7232000000,3604000000,14000000,14000000,0.01,0.01,0,1391000000,158000000,-1349000000,200000000,1947000000,233000000,68.4,72.86,63.94,0.1492,0.0927,14.39,4.64,22.21,0,0,0.4295,0.5382,0.2118,0.44,0.99,1.6071
2006-03-31,1179216307,1179216307,1,31315000000,11157000000,13924000000,5383000000,17391000000,0,0,14138000000,7198000000,3217000000,1001000000,1001000000,0.83,0.82,0,1183000000,-2200000000,924000000,-93000000,1747000000,225000000,75.69,80.36,71.01,0.1961,0.1298,14.75,4.39,25.83,0,0,0.4139,0.5554,0.2982,0.44,0.81,2.0726
2005-12-31,1184633787,1184633787,1,29297000000,9235000000,8846000000,3595000000,20451000000,0,0,14237000000,3957000000,3271000000,824000000,824000000,0.68,0.67,0,1129000000,-362000000,-1078000000,-311000000,1840000000,265000000,78.9,84.42,73.37,0.1846,0.129,17.26,4.74,28.18,0,0,0.1935,0.6981,0.2956,0.44,0.73,2.5688
2005-09-30,1234319868,1234319868,1,29132000000,9193000000,8602000000,5106000000,20530000000,0,0,14275000000,2198000000,3154000000,967000000,967000000,0.78,0.77,0,1442000000,-801000000,-111000000,530000000,2151000000,199000000,73.52,86.17,60.86,0.1795,0.1244,16.63,4.63,33.27,0,0,0.1071,0.7047,0.2932,0.42,1.01,1.8004
2005-06-30,1233806783,1233806783,1,28038000000,8025000000,8457000000,4927000000,19581000000,0,0,14391000000,2198000000,3172000000,1029000000,1029000000,0.83,0.82,0,1217000000,-162000000,-617000000,438000000,1621000000,205000000,60.19,63.18,57.2,0.1437,0.1007,15.87,3.91,30.71,0,0,0.1123,0.6984,0.2415,0.42,0.82,1.6288
2005-03-31,1237480665,1237480665,1,27420000000,7424000000,8380000000,4778000000,19040000000,0,0,14484000000,2198000000,2833000000,854000000,854000000,0.68,0.67,0,1123000000,1266000000,-2732000000,-343000000,1183000000,198000000,61.42,64.87,57.98,0.1296,0.0923,15.39,3.9,33.93,0,0,0.1154,0.6944,0.2289,0.4,0.75,1.5538
2004-12-31,1252717295,1252717295,1,29221000000,9170000000,9516000000,4157000000,19705000000,0,0,14558000000,3937000000,2909100000,688700000,688700000,0.54,0.54,0,1110000000,-1713000000,1143000000,540000000,1526000000,296000000,58.73,64.76,52.7,0.1204,0.0875,15.73,3.76,34.96,0,0,0.1998,0.6743,0.224,0.39,0.65,2.2059
2004-09-30,1270136214,1270136214,1,26811000000,6775000000,7003000000,5191000000,19808000000,0,0,14715000000,200000000,2713000000,236000000,236000000,0.19,0.18,0,1073200000,-508400000,-1296100000,-731300000,986000000,298200000,56.6,59.98,53.23,0.1136,0.0846,15.6,3.69,28.88,0,0,0.0101,0.7388,0.2224,0.38,0.61,1.3051
2004-06-30,1266016718,1266016718,1,26060000000,6836100000,6649200000,4994400000,19410800000,0,0,14039200000,200000000,2584900000,748100000,748100000,0.59,0.57,0,1115200000,751900000,-911700000,955400000,1716900000,356000000,56.63,60.43,52.82,0.1335,0.0998,15.33,3.68,30.78,0,0,0.0103,0.7449,0.2739,0.36,0.6,1.3688
2004-03-31,1271651559,1271651559,1,25979400000,6935400000,6408100000,4776100000,19571300000,0,0,14115000000,200000000,2343000000,690200000,690200000,0.54,0.52,0,398600000,70500000,-544200000,-75100000,761500000,385800000,62.03,66.23,57.83,0.127,0.095,15.39,4.09,36.7,0,0,0.0102,0.7533,0.2748,0.35,0.01,1.4521
2003-12-31,1280068013,1280068013,1,26176500000,7402200000,6787400000,2246300000,19389100000,0,0,14171400000,3079500000,2346300000,546900000,546900000,0.43,0.41,0,1197500000,-904100000,-506500000,-213100000,836600000,425300000,62.13,67.5,56.76,0.1185,0.0885,15.15,4.12,37.43,0,0,0.1588,0.7407,0.2704,0.33,0.6,3.2953
2003-09-30,1289949059,1289949059,1,25868800000,7294000000,6411500000,1548300000,19457300000,0,0,14412800000,3071800000,2207400000,612100000,612100000,0.47,0.46,0,648600000,-482200000,-187200000,-20800000,1049700000,387500000,67.99,72.37,63.61,0.1154,0.0864,15.08,4.63,None,0,0,0.1579,0.7522,0.2789,0.31,0.2,4.711
2003-06-30,1290780772,1290780772,1,25381500000,6969300000,6436800000,1687300000,18944700000,0,0,14500600000,3063700000,2041100000,607200000,607200000,0.47,0.45,0,939700000,-1941900000,-267500000,-1269700000,1070500000,275800000,62.22,67.54,56.9,-0.0569,-0.0425,14.68,4.34,None,0,None,0.1617,0.7464,None,0.29,0.51,4.1304
2003-03-31,1289516972,1289516972,1,24729500000,6655900000,6226100000,1584800000,18503400000,0,0,14589000000,3055700000,1761200000,493300000,493300000,0.38,0.37,0,780800000,118000000,-410300000,488500000,2340200000,268200000,53.58,59.06,48.09,-0.0836,-0.0604,14.35,3.79,None,0,None,0.1651,0.7482,None,0.31,0.4,4.1998
2002-12-31,1292333187,1292333187,1,24456300000,6403500000,6170300000,1529200000,18286000000,0,0,14673000000,3047700000,1766100000,456400000,456400000,0.35,0.38,0,820100000,-186200000,59100000,693000000,1851700000,256600000,47.7,51.75,43.66,-0.1216,-0.0838,14.15,3.48,None,0,None,0.1667,0.7477,None,0.33,0.44,4.1875
2002-09-30,1287065721,1287065721,1,23741100000,5824400000,6076300000,1471000000,17664800000,0,0,14721800000,3039700000,1499300000,-2601600000,-2601600000,-2.1,-2.1,0,304100000,-2165600000,115200000,-1746300000,1158700000,209300000,39.8,48.54,31.07,-0.2061,-0.1393,13.72,10.42,34.61,0,None,0.1721,0.7441,None,0.4,0.07,3.9595
2002-06-30,1278174432,1278174432,1,9137600000,6333700000,4257000000,1202200000,4880600000,0,0,0,3054800000,1249100000,412400000,412400000,0.4,0.38,0,637700000,-196500000,-517400000,-76200000,2905000000,110600000,49.59,61.39,37.8,0.2473,0.1624,3.82,10.42,46.35,0,0,0.6259,0.5341,0.2842,0.57,0.41,5.2684
2002-03-31,1038989468,1038989468,1,9064900000,6406000000,4115100000,1068200000,4949800000,0,0,0,3046900000,1008500000,340900000,340900000,0.33,0.32,0,486900000,-315500000,2120700000,2292100000,2981200000,82000000,58.41,62.48,54.33,0.2278,0.1679,4.76,11.73,56.71,0,0,0.6156,0.546,0.2803,0.6,0.39,5.997
2001-12-31,1047800052,1047800052,1,6443100000,3858600000,1225900000,1002900000,5217200000,0,0,0,223000000,1124300000,163000000,163000000,0.16,0.15,0,525500000,43000000,-163400000,405100000,689100000,131300000,62.26,68.49,56.03,0.224,0.1853,4.98,12.73,58.19,0,0,0.0427,0.8097,0.2788,0.66,0.38,3.8474
2001-09-30,1045511203,1045511203,1,6053700000,3482300000,945500000,722500000,5108200000,0,0,0,223000000,1003100000,329900000,329900000,0.31,0.3,0,287000000,-20000000,-265500000,1500000,284000000,109300000,59.83,65.66,54.01,0.2446,0.202,4.89,12.49,54.39,0,0,0.0437,0.8438,0.3038,0.66,0.17,4.8198
2001-06-30,1047140536,1047140536,1,5976500000,3431900000,958900000,735900000,5017600000,0,0,0,223000000,986700000,321900000,321900000,0.31,0.3,0,352300000,-507000000,-41700000,-196400000,282500000,114300000,60.77,70.02,51.51,0.2669,0.2179,4.79,13.63,56.27,0,0,0.0444,0.8396,0.3158,0.69,0.23,4.6635
2001-03-31,1043163099,1043163099,1,5692100000,3263900000,1042100000,819100000,4650000000,0,0,0,223000000,901600000,304900000,304900000,0.29,0.28,0,315400000,-55600000,-7400000,252400000,478900000,86900000,64.56,74.19,54.94,0.2871,0.2293,4.46,15.59,61.49,0,0,0.048,0.8169,0.3167,0.72,0.22,3.9847
2000-12-31,1041537659,1041537659,1,5399600000,2937100000,1085100000,862100000,4314500000,0,0,0,223000000,951400000,210800000,210800000,0.21,0.19,0,371700000,-211800000,-93200000,66700000,226500000,119700000,62.75,71.38,54.13,0.3024,0.2384,4.14,16.38,56.03,0,0,0.0517,0.799,0.3137,0.76,0.24,3.4069
2000-09-30,1032982183,1032982183,1,4897800000,2622000000,946100000,723100000,3951700000,0,0,0,223000000,949500000,358900000,358900000,0.35,0.33,0,606600000,-342500000,-240500000,23600000,159800000,129300000,71.47,78,64.94,0.3513,0.272,3.83,21.08,66.79,0,0,0.0564,0.8068,0.3355,0.81,0.46,3.6261
2000-06-30,1028267140,1028267140,1,4543200000,2382600000,1058900000,835900000,3484300000,0,0,0,223000000,914400000,302600000,302600000,0.29,0.28,0,362000000,-219900000,-131700000,10400000,136200000,96200000,60.84,70.38,51.31,0.3591,0.2719,3.39,18.89,58.5,0,0,0.064,0.7669,0.3284,0.83,0.26,2.8503
2000-03-31,1026769316,1026769316,1,4264700000,2153600000,953700000,730700000,3311000000,0,0,0,223000000,814100000,266200000,266200000,0.26,0.25,0,294300000,-262100000,-37300000,-5100000,125800000,92500000,63.47,74.69,52.25,0.3683,0.2742,3.22,21.52,62.23,0,0,0.0674,0.7764,0.3272,0.84,0.2,2.9473
1999-12-31,1023544175,1023544175,1,4077600000,2065300000,1054100000,831100000,3023500000,0,0,0,223000000,926900000,281600000,281600000,0.28,0.26,0,191300000,27300000,-276000000,-57400000,130900000,92900000,51.36,64.88,37.84,0.3798,0.2772,2.95,17.53,52.14,0,0,0.0738,0.7415,0.3283,0.84,0.1,2.485
1999-09-30,1021515626,1021515626,1,4036800000,2126400000,1041300000,818300000,2995500000,0,0,0,223000000,847200000,300000000,300000000,0.29,0.28,0,318900000,-231600000,-98600000,-11300000,188300000,64300000,36.64,43.78,29.5,0.3801,0.2733,2.93,13.42,40.15,0,0,0.0744,0.742,0.3325,0.82,0.25,2.5986
1999-06-30,509955945,1019911890,2,3889600000,2010800000,1104200000,881200000,2785400000,0,0,0,223000000,820500000,267600000,267600000,0.52,0.5,0,364400000,-45700000,-233200000,85500000,199600000,70700000,33.08,40,26.16,0.3734,0.2629,2.73,12.34,38.13,0,0,0.0801,0.7161,0.3224,0.82,0.29,2.2819
1999-03-31,511997051,1023994102,2,3818300000,1973000000,1074900000,851900000,2743400000,0,0,0,223000000,745500000,247200000,247200000,0.48,0.46,0,200700000,-213500000,-74200000,-87000000,114100000,76300000,32.84,39.53,26.14,0.3749,0.2596,2.68,13.14,40.29,0,0,0.0813,0.7185,0.323,0.8,0.12,2.316
1998-12-31,512103598,1024207196,2,3672200000,1863300000,1110000000,887000000,2562200000,0,0,0,223000000,755000000,238600000,238600000,0.47,0.45,0,280000000,-138600000,-44400000,97000000,201100000,87800000,21.74,26.22,17.27,0.378,0.2561,2.5,9.45,28.7,0,0,0.087,0.6977,0.3176,0.81,0.19,2.1007
1998-09-30,254511990,1018047960,4,3444000000,1696400000,1098000000,875000000,2346000000,0,0,0,223000000,700900000,221000000,221000000,0.87,0.83,0,246500000,-216500000,-83900000,-53900000,104100000,84000000,17.57,19.91,15.22,0.3693,0.249,2.3,8.13,28,0,0,0.0951,0.6812,0.313,0.8,0.16,1.9387
1998-06-30,253927244,1015708976,4,3286800000,1567500000,1090300000,867300000,2196500000,0,0,0,223000000,656900000,216300000,216300000,0.85,0.82,0,222200000,-189600000,20800000,53400000,158000000,108600000,15.32,16.69,13.95,0.3101,0.2138,2.16,7.66,25.43,0,0,0.1015,0.6683,0.2704,0.79,0.11,1.8073
1998-03-31,254070280,1016281120,4,3081500000,1411700000,1051600000,824900000,2029900000,0,0,0,223000000,605400000,187300000,187300000,0.73,0.71,0,292800000,-129000000,-298300000,-134500000,104600000,127400000,13.59,15.41,11.78,0.3002,0.2129,2,6.5,23.13,0,0,0.1099,0.6587,0.2679,0.79,0.16,1.7114
1997-12-31,255754703,1023018812,4,3110200000,1543500000,970900000,741900000,2139300000,0,0,0,229000000,606700000,179700000,179700000,0.79,0.67,0,237300000,-47900000,-190200000,-800000,239100000,95800000,12.5,13.53,11.48,0.2974,0.216,2.09,5.87,21.65,0,0,0.107,0.6878,0.2683,0.81,0.14,2.0805
1997-09-30,263197006,1052788024,4,3002400000,1526000000,763000000,634000000,2239400000,0,0,0,129000000,598300000,83800000,83800000,0.31,0.31,0,195700000,-73500000,-213300000,-91100000,239900000,97000000,13.59,15.44,11.73,0.3048,0.2219,2.13,6.35,20.59,0,0,0.0576,0.7459,0.2691,0.82,0.09,2.4069
1997-06-30,265136353,1060545412,4,3043300000,1645600000,773700000,588100000,2269600000,0,0,0,134000000,620500000,200500000,200500000,0.72,0.72,0,237800000,-203100000,31500000,66200000,331000000,92500000,15.53,17.09,13.97,0.3709,0.2653,2.14,8.17,24.27,0,0,0.059,0.7458,0.3133,0.85,0.14,2.7982
1997-03-31,264872827,1059491308,4,2773100000,1437200000,755300000,538900000,2017800000,0,0,0,59000000,575500000,180300000,180300000,0.65,0.65,0,232100000,22300000,-158900000,95500000,264800000,102500000,14.5,15.75,13.25,0.3815,0.2708,1.9,8.06,23.97,0,0,0.0292,0.7276,0.3105,0.87,0.12,2.6669
1996-12-31,265393070,1061572280,4,2765600000,1502600000,859300000,642900000,1906300000,0,0,0,59000000,593500000,178000000,178000000,0.63,0.63,0,276800000,-282900000,-51600000,-57700000,169300000,99300000,14.8,16,13.6,0.3752,0.2672,1.8,8.86,25.96,0,0,0.031,0.6893,0.3035,0.88,0.17,2.3372
1996-09-30,264453836,1057815344,4,2549200000,1406000000,781400000,565000000,1767800000,0,0,0,59000000,567000000,179500000,179500000,0.64,0.64,0,150500000,-49200000,-88500000,12800000,227000000,74900000,14.37,15.85,12.88,0.3692,0.263,1.67,8.35,26.73,0,0,0.0334,0.6935,0.2997,0.88,0.07,2.4885
1996-06-30,264668720,1058674880,4,2496300000,1410100000,675500000,576500000,1820800000,0,0,0,99000000,571400000,178700000,178700000,0.64,0.64,0,302000000,-26000000,-124200000,151800000,214200000,50200000,14.18,15.25,13.1,0.3599,0.2545,1.72,8.59,28.36,0,0,0.0544,0.7294,0.2942,0.87,0.24,2.446
1996-03-31,265837952,1063351808,4,2366800000,1353600000,613900000,514900000,1752900000,0,0,0,99000000,507900000,143600000,143600000,0.51,0.51,0,93300000,47900000,-145500000,-4300000,62400000,42500000,14.79,16.38,13.19,0.3581,0.2461,1.65,9.24,31.47,0,0,0.0565,0.7406,0.2851,0.86,0.05,2.6289
1995-12-31,261501157,1046004628,4,2432800000,1454100000,761000000,583800000,1671800000,0,0,0,177200000,513522000,145572000,145572000,0.52,0.49,0,225000000,-212600000,-90700000,-78300000,66700000,55900000,12.86,14.83,10.88,0.3596,0.2391,1.6,8.69,36.48,0,0,0.106,0.6872,0.2772,0.86,0.16,2.4908
1995-09-30,265998635,1063994540,4,2348200000,1420000000,773400000,596200000,1574800000,0,0,0,177200000,493300000,145800000,145800000,0.52,0.51,0,189567000,-256498000,17096000,-49835000,145000000,51760000,11.41,13,9.81,0.2844,0.1856,1.48,8.58,34.84,0,0,0.1125,0.6706,0.2123,0.87,0.13,2.3818
1995-06-30,263477780,1053911120,4,2160113000,1271965000,763272000,582072000,1396841000,0,0,0,181200000,493712000,137704000,137704000,0.49,0.49,0,202327000,-115383000,-91110000,-4166000,194858000,30075000,9.16,10.05,8.27,0.274,None,1.33,7.27,30.41,0,0,0.1297,0.6467,0.2026,0.89,0.16,2.1852
1995-03-31,132344322,1058754576,8,2052411000,1168930000,715148000,533943000,1337263000,0,0,0,181205000,439366000,108624000,108624000,0.78,0.78,0,156306000,-109619000,-58986000,-12299000,199024000,24965000,7.95,8.84,7.06,0.258,None,1.26,6.63,27.77,0,0,0.1355,0.6516,0.1943,0.89,0.12,2.1892
1994-12-31,132491196,1059929568,8,1994147000,1115638000,719837000,536430000,1274310000,0,0,0,183407000,442866000,4785000,4785000,0.04,0.04,0,184085000,-211499000,-62792000,-90206000,211323000,37142000,6.89,7.42,6.36,None,None,1.2,5.56,None,0,0,0.1439,0.639,None,None,0.14,2.0797
1994-09-30,132909959,1063279672,8,1892475000,1119949000,570864000,385002000,1321611000,0,0,0,185862000,426355000,113956000,113956000,0.82,0.82,0,130438000,-13739000,-66733000,49966000,301529000,28034000,6.26,7.11,5.41,None,None,1.24,5.31,None,0,None,0.1406,0.6984,None,None,0.1,2.9089
1994-06-30,133416290,1067330320,8,1824552000,1061259000,567447000,381559000,1257105000,0,0,0,185888000,414685000,107464000,107464000,0.77,0.77,0,100687000,58392000,-55247000,103832000,251563000,28659000,5.16,5.9,4.42,None,None,1.18,4.57,None,0,None,0.1479,0.689,None,None,0.07,2.7814
1994-03-31,133008514,1064068112,8,1802808000,1062099000,601885000,418446000,1200923000,0,0,0,183439000,363998000,93460000,93460000,0.66,0.66,0,116680000,-24148000,-73306000,19226000,147731000,36978000,5.59,6.47,4.72,None,None,1.13,None,None,0,None,0.1527,0.6661,None,None,0.07,2.5382
