"Quarter end","Shares","Shares split adjusted","Split factor","Assets","Current Assets","Liabilities","Current Liabilities","Shareholders equity","Non-controlling interest","Preferred equity","Goodwill & intangibles","Long-term debt","Revenue","Earnings","Earnings available for common stockholders","EPS basic","EPS diluted","Dividend per share","Cash from operating activities","Cash from investing activities","Cash from financing activities","Cash change during period","Cash at end of period","Capital expenditures","Price","Price high","Price low","ROE","ROA","Book value of equity per share","P/B ratio","P/E ratio","Cumulative dividends per share","Dividend payout ratio","Long-term debt to equity ratio","Equity to assets ratio","Net margin","Asset turnover","Free cash flow per share","Current ratio"
2019-03-30,228685770,228685770,1,1809500000,909600000,1081200000,284700000,728300000,0,0,590400000,599400000,265200000,-4800000,-4800000,-0.02,-0.02,0,41200000,-7900000,400000,37700000,515800000,9300000,11.5,13.48,9.53,-0.0501,-0.0191,3.18,3.7,None,0,None,0.823,0.4025,None,0.59,0.14,3.1949
2018-12-29,227996418,227996418,1,1798200000,889900000,1088100000,297800000,710100000,0,0,594000000,594700000,306900000,13000000,13000000,0.06,0.06,0,41500000,-17100000,-155600000,-135200000,478100000,10700000,11,12.82,9.17,-0.0549,-0.0206,3.11,3.54,None,0,None,0.8375,0.3949,None,0.55,0.14,2.9882
2018-09-29,228422336,228422336,1,1888800000,1026200000,1179200000,429600000,709600000,0,0,557700000,589800000,268500000,-15300000,-15300000,-0.07,-0.07,0,27600000,107000000,-138400000,-11000000,613300000,10500000,10.74,11.55,9.93,-0.0768,-0.0287,3.11,3.38,None,0,None,0.8312,0.3757,None,0.48,0.07,2.3887
2018-06-30,226710621,226710621,1,2022600000,1152600000,1301900000,561200000,720700000,0,0,571400000,584700000,264000000,-28800000,-28800000,-0.12,-0.12,0,17500000,16500000,65800000,77100000,611400000,10600000,9.84,10.37,9.31,-0.0614,-0.0232,3.18,2.94,None,0,None,0.8113,0.3563,None,0.44,0.03,2.0538
2018-03-31,226315418,226315418,1,2007200000,1089500000,1248600000,690700000,758600000,0,0,609500000,393300000,219400000,-8700000,-8700000,-0.04,-0.04,0,13600000,-213100000,-33000000,-218800000,534300000,13500000,9.69,10.89,8.49,-0.0046,-0.0017,3.35,2.91,74.54,0,None,0.5185,0.3779,None,0.41,0,1.5774
2017-12-30,225924290,225924290,1,1958400000,1479700000,1205000000,680000000,753400000,0,0,214000000,389700000,201800000,-3700000,-3700000,-0.02,-0.02,0,23900000,-27800000,-38700000,-39600000,753100000,5100000,9.04,9.73,8.34,0.0406,0.0153,3.33,2.68,25.11,0,0,0.5173,0.3847,0.0394,0.39,0.08,2.176
2017-09-30,227421473,227421473,1,1957900000,1469100000,1191600000,667000000,766300000,0,0,220200000,524600000,195200000,-4800000,-4800000,-0.02,-0.02,0,11000000,-57200000,-174600000,-211700000,792700000,7500000,10.34,11.54,9.14,0.1109,0.0424,3.37,2.99,14.56,0,0,0.6846,0.3914,0.1057,0.4,0.02,2.2025
2017-07-01,227547102,227547102,1,2110500000,1667000000,1324100000,228800000,786400000,0,0,182700000,959200000,198100000,13700000,13700000,0.07,0.06,0,33800000,38800000,-43700000,40200000,1004400000,6700000,10.68,11.89,9.46,0.2209,0.0863,3.46,3.14,30.51,0,0,1.2197,0.3726,0.2057,0.42,0.12,7.2858
2017-04-01,226977290,226977290,1,2140700000,1697500000,1369500000,247000000,771200000,0,0,188300000,985900000,196000000,26000000,26000000,0.11,0.11,0,17300000,28800000,405100000,458500000,964200000,8700000,9.64,11.15,8.13,0.1167,0.0467,3.4,3.13,25.37,0,0,1.2784,0.3603,0.1019,0.46,0.04,6.8725
2016-12-31,230314179,230314179,1,1718800000,1274900000,1009400000,245000000,709400000,0,0,194100000,626300000,206500000,49200000,49200000,0.21,0.21,0,18600000,44500000,-13700000,31400000,505700000,7100000,7.88,8.76,6.99,0.1246,0.0533,3.08,2.4,41.47,0,0,0.8829,0.4127,0.108,0.49,0.05,5.2037
2016-10-01,230125643,230125643,1,1763200000,1298700000,1008400000,243000000,754800000,0,0,203900000,619300000,210800000,78000000,78000000,0.34,0.33,0,10300000,1600000,-22400000,-8600000,474300000,10200000,7.15,7.94,6.36,0.0627,0.0272,3.28,2.41,None,0,0,0.8205,0.4281,0.054,0.5,0,5.3444
2016-07-02,232298097,232298097,1,1683100000,1211700000,993800000,226400000,689300000,0,0,212000000,617000000,224100000,-67900000,-67900000,-0.3,-0.3,0,17900000,39300000,-3800000,45800000,482900000,7900000,6.56,7.2,5.93,-0.1303,-0.0562,2.97,1.83,None,0,None,0.8951,0.4095,None,0.51,0.04,5.352
2016-04-02,232516228,232516228,1,1824800000,1244100000,990400000,236500000,834400000,0,0,314700000,610500000,220400000,33800000,33800000,0.15,0.14,0,36300000,70500000,-2500000,108100000,437100000,5600000,5.81,6.94,4.68,-0.0826,-0.0376,3.59,1.73,None,0,None,0.7317,0.4573,None,0.58,0.13,5.2605
2016-01-02,231734846,231734846,1,1782400000,1199500000,1005800000,268700000,776600000,0,0,323700000,604000000,232100000,4000000,4000000,0.02,0.02,0,-1000000,24400000,-39900000,-21000000,329000000,1800000,6,6.56,5.45,-0.1266,-0.0595,3.35,1.91,None,0,None,0.7777,0.4357,None,0.65,-0.01,4.4641
2015-10-03,237324498,237324498,1,1770900000,1166900000,1026700000,285000000,744200000,0,0,332700000,597600000,229700000,-69100000,-69100000,-0.29,-0.29,0,-300000,110000000,-101500000,2100000,350000000,14200000,5.49,5.89,5.09,-0.1438,-0.0696,3.14,1.17,None,0,None,0.803,0.4202,None,0.71,-0.06,4.0944
2015-06-27,235325963,235325963,1,2217800000,1380100000,1116400000,375500000,1101400000,0,0,373500000,590700000,427700000,-40100000,-40100000,-0.17,-0.17,0,47800000,-7000000,6500000,48700000,347900000,32800000,12.75,13.65,11.85,-0.0779,-0.039,4.68,2.67,None,0,None,0.5363,0.4966,None,0.76,0.06,3.6754
2015-03-28,234147235,234147235,1,2191700000,1356900000,1072600000,336000000,1119100000,0,0,383400000,584500000,410700000,-13200000,-13200000,-0.06,-0.06,0,-22900000,39900000,-3100000,5600000,299200000,18300000,13.06,14.12,12,-0.0637,-0.032,4.78,2.67,None,0,None,0.5223,0.5106,None,0.75,-0.18,4.0384
2014-12-27,232684747,232684747,1,2295600000,1417000000,1157800000,402700000,1137800000,0,0,403200000,579300000,437100000,-25100000,-25100000,-0.11,-0.11,0,16600000,-26700000,-1300000,-17500000,293600000,23900000,12.8,14.25,11.35,-0.0519,-0.0264,4.89,2.54,None,0,None,0.5091,0.4956,None,0.74,-0.03,3.5187
2014-09-27,231853262,231853262,1,2327600000,1411800000,1160100000,409600000,1167500000,0,0,425000000,573500000,433600000,-9700000,-9700000,-0.04,-0.04,0,40800000,-12000000,-9400000,13900000,311100000,26500000,12.25,13.88,10.62,-0.0229,-0.0118,5.04,2.37,None,0,None,0.4912,0.5016,None,0.74,0.06,3.4468
2014-06-28,230029189,230029189,1,2351900000,1409500000,1164200000,408400000,1187700000,0,0,444800000,567700000,448600000,-25400000,-25400000,-0.11,-0.11,0,50200000,0,-67600000,-17300000,297200000,31700000,12.41,14.54,10.29,-0.0145,-0.0076,5.16,2.31,30.27,0,None,0.478,0.505,None,0.74,0.08,3.4513
2014-03-29,234708831,234708831,1,2381900000,1446900000,1120600000,387600000,1261300000,0,0,457000000,561900000,418000000,-1500000,-1500000,-0.01,-0.01,0,42500000,-209100000,7500000,-158900000,314500000,23800000,13.34,14.99,11.68,0.082,0.0458,5.37,2.51,44.47,0,0,0.4455,0.5295,0.0583,0.78,0.08,3.733
2013-12-28,233495093,233495093,1,2346500000,1623800000,1103600000,379800000,1242900000,0,0,270900000,556300000,447600000,8800000,8800000,0.04,0.04,0,54400000,-31800000,1900000,24100000,473400000,32000000,14.15,16.61,11.7,0.0629,0.0362,5.32,2.7,50.54,0,0,0.4476,0.5297,0.0432,0.84,0.1,4.2754
2013-09-28,232837321,232837321,1,2306900000,1619500000,1086600000,360800000,1220300000,0,0,256100000,518200000,429000000,300000,300000,0,0,0,29500000,-410900000,547800000,168300000,449300000,12300000,14.11,15.45,12.76,0.0612,0.0363,5.24,2.89,61.35,0,0,0.4246,0.529,0.0409,0.89,0.07,4.4886
2013-06-29,237534157,237534157,1,1715200000,1030300000,553900000,347700000,1161300000,0,0,264800000,32400000,421300000,92500000,92500000,0.39,0.38,0,57100000,125500000,-158500000,23300000,281000000,18400000,13.63,14.9,12.36,0.0527,0.0321,4.89,3.06,None,0,0,0.0279,0.6771,0.034,0.94,0.16,2.9632
2013-03-30,236562275,236562275,1,1762100000,1171000000,707000000,501200000,1055100000,0,0,282800000,34600000,405300000,-28000000,-28000000,-0.12,-0.12,0,28200000,-34700000,-39900000,-47800000,257700000,13400000,14.01,15.63,12.38,-0.0549,-0.0318,4.46,3.09,None,0,None,0.0328,0.5988,None,0.93,0.06,2.3364
2012-12-29,235145384,235145384,1,1812900000,1276700000,747700000,555200000,1065200000,0,0,215200000,35000000,429400000,4100000,4100000,0.02,0.02,0,59400000,-43300000,-44300000,-27100000,305500000,15500000,11.54,13.66,9.42,-0.0447,-0.0254,4.53,2.59,None,0,None,0.0329,0.5876,None,0.92,0.19,2.2995
2012-09-29,233951449,233951449,1,1823300000,1262600000,780900000,590700000,1042400000,0,0,237300000,35600000,420900000,-11600000,-11600000,-0.05,-0.05,0,43100000,-72500000,-41100000,-68500000,332600000,17800000,11.04,13.6,8.47,-0.0582,-0.0326,4.46,2.46,None,0,None,0.0342,0.5717,None,0.89,0.11,2.1375
2012-06-30,231916378,231916378,1,1869500000,1310200000,830700000,654100000,1038800000,0,0,247500000,35400000,439300000,-22200000,-22200000,-0.1,-0.1,0,37300000,-32300000,-15000000,-12900000,401100000,15300000,12.02,14.59,9.45,-0.0525,-0.0293,4.48,2.6,None,0,None,0.0341,0.5557,None,0.89,0.09,2.0031
2012-03-31,231518972,231518972,1,1920000000,1316200000,848800000,377100000,1071200000,0,0,290000000,338700000,409200000,-17400000,-17400000,-0.08,-0.08,0,13200000,-23100000,6800000,-1200000,414000000,16100000,12.8,14.93,10.68,-0.0226,-0.0126,4.63,2.76,98.46,0,None,0.3162,0.5579,None,0.89,-0.01,3.4903
2011-12-31,229841092,229841092,1,1915500000,1302900000,850900000,382600000,1064600000,0,0,299000000,333500000,412800000,-10200000,-10200000,-0.04,-0.04,0,45700000,-2100000,6400000,48300000,415200000,17500000,10.82,12.64,8.99,0.0302,0.0166,4.63,2.33,40.07,0,0,0.3133,0.5558,0.0181,0.92,0.12,3.4054
2011-10-01,229134241,229134241,1,1894100000,1267000000,829000000,366000000,1065100000,0,0,322800000,319900000,420800000,-5800000,-5800000,-0.03,-0.03,0,22900000,-48200000,-100000,-28500000,366900000,21200000,13.27,16.7,9.85,0.0637,0.0346,4.65,2.84,44.23,0,0,0.3003,0.5623,0.0361,0.96,0.01,3.4617
2011-07-02,228070114,228070114,1,1950700000,1304100000,885300000,418600000,1065400000,0,0,342800000,315200000,471800000,9300000,9300000,0.04,0.04,0,56000000,-70300000,300000,-12400000,395400000,38000000,18.79,22.06,15.51,0.0719,0.0384,4.67,4.11,69.59,0,0,0.2959,0.5462,0.0397,0.97,0.08,3.1154
2011-04-02,226980410,226980410,1,1914000000,1262700000,877200000,406400000,1036800000,0,0,363100000,281100000,454000000,38600000,38600000,0.17,0.16,0,52900000,-81800000,26100000,-800000,407800000,34100000,21.47,28.16,14.78,0.0667,0.0354,4.57,5.03,357.83,0,0,0.2711,0.5417,0.037,0.96,0.08,3.107
2011-01-01,224227792,224227792,1,1830700000,1212200000,873500000,414000000,957200000,0,0,382800000,276300000,473500000,23600000,23600000,0.11,0.1,0,60700000,-23200000,700000,38300000,408600000,28300000,12.44,14.63,10.24,0.0144,0.0077,4.27,3,None,0,0,0.2887,0.5229,0.0083,0.92,0.14,2.928
2010-10-02,222655775,222655775,1,1755300000,1121100000,832600000,373600000,922700000,0,0,405500000,271600000,405200000,100000,100000,0,0,0,35700000,-13000000,4000000,30100000,370300000,22700000,11,12.82,9.19,-0.0327,-0.0177,4.14,2.68,None,0,None,0.2944,0.5257,None,0.87,0.06,3.0008
2010-07-03,221589218,221589218,1,1703600000,1074600000,794900000,350900000,908700000,0,0,423400000,267100000,390900000,1500000,1500000,0.01,0.01,0,46900000,-136400000,-2200000,-93400000,340200000,15300000,11.75,13.82,9.67,-0.068,-0.0372,4.1,2.85,None,0,None,0.2939,0.5334,None,0.82,0.14,3.0624
2010-04-03,220208800,220208800,1,1643300000,1126700000,734000000,306400000,909300000,0,0,313400000,262700000,332300000,-11900000,-11900000,-0.05,-0.05,0,16300000,47600000,6100000,68800000,433600000,8400000,10.21,12.57,7.86,-0.1369,-0.0743,4.13,2.48,None,0,None,0.2889,0.5533,None,0.76,0.04,3.6772
2010-01-02,219177912,219177912,1,1647500000,1102100000,743400000,314700000,904100000,0,0,335200000,258400000,342900000,-19500000,-19500000,-0.09,-0.09,0,38900000,80600000,-3200000,116000000,364800000,11800000,7.01,8.51,5.52,-0.2188,-0.118,4.12,1.67,None,0,None,0.2858,0.5488,None,0.72,0.12,3.5021
2009-10-03,218133559,218133559,1,1647300000,1070000000,732800000,301600000,914500000,0,0,353900000,254100000,297800000,-31900000,-31900000,-0.15,-0.15,0,17100000,-57200000,300000,-38100000,248800000,5900000,6.38,7.9,4.85,-0.9653,-0.5138,4.19,1.61,None,0,None,0.2779,0.5552,None,0.71,0.05,3.5477
2009-06-27,217002671,217002671,1,1669800000,1108200000,809200000,309900000,860600000,0,0,330900000,325000000,276100000,-59500000,-59500000,-0.27,-0.27,0,17500000,15300000,0,34500000,286900000,7800000,4.73,6.22,3.25,-0.779,-0.4349,3.97,1.13,None,0,None,0.3776,0.5154,None,0.65,0.04,3.576
2009-03-28,215800267,215800267,1,1683200000,1111800000,777800000,284100000,905400000,0,0,348300000,325000000,280600000,-85200000,-85200000,-0.4,-0.4,0,30900000,-34800000,-27100000,-32500000,252400000,15600000,3.73,5.25,2.21,-0.6191,-0.3635,4.2,0.82,None,0,None,0.359,0.5379,None,0.61,0.07,3.9134
2008-12-27,215061307,215061307,1,1865000000,1205400000,891000000,334100000,974000000,0,0,415700000,375000000,357000000,-705300000,-705300000,-3.28,-3.28,0,11700000,51000000,-102000000,-43600000,284900000,16300000,5.34,8.47,2.21,-0.4701,-0.2859,4.53,0.67,None,0,None,0.385,0.5223,None,0.57,-0.02,3.6079
2008-09-27,214892985,214892985,1,2751600000,1312700000,1042600000,407200000,1709000000,0,0,1171300000,425000000,380700000,-16400000,-16400000,-0.08,-0.08,0,47300000,109300000,-91800000,62900000,328500000,15000000,10.08,11.9,8.26,-0.0172,-0.0106,7.95,1.19,None,0,None,0.2487,0.6211,None,0.53,0.15,3.2237
2008-06-28,214377670,214377670,1,2906100000,1429100000,1088700000,445400000,1817400000,0,0,1212300000,425000000,390300000,-29800000,-29800000,-0.14,-0.14,0,64500000,-36800000,-185400000,-157300000,265600000,17900000,13.12,15,11.23,-0.0119,-0.0073,8.48,1.55,None,0,None,0.2339,0.6254,None,0.51,0.22,3.2086
2008-03-29,229831973,229831973,1,3077200000,1537400000,1130800000,492600000,1946400000,0,0,1276500000,425000000,383900000,-6200000,-6200000,-0.03,-0.03,0,45800000,99100000,-64100000,82800000,422900000,14800000,12.09,14.11,10.06,-0.0054,-0.0032,8.47,1.48,None,0,None,0.2184,0.6325,None,0.49,0.13,3.121
2007-12-29,219531005,219531005,1,2986200000,1635900000,1190200000,557300000,1796000000,0,0,1106200000,425000000,399200000,21200000,21200000,0.1,0.09,0,50700000,-17900000,-70400000,-36600000,340100000,10000000,14.29,15.77,12.8,-0.0103,-0.0059,8.18,1.79,None,0,None,0.2366,0.6014,None,0.49,0.19,2.9354
2007-09-29,219469532,219469532,1,2992000000,1624600000,1238500000,299100000,1753500000,0,0,1118600000,733000000,356700000,-6900000,-6900000,-0.03,-0.03,0,36200000,9000000,-33100000,13800000,376700000,9000000,14.62,15.89,13.35,-0.0094,-0.0052,7.99,1.85,None,0,None,0.418,0.5861,None,0.47,0.12,5.4316
2007-06-30,219074199,219074199,1,3025300000,1660700000,1289800000,347900000,1735500000,0,0,1121500000,808000000,350700000,-17900000,-17900000,-0.08,-0.08,0,39900000,-61000000,-69200000,-89700000,362900000,11000000,14.75,16.98,12.51,-0.016,-0.0086,7.92,1.92,None,0,None,0.4656,0.5737,None,0.46,0.13,4.7735
2007-03-31,211655163,211655163,1,3064200000,1800500000,1435000000,396900000,1629200000,0,0,1022300000,881000000,361700000,-14200000,-14200000,-0.07,-0.07,0,27700000,25600000,-8700000,45200000,452600000,22000000,16.41,17.93,14.9,-0.0337,-0.0177,7.7,2.13,None,0,None,0.5408,0.5317,None,0.44,0.03,4.5364
2006-12-30,211189336,211189336,1,3091800000,1843900000,1463300000,401300000,1628500000,0,0,1001800000,900000000,366300000,23200000,23200000,0.11,0.1,0,10000000,125900000,900000,137500000,407400000,19400000,16.7,19.37,14.04,-0.0226,-0.0123,7.71,2.22,None,0,None,0.5527,0.5267,None,0.45,-0.04,4.5948
2006-09-30,211086059,211086059,1,3052500000,1797700000,1466000000,406400000,1586500000,0,0,1009600000,900000000,318100000,-17400000,-17400000,-0.08,-0.08,0,-16300000,-84100000,5000000,-95000000,269900000,23300000,18.8,21.2,16.4,-0.0637,-0.0359,7.52,2.51,None,0,None,0.5673,0.5197,None,0.45,-0.19,4.4235
2006-06-30,1688154805,211019350,0.125,3065100000,1805000000,1481500000,422400000,1583600000,0,0,1018700000,900000000,318200000,-45800000,-45800000,-0.02,-0.02,0,-800000,-382700000,419500000,37400000,364900000,52500000,25.84,33.04,18.64,-0.0948,-0.0559,7.5,3.35,None,0,None,0.5683,0.5167,None,0.45,-0.25,4.2732
2006-03-31,1684868570,210608571,0.125,2602800000,1326400000,979700000,356400000,1623100000,0,0,1036500000,468400000,314900000,3700000,3700000,0,0,0,-33600000,114100000,19800000,100400000,327500000,16800000,26.4,33.44,19.36,-0.164,-0.1021,7.71,3.48,None,0,None,0.2886,0.6236,None,0.43,-0.24,3.7217
2005-12-31,1676219240,209527405,0.125,2611400000,1324800000,1020500000,399900000,1590900000,0,0,1050000000,467800000,312900000,-42100000,-42100000,-0.03,-0.03,0,3000000,66400000,100000,69700000,227100000,-13300000,18.8,22.4,15.2,-0.1975,-0.1246,7.59,2.46,None,0,None,0.294,0.6092,None,0.39,0.08,3.3128
2005-10-01,1652410231,206551278,0.125,2545100000,1285600000,964100000,328900000,1581000000,0,0,1015500000,467200000,258300000,-67000000,-67000000,-0.04,-0.04,0,-49800000,-304500000,4700000,-349300000,161900000,11200000,14.84,17.76,11.92,-0.2002,-0.129,7.65,2.3,None,0,None,0.2955,0.6212,None,0.34,-0.3,3.9088
2005-06-30,1652154979,206519372,0.125,2080400000,1588200000,750700000,239800000,1329700000,0,0,285100000,466900000,170900000,-145700000,-145700000,-0.09,-0.09,0,-26100000,235100000,900000,209900000,511200000,22100000,12.08,13.28,10.88,-0.1805,-0.1183,6.44,1.52,None,0,None,0.3511,0.6392,None,0.32,-0.23,6.623
2005-03-31,1448136256,181017032,0.125,2184600000,1686900000,744100000,269400000,1440500000,0,0,287200000,466500000,166300000,-38600000,-38600000,-0.03,-0.03,0,-21600000,3000000,5100000,-12900000,301300000,-400000,18.92,25.04,12.8,-0.091,-0.0598,7.96,2.29,None,0,None,0.3238,0.6594,None,0.31,-0.12,6.2617
2004-12-31,1444685306,180585663,0.125,2255700000,1738500000,766500000,292400000,1489200000,0,0,292700000,465900000,180500000,-41000000,-41000000,-0.03,-0.03,0,-33400000,-47600000,1800000,-80200000,314200000,7600000,26.36,28.48,24.24,-0.0682,-0.0448,8.25,3.11,None,0,None,0.3129,0.6602,None,0.3,-0.23,5.9456
2004-09-30,1444008103,180501012,0.125,2315300000,1778500000,785700000,312200000,1529600000,0,0,298000000,465200000,194500000,-36000000,-36000000,-0.02,-0.02,0,-59800000,119400000,6200000,66900000,394400000,6500000,26.12,28.48,23.76,-0.0781,-0.0511,8.47,3,None,0,None,0.3041,0.6606,None,0.28,-0.37,5.6967
2004-06-30,1443264161,180408020,0.125,2421500000,1866000000,850400000,350300000,1571100000,0,0,286200000,464700000,174500000,-21600000,-21600000,-0.01,-0.01,0,-33100000,-235600000,1200000,-268500000,327500000,5900000,29.84,35.84,23.84,-0.0715,-0.0492,8.71,3.32,None,0,None,0.2958,0.6488,None,0.27,-0.22,5.3269
2004-03-31,1440159889,180019986,0.125,2464000000,1957600000,846800000,349900000,1617200000,0,0,243800000,464100000,161400000,-7300000,-7300000,-0.01,-0.01,0,-32400000,17400000,10300000,-4500000,596000000,2500000,38.44,45.84,31.04,-0.0948,-0.0682,8.98,4.3,None,0,None,0.287,0.6563,None,0.27,-0.19,5.5947
2003-12-31,1435996600,179499575,0.125,2453300000,1922700000,849200000,351300000,1604100000,0,0,246700000,463600000,152600000,-58500000,-58500000,-0.04,-0.04,0,7400000,-37300000,463300000,432500000,600500000,-8700000,28.6,32.16,25.04,-0.1714,-0.1287,8.94,3.07,None,0,None,0.289,0.6539,None,0.28,0.09,5.4731
2003-09-30,1434924489,179365561,0.125,2059000000,1432600000,389500000,353400000,1669500000,0,0,250600000,0,147400000,-28100000,-28100000,-0.02,-0.02,0,-77100000,-3600000,6500000,-73900000,168000000,30700000,28.2,33.6,22.8,-0.2586,-0.2022,9.31,3.03,None,0,None,0,0.8108,None,0.29,-0.6,4.0538
2003-06-30,1434259133,179282391,0.125,2137800000,1514600000,466700000,422800000,1671100000,0,0,254400000,0,160600000,-61600000,-61600000,-0.04,-0.04,0,-52500000,52100000,2800000,1200000,241900000,-8300000,28.56,34.24,22.88,-0.5263,-0.4102,9.32,2.99,None,0,None,0,0.7817,None,0.3,-0.25,3.5823
2003-03-31,1430179425,178772428,0.125,2209300000,1583000000,501600000,459300000,1707700000,0,0,250000000,0,165700000,-136800000,-136800000,-0.1,-0.1,0,-50900000,64500000,8700000,23700000,240700000,9800000,23.24,26.24,20.24,-0.9698,-0.768,9.55,2.31,None,0,None,0,0.773,None,0.3,-0.34,3.4465
2002-12-31,1415344055,176918006,0.125,2325100000,1660900000,545800000,503100000,1779300000,0,0,206600000,0,156600000,-214900000,-214900000,-0.15,-0.15,0,-60200000,42400000,600000,-18100000,217000000,2400000,20.12,27.28,12.96,None,-2.0706,10.06,1.83,None,0,None,0,0.7653,None,0.28,-0.35,3.3013
2002-09-30,1414643365,176830420,0.125,2433300000,1724300000,494100000,457200000,1939200000,0,0,212200000,0,193000000,-520500000,-520500000,-0.37,-0.37,0,-56400000,-125300000,8500000,-177300000,235100000,14900000,22.84,30.72,14.96,None,-1.7396,10.97,1.63,None,0,None,0,0.7969,None,0.21,-0.4,3.7714
2002-06-30,1414097002,176762125,0.125,3004500000,1857300000,533100000,482500000,2471400000,0,0,509700000,5500000,221700000,-1042500000,-1042500000,-0.81,-0.81,0,13700000,64100000,3500000,86900000,412400000,8900000,33.68,49.12,18.24,None,-1.296,13.98,1.69,None,0,None,0.0022,0.8226,None,0.16,0.03,3.8493
2002-03-31,1361580998,170197624,0.125,4057700000,2112400000,672800000,512700000,3384900000,0,0,975300000,600000,261800000,-4340900000,-4340900000,-3.19,-3.19,0,9800000,90800000,10300000,110200000,325500000,27100000,59.48,80.16,38.8,None,-2.2157,19.89,1.31,None,0,None,0.0002,0.8342,None,0.16,-0.1,4.1201
2001-12-29,1357311581,169663947,0.125,8978700000,2455000000,1278800000,702300000,7699900000,0,0,5142600000,5700000,286100000,-2130500000,-2130500000,-1.6,-1.6,0,-4900000,-58100000,-12800000,-75400000,215300000,31100000,74.08,98.08,50.08,None,-4.0879,45.38,1.29,None,0,None,0.0007,0.8576,None,0.15,-0.21,3.4957
2001-09-29,1327696241,165962030,0.125,10928400000,2832100000,1395900000,762000000,9532500000,0,0,6564200000,10700000,328600000,-1224400000,-1224400000,-0.93,-0.93,0,67100000,-569500000,31300000,-472100000,290700000,55600000,73.24,103.68,42.8,None,-3.1167,57.44,1.13,None,0,None,0.0011,0.8723,None,0.15,0.07,3.7167
2001-06-30,1324211931,165526491,0.125,12245400000,3036300000,1538900000,848500000,10706500000,0,0,7045600000,12800000,601100000,-12362000000,-12362000000,-9.4,-9.4,0,64700000,500100000,12100000,576900000,762800000,171500000,154.12,228.24,80,None,-2.5793,64.68,1.15,None,0,None,0.0012,0.8743,None,0.15,-0.65,3.5784
2001-03-31,1316222901,164527862,0.125,24174900000,3503700000,2040500000,1119400000,22134400000,0,0,18348600000,23600000,920100000,-41847900000,-41847900000,-36.63,-36.63,0,-167500000,-174700000,76100000,-293400000,136700000,236000000,325.52,511.04,140,None,-1.7466,134.53,1.7,None,0,None,0.0011,0.9156,None,0.12,-2.45,3.13
2000-12-30,972136594,121517074,0.125,24945200000,2397000000,1654300000,678900000,23290900000,0,0,20018300000,27200000,925100000,-895400000,-895400000,-0.93,-0.93,0,134000000,29400000,56600000,216800000,430100000,197100000,573.24,818.96,327.52,-0.1297,-0.1211,191.67,2.86,None,0,None,0.0012,0.9337,None,0.12,-0.52,3.5307
2000-09-30,961537397,120192174,0.125,25668000000,2138400000,1582900000,575900000,24085100000,0,0,21082000000,31300000,786500000,-1016600000,-1016600000,-1.07,-1.07,0,22000000,-355300000,246300000,-105700000,213300000,127900000,922.52,1087.52,757.52,-0.1191,-0.1109,200.39,4.46,None,0,None,0.0013,0.9383,None,0.12,-0.88,3.7131
2000-06-30,957820638,119727579,0.125,26389100000,1972900000,1610500000,647200000,24778600000,0,0,22337800000,41000000,524000000,-418700000,-418700000,-0.57,-0.57,0,87900000,102200000,-9300000,180800000,319000000,126100000,831.76,1031.52,632,-0.0885,-0.0818,206.96,11.36,None,0,None,0.0017,0.939,None,0.13,-0.32,3.0484
2000-03-31,782051743,97756467,0.125,7943500000,1464600000,785200000,307800000,7158300000,0,0,5827600000,0,394600000,-240900000,-240900000,-0.32,-0.32,0,92200000,-109600000,23300000,5900000,138200000,77500000,885.64,1172.24,599.04,-0.138,-0.1239,73.23,16.91,None,0,None,0,0.9012,None,0.18,0.15,4.7583
1999-12-31,356121033,89030258,0.25,5186400000,1228300000,524900000,222300000,4661500000,0,0,3690400000,0,281700000,-131200000,-131200000,-0.38,-0.38,0,61600000,-450700000,25800000,-363300000,132300000,41500000,449.68,668.88,230.48,-0.1323,-0.1184,52.36,9.12,None,0,None,0,0.8988,None,0.19,0.23,5.5254
1999-09-30,173719245,86859622,0.5,4745400000,1218700000,461100000,148800000,4284300000,0,0,3311300000,0,230100000,-113900000,-113900000,-0.68,-0.68,0,39400000,-361500000,742300000,420200000,495600000,34900000,195.08,233.12,157.04,-0.1371,-0.1222,49.32,5.02,None,0,None,0,0.9028,None,0.19,0.05,8.1902
1999-06-30,186270050,93135025,0.5,4096097000,463575000,476850000,148815000,3619247000,0,0,3444215000,0,87134000,-194376000,-194376000,-0.49,-0.49,0,26537000,22596000,2166000,51299000,75418000,14162000,134.84,167.19,102.5,-0.1496,-0.1316,38.86,16.25,None,0,None,0,0.8836,None,0.22,0.13,3.1151
1999-03-31,40400601,40400601,1,382872000,201905000,47557000,39928000,335315000,0,0,93540000,0,74502000,12770000,12770000,0.32,0.29,0,10820000,-13723000,4891000,1988000,31319000,13504000,89.31,115.13,63.5,-0.2495,-0.213,8.3,11.49,None,0,None,0,0.8758,None,0.71,-0.07,5.0567
1998-12-31,40399101,40399101,1,367275000,189555000,53229000,46163000,314046000,0,0,100504000,0,63772000,2401000,2401000,0.06,0.06,0,14200000,-19857000,3509000,-2148000,29331000,10414000,51.86,69.34,34.38,-0.3049,-0.2577,7.77,6.61,None,0,None,0,0.8551,None,0.72,0.09,4.1062
1998-09-30,38737885,38737885,1,352949000,179384000,48699000,42194000,304250000,0,0,104098000,0,57420000,8148000,8148000,0.21,0.19,0,15389000,-29314000,4879000,-9046000,31479000,8542000,50.31,63,37.63,-0.3643,-0.3075,7.85,8.92,None,0,None,0,0.862,None,0.76,0.18,4.2514
1998-06-30,38647120,38647120,1,269343000,165025000,51442000,45776000,217901000,0,0,43679000,0,48906000,-96396000,-96396000,-2.61,None,0,12105000,-17635000,-170000,-5700000,39801000,5882000,51.81,63,40.63,-0.4457,-0.3756,5.64,10.06,74.01,0,None,0,0.809,None,0.81,0.16,3.6051
1998-03-31,34913445,34913445,1,212358000,155048000,32644000,29483000,179714000,0,0,9946000,0,45488000,8418000,8418000,0.24,0.23,0,12986000,480000,1727000,15193000,45501000,6921000,38.67,44.16,33.19,0.147,0.1256,5.15,8.02,None,0,0,0,0.8463,0.1508,0.83,0.17,5.2589
1997-12-31,34705506,34705506,1,195090000,142760000,27703000,25060000,167387000,0,0,10586000,0,42934000,663000,663000,0.02,0.02,0,15153000,-18366000,1051000,-2162000,30308000,7561000,37.5,46.5,28.5,-0.1216,-0.1035,4.82,7.91,None,0,None,0,0.858,None,0.79,0.22,5.6967
1997-09-30,17191989,34383978,2,187006000,140855000,24058000,21447000,162948000,0,0,10931000,0,38473000,6203000,6203000,0.34,None,0,9775000,-2702000,-3789000,3284000,32470000,3667000,34.56,40.19,28.94,-0.1053,None,4.74,7.93,None,0,None,0,0.8714,None,0.68,0.18,6.5676
1997-06-30,17181518,34363036,2,177579000,133715000,27802000,25327000,149777000,0,0,10969000,0,33893000,8957000,8957000,0.56,None,0,12648000,-9080000,1350000,4918000,29186000,3154000,23.93,30.31,17.56,-0.1232,None,4.36,5.88,None,0,None,0,0.8434,None,0.6,0.28,5.2795
1997-03-31,16678086,33356172,2,163621000,122856000,27876000,26156000,135745000,0,0,11652000,0,26928000,-34547000,-34547000,-2.08,None,0,3160000,-6828000,942000,-2726000,24268000,0,20.33,24.75,15.91,None,None,4.07,4,None,0,None,0,0.8296,None,None,0.09,4.697
1996-12-31,16611968,33223936,2,188136000,156016000,19248000,19116000,168888000,0,0,7748000,0,22683000,3136000,3136000,0.18,None,0,3965000,-11689000,1268000,-6456000,26994000,0,25.19,29.75,20.63,None,None,5.08,5.18,None,0,None,0,0.8977,None,None,0.12,8.1615
1996-09-30,16241709,32483418,2,178824000,148698000,20939000,20679000,157885000,0,0,8017000,0,23462000,3600000,3600000,0.21,None,0,1694000,-21063000,356000,-19013000,33450000,2445000,15.66,21.13,10.19,None,None,4.86,3.32,None,0,None,0,0.8829,None,None,-0.02,7.1908
1996-06-30,16218582,32437164,2,173824000,127026000,20619000,13583000,153205000,0,0,8894000,6061000,None,None,None,None,None,0,None,None,None,None,52463000,0,13.53,17.75,9.31,None,None,4.72,None,None,0,None,0.0396,0.8814,None,None,None,9.3518
