"Quarter end","Shares","Shares split adjusted","Split factor","Assets","Current Assets","Liabilities","Current Liabilities","Shareholders equity","Non-controlling interest","Preferred equity","Goodwill & intangibles","Long-term debt","Revenue","Earnings","Earnings available for common stockholders","EPS basic","EPS diluted","Dividend per share","Cash from operating activities","Cash from investing activities","Cash from financing activities","Cash change during period","Cash at end of period","Capital expenditures","Price","Price high","Price low","ROE","ROA","Book value of equity per share","P/B ratio","P/E ratio","Cumulative dividends per share","Dividend payout ratio","Long-term debt to equity ratio","Equity to assets ratio","Net margin","Asset turnover","Free cash flow per share","Current ratio"
2019-03-31,148828469,148828469,1,6283769000,None,4222302000,None,1883636000,177831000,125000000,0,3929023000,230235000,274133000,271568000,1.88,1.88,0.46,81617000,252404000,-208227000,125794000,198389000,-250982000000,46.48,50.89,42.06,0.4963,0.1359,11.82,4.39,11.09,37.58,0.2881,2.2341,0.2799,0.8866,0.15,1686.93,None
2018-12-31,148766616,148766616,1,6190004000,None,4325072000,None,1699419000,165513000,125000000,37800000,4075665000,232022000,7407000,5226000,0.03,0.04,0.38,93462000,-117276000,-7890000,-31704000,72595000,-117684000,44.69,47.66,41.73,0.3973,0.1059,10.58,3.48,7.67,37.12,0.3583,2.5887,0.2543,0.6752,0.15,1.42,None
2018-09-30,155644246,155644246,1,6185021000,None,3889571000,None,2125682000,169768000,125000000,0,3646789000,242481000,569991000,567029000,3.62,3.61,0.38,117300000,532809000,-684750000,-34641000,104299000,-493405000,43.04,44.9,41.18,0.5558,0.1473,12.85,4.54,18.47,36.74,0.2577,1.8228,0.3235,0.9175,0.16,3.92,None
2018-06-30,157351428,157351428,1,6544356000,None,4788239000,None,1614941000,141176000,125000000,0,4261209000,250187000,5037000,2817000,0.02,0.02,0.38,104303000,-122059000,17665000,-91000,138940000,83688000,40.61,42.69,38.54,0.2466,0.0595,9.47,4.14,16.85,36.36,0.6397,2.86,0.2277,0.3611,0.16,0.13,None
2018-03-31,157350160,157350160,1,6255290000,None,4491265000,None,1670190000,93835000,125000000,0,4254845000,247720000,83792000,81525000,0.52,0.52,0.38,81323000,-171628000,86795000,-3510000,139031000,166760000,40.89,43.82,37.97,0.2607,0.0625,9.82,4.18,20.86,35.98,0.6089,2.7536,0.247,0.3744,0.16,-0.54,None
2017-12-31,157330262,157330262,1,6079040000,None,4321750000,None,1663144000,94146000,125000000,37800000,4088911000,255229000,264389000,262097000,1.68,1.68,0.36,109114000,288843000,-376852000,21105000,76786000,-298113000,44.27,45.64,42.9,0.2116,0.0513,9.78,5.23,33.54,35.6,0.7372,2.6583,0.253,0.3052,0.16,2.59,None
2017-09-30,157023314,157023314,1,6169338000,None,4632112000,None,1454186000,83040000,125000000,0,4390522000,254635000,19635000,17430000,0.11,0.11,0.36,109012000,-96985000,-20108000,-8081000,55681000,91476000,44.3,46.72,41.87,0.1395,0.0348,8.46,5.08,34.61,35.24,1.0708,3.3032,0.2155,0.2068,0.16,0.11,None
2017-06-30,157022720,157022720,1,6199202000,None,4619566000,None,1494502000,85134000,125000000,0,4300000000,249092000,18052000,15843000,0.1,0.1,0.36,107497000,-90916000,-17893000,-1312000,63762000,88696000,43.66,45.12,42.19,0.1302,0.034,8.72,4.39,16.86,34.88,1.0805,3.1398,0.2209,0.2017,0.16,0.12,None
2017-03-31,157022248,157022248,1,6187440000,None,4249457000,None,1688136000,249847000,125000000,0,4000000000,246481000,13698000,11491000,0.07,0.07,0.36,68516000,-86238000,21552000,3830000,65074000,82782000,44.85,46.86,42.84,0.2537,0.0669,9.95,4.22,16.8,34.52,0.5216,2.559,0.2526,0.4076,0.16,-0.09,None
2016-12-31,157017376,157017376,1,6232818000,None,4184651000,None,1793903000,254264000,125000000,40668000,3884632000,249493000,164407000,162000000,1.04,1.04,0.33,101268000,136488000,-224420000,13336000,61244000,-121779000,42.67,45.45,39.88,0.266,0.069,10.63,4.3,20.71,34.16,0.4954,2.3277,0.2678,0.4195,0.16,1.42,None
2016-09-30,156887997,156887997,1,6293847000,None,4363039000,None,1682907000,247901000,125000000,0,4055541000,248904000,15513000,11176000,0.07,0.07,0.33,99691000,-79550000,-27458000,-7317000,47908000,371687000,45.56,47.91,43.22,0.2122,0.054,9.93,4.43,21.59,33.83,0.6269,2.6032,0.2475,0.3249,0.16,-1.73,None
2016-06-30,156613451,156613451,1,6274228000,None,4269189000,None,1771156000,233883000,159126000,0,3955638000,251218000,224433000,221382000,1.42,1.41,0.33,102812000,-89140000,-22901000,-9229000,55225000,-199975000,41.65,44.16,39.14,0.2217,0.0552,10.29,4.52,38.21,33.5,0.597,2.4538,0.2569,0.3339,0.16,1.93,None
2016-03-31,156605152,156605152,1,6142213000,None,4320947000,None,1603162000,218104000,159126000,0,3917590000,246239000,26057000,23223000,0.15,0.15,0.33,73953000,-65571000,5283000,13665000,64454000,71739000,38.44,41.91,34.97,0.1167,0.0294,9.22,4.12,25.29,33.17,1.1332,2.7129,0.2351,0.1727,0.16,0.01,None
2015-12-31,156599775,156599775,1,6144194000,None,4380289000,None,1622391000,141514000,159126000,43900000,3873160000,245875000,69656000,66639000,0.43,0.43,0.3,101447000,44822000,-140721000,5548000,50789000,-75915000,38.36,40.83,35.88,0.1618,0.0402,9.34,4.16,28.41,32.84,0.7821,2.6469,0.2382,0.2405,0.16,1.13,None
2015-09-30,156423545,156423545,1,6217662000,None,4468898000,None,1601690000,147074000,159126000,0,3935899000,246387000,21925000,19179000,0.12,0.12,0.3,101140000,-131871000,29137000,-1594000,45241000,-4239000,37.57,40.43,34.71,0.152,0.0354,9.22,4,18.06,32.54,0.8668,2.7284,0.232,0.2103,0.16,0.67,None
2015-06-30,156281519,156281519,1,6157694000,None,4339609000,None,1628910000,189175000,159126000,0,3866007000,244783000,63869000,60804000,0.39,0.39,0.3,92653000,-104291000,-106017000,-117655000,46835000,107191000,38.09,39.66,36.52,0.2484,0.0532,9.4,4.09,17.31,32.24,0.5441,2.6303,0.2387,0.3181,0.16,-0.09,None
2015-03-31,156278378,156278378,1,6215453000,None,4380827000,None,1615527000,219099000,159126000,0,3888284000,244265000,93260000,89344000,0.58,0.58,0.28,64651000,20443000,50425000,135519000,164490000,-20763000,39.07,41.55,36.59,0.2896,0.0555,9.32,5.86,18.97,31.94,0.4931,2.6698,0.2343,0.3321,0.16,0.55,None
2014-12-31,156277762,156277762,1,6097028000,None,4654923000,None,1227735000,214370000,186126000,45100000,4135139000,242178000,39252000,36270000,0.25,0.26,0.26,88035000,-101997000,13747000,-215000,28971000,166331000,35.08,38.53,31.62,0.303,0.0511,6.67,4.92,13.29,31.66,0.5151,3.97,0.1708,0.305,0.16,-0.5,None
2014-09-30,146205371,146205371,1,5937463000,None,4493908000,None,1228251000,215304000,186126000,0,3962236000,246843000,128028000,124706000,0.86,0.85,0.26,89110000,176988000,-270738000,-4640000,29186000,-112560000,33.19,34.87,31.51,0.4044,0.0651,7.13,5.08,14.75,31.4,0.386,3.8021,0.1755,0.408,0.16,1.38,None
2014-06-30,146188496,146188496,1,6078665000,None,4728855000,None,1140102000,209708000,186126000,0,4206202000,246418000,77042000,75010000,0.51,0.51,0.26,89478000,-15224000,-78830000,-4576000,33826000,-49480000,30.85,32.76,28.95,0.365,0.0538,6.53,4.87,17.04,31.14,0.4457,4.4091,0.1569,0.3435,0.15,0.95,None
2014-03-31,146099689,146099689,1,6083152000,None,4901701000,None,983096000,198355000,58114000,0,4394823000,248924000,64927000,64234000,0.44,0.44,0.26,54801000,-46089000,-26061000,-17349000,38402000,7030000,28.4,31.28,25.52,0.3073,0.0424,6.33,4.61,20.29,30.88,0.5444,4.7513,0.1521,0.2717,0.15,0.33,None
2013-12-31,146099061,146099061,1,6079413000,None,4906669000,None,967457000,205287000,68114000,49000000,4388185000,204427000,123218000,122248000,0.84,0.84,0.24,77473000,364351000,-453695000,-11871000,55751000,-159111000,27.2,29.62,24.78,0.2456,0.0326,6.16,4.87,26.41,30.62,0.688,4.8793,0.1479,0.2091,0.15,1.62,None
2013-09-30,145916439,145916439,1,6489506000,None,5394346000,None,882147000,213013000,68114000,0,4829521000,254514000,67232000,66268000,0.46,0.46,0.24,75097000,-32390000,-22008000,20699000,67622000,7590000,29.36,31.76,26.95,0.1832,0.0238,5.58,5.47,39.68,30.38,0.8978,5.9328,0.1254,0.1509,0.15,0.46,None
2013-06-30,145906799,145906799,1,6470715000,None,5407657000,None,851371000,211687000,68114000,0,4843547000,259662000,10948000,10107000,0.07,0.07,0.24,124134000,-193200000,66431000,-2635000,46923000,92242000,30.38,33.44,27.31,0.1318,0.0193,5.37,5.41,45.34,30.14,1.1948,6.1839,0.121,0.107,0.16,0.22,None
2013-03-31,145906270,145906270,1,6370393000,None,5261794000,None,888380000,220219000,68114000,0,4713460000,255450000,5892000,5050000,0.03,0.03,0.24,48892000,-73569000,-10178000,-34855000,49558000,63166000,28.95,30.85,27.04,0.1201,0.0208,5.62,4.98,52.64,29.9,1.2217,5.7463,0.1288,0.0964,0.15,-0.1,None
2012-12-31,145820892,145820892,1,6401380000,None,5246486000,None,915425000,239469000,68114000,34700000,4688447000,221078000,68926000,68069000,0.47,0.47,0.2,74530000,75445000,-168077000,-18102000,84413000,-117861000,25.59,27.13,24.05,0.1249,0.0198,5.81,4.61,None,29.66,1.2942,5.5333,0.1324,0.0795,0.15,1.32,None
2012-09-30,145544888,145544888,1,6565388000,None,5462410000,None,875672000,227306000,68114000,0,4688447000,267448000,38781000,24163000,0.17,0.17,0.2,90265000,65560000,-366274000,-210449000,102515000,-50422000,26.91,28.3,25.52,-0.0183,0.0074,5.55,5.01,None,29.46,None,5.8057,0.123,None,0.15,0.97,None
2012-06-30,145544200,145544200,1,6947106000,None,5577884000,None,1147640000,221582000,366216000,0,5090443000,270872000,22800000,523000,0,0,0.18,103560000,-22372000,148542000,229730000,312964000,25602000,26.58,27.98,25.17,-0.1269,0.0015,5.37,16.51,None,29.26,None,6.5143,0.1125,None,0.15,0.54,None
2012-03-31,121351694,121351694,1,6823630000,None,5742722000,None,862019000,218889000,667152000,0,5201195000,273799000,1949000,-10609000,-0.09,-0.09,0.18,48472000,-6966000,-49338000,-7832000,83234000,17703000,24.32,26.44,22.19,-0.3085,-0.0051,1.61,11.75,None,29.08,None,26.691,0.0286,None,0.15,0.25,None
2011-12-31,121143631,121143631,1,6871862000,None,5727188000,None,908329000,236345000,657114000,38300000,5172320000,230586000,-12934000,-23410000,-0.19,-0.19,0.12,82438000,58738000,-125941000,15235000,91066000,-56051000,23.67,27.26,20.08,-0.3368,-0.0081,2.07,9.7,None,28.9,None,20.5892,0.0366,None,0.15,1.14,None
2011-09-30,120916144,120916144,1,7042702000,None,5841588000,None,951312000,249802000,656015000,0,5233525000,281410000,-1442000,-14801000,-0.12,-0.12,0.12,81173000,15294000,-105960000,-9493000,75831000,20010000,25.02,28.12,21.92,-0.3469,-0.0091,2.44,9.41,None,28.78,None,17.7229,0.0419,None,0.15,0.51,None
2011-06-30,120802584,120802584,1,7164972000,None,5923636000,None,979300000,262036000,657601000,0,5369624000,281035000,-23451000,-33177000,-0.28,-0.28,0.12,67528000,-32518000,-31046000,3964000,85324000,-33686000,26.09,27.67,24.5,-0.3511,-0.0108,2.66,8.73,None,28.66,None,16.6915,0.0449,None,0.15,0.84,None
2011-03-31,119510455,119510455,1,7261832000,None,5984833000,None,1014440000,262559000,657601000,0,5440579000,286553000,-19260000,-31773000,-0.27,-0.27,0.12,27680000,-1020000,-56625000,-29965000,81360000,8222000,24.85,26.33,23.38,-0.2811,-0.0085,2.99,7.55,None,28.54,None,15.2466,0.0491,None,0.15,0.16,None
2010-12-31,118131892,118131892,1,7378566000,None,6071794000,None,1046042000,260730000,657601000,0,5504801000,264665000,-21463000,-38383000,-0.33,-0.33,0.1,67331000,44850000,-145918000,-33737000,111325000,-26713000,23.73,26.24,21.22,-0.277,-0.0094,3.29,6.38,None,28.42,None,14.1715,0.0526,None,0.15,0.8,None
2010-09-30,117033718,117033718,1,7617072000,None,6154264000,None,1193770000,269038000,758601000,0,5542562000,292302000,-14922000,-28500000,-0.25,-0.25,0.1,79206000,-14832000,2370000,66744000,145062000,15211000,20.47,22.82,18.12,-0.1873,-0.0083,3.72,5,None,28.32,None,12.7366,0.0571,None,0.14,0.55,None
2010-06-30,117039285,117039285,1,7707801000,None,6254482000,None,1139738000,313581000,660500000,0,5643911000,294991000,-7825000,-17995000,-0.15,-0.15,0.1,84185000,47531000,-131273000,443000,78318000,-39515000,21.18,24.21,18.14,-0.1952,-0.0074,4.09,4.88,None,28.22,None,11.7768,0.0622,None,0.14,1.06,None
2010-03-31,116836257,116836257,1,7885080000,None,6269361000,None,1167289000,448430000,660500000,0,5718957000,292976000,-27518000,-40440000,-0.35,-0.35,0,26778000,8826000,-38989000,-3385000,77875000,11375000,17.09,19.17,15.01,-0.2013,-0.0072,4.34,3.46,None,28.12,None,11.2847,0.0643,None,0.14,0.13,None
2009-12-31,117140672,117140672,1,7906468000,None,6255109000,None,1239718000,411641000,660500000,0,5690310000,192343000,-14523000,-6733000,-0.05,-0.05,0.2,96441000,244426000,-366641000,-25774000,81260000,-212494000,14.45,17.09,11.8,-0.1824,-0.0075,4.94,2.82,None,28.12,None,9.8241,0.0733,None,0.14,2.64,None
2009-09-30,117001530,117001530,1,8474538000,None,6769640000,None,1260388000,444510000,660500000,0,6172596000,319346000,-9556000,-40490000,-0.35,-0.35,0.1,77970000,236481000,-319531000,-5080000,107034000,-244493000,11.63,15.91,7.36,-0.1707,-0.0046,5.13,2.09,15.65,27.92,None,10.2896,0.0708,None,0.14,2.76,None
2009-06-30,117042795,117042795,1,8841421000,None,7109841000,None,1311396000,420184000,660500000,0,6486805000,334798000,-7626000,-29921000,-0.26,-0.26,0.1,77175000,158246000,-216540000,18881000,112114000,-133340000,8.14,11.1,5.18,0.1228,0.0154,5.56,1.38,2.75,27.82,6.9888,9.966,0.0736,0.0704,0.14,1.8,None
2009-03-31,117104219,117104219,1,9082218000,None,7291898000,None,1384578000,405742000,696500000,0,6735169000,349276000,-32569000,-37696000,-0.33,-0.33,0,-17774000,-8899000,-179770000,-206443000,93233000,14740000,8.73,12.89,4.57,0.4581,0.0421,5.88,1.42,2.92,27.72,1.8531,9.7884,0.0758,0.2639,0.14,-0.28,None
2008-12-31,117298253,117298253,1,9403157000,None,7548091000,None,1418434000,436632000,696500000,0,6777121000,205557000,8171000,-5435000,-0.04,-0.04,3.17,86254000,408209000,-413834000,80629000,299676000,-414484000,25.34,43.67,7.01,0.4375,0.0414,6.15,3.33,8.93,27.72,1.8585,9.3875,0.0768,0.2481,0.15,4.27,None
2008-09-30,88650980,116860439,1.318208,9897215000,None,7801665000,None,1584666000,510884000,696500000,0,6865731000,395978000,175799000,163575000,1.82,1.81,2.81,94594000,462936000,-668646000,-111116000,219047000,-374952000,35.77,42.28,29.25,0.3879,0.0382,7.6,4.95,27.19,24.55,1.6821,7.7302,0.0897,0.2036,0.16,4.02,None
2008-06-30,85619144,120425727,1.406528,10326678000,None,8192885000,None,1593621000,540172000,723500000,0,7428090000,423781000,256039000,242369000,2.76,2.76,0.6,186382000,587258000,-606560000,167080000,330163000,-610492000,37.28,41.24,33.33,0.1623,0.0207,7.23,5.69,None,22.42,2.4487,8.5368,0.0843,0.0911,0.16,6.62,None
2008-03-31,89744322,126227905,1.406528,10551763000,None,8471778000,None,1550854000,529131000,723500000,0,7780964000,432602000,-24546000,-38754000,-0.43,-0.43,0,54251000,-113534000,11905000,-47378000,163083000,117472000,35.51,41.11,29.91,-0.0758,-0.0019,6.55,4.95,None,21.99,None,9.4046,0.0784,None,0.16,-0.5,None
2007-12-31,91736837,129030433,1.406528,10606532000,None,8301787000,None,1749704000,555041000,823500000,0,7531782000,420905000,-12285000,-26587000,-0.27,-0.27,2.97,133040000,17543000,-277616000,-127033000,210461000,160858000,29.54,34.94,24.15,-0.0282,0.0029,7.18,3.43,73.91,21.99,None,8.1319,0.0873,None,0.16,-0.22,None
2007-09-30,95581993,141093471,1.476151,10519010000,None,8079024000,None,2036991000,402995000,823500000,0,7371308000,431204000,-2341000,-21361000,-0.22,-0.22,0.6,129159000,-102178000,52486000,79467000,337494000,114464000,32.09,36.7,27.48,0.0397,0.012,8.6,3.16,143.54,19.88,3.0735,6.0745,0.1154,0.0335,0.16,0.1,None
2007-06-30,96740114,142803033,1.476151,10399641000,None,7708010000,None,2273459000,418172000,823500000,0,7158631000,438313000,19329000,2983000,0.03,0.03,0.6,118590000,-76625000,-41098000,867000,258027000,50107000,37.71,41.93,33.49,0.0208,0.0099,10.15,3.55,118.44,19.47,5.5528,4.9371,0.1394,0.0185,0.16,0.48,None
2007-03-31,97155000,143415467,1.476151,10306066000,None,7588149000,None,2347440000,370477000,823500000,0,7066733000,430762000,25208000,8860000,0.09,0.09,0,84747000,-110339000,52928000,27336000,257160000,133861000,42.61,46.77,38.45,0.0282,0.0114,10.63,4.05,62.28,19.06,3.9297,4.6371,0.1479,0.0263,0.16,-0.34,None
2006-12-31,97577459,144039081,1.476151,10289775000,None,7552287000,None,2339892000,397596000,823500000,0,6872753000,390307000,82499000,66111000,0.69,0.69,0.6,140500000,23401000,-116360000,47541000,229824000,-82817000,39.75,42.07,37.42,0.0585,0.0171,10.53,3.65,234.71,19.06,2.4377,4.5323,0.1474,0.0566,0.16,1.55,None
2006-09-30,96489995,142433820,1.476151,10221365000,None,7442232000,None,2373400000,405733000,823500000,0,6788975000,435671000,-24875000,-46531000,-0.48,-0.48,0.6,126839000,-56296000,-211723000,-141180000,182283000,57083000,35.06,39.07,31.05,0.0136,0.0107,10.88,2.93,66.35,18.66,12.6955,4.3803,0.1516,0.014,0.16,0.49,None
2006-06-30,97368818,143731095,1.476151,10392396000,None,7200772000,None,2716740000,474884000,997000000,0,6606819000,434959000,35092000,16058000,0.17,0.17,0.6,153014000,-25532000,-28346000,99136000,323463000,3258000,31.51,33.58,29.44,0.0423,0.0156,11.96,2.57,69.42,18.25,3.9156,3.8418,0.1655,0.0464,0.16,1.04,None
2006-03-31,97192104,143470239,1.476151,10365780000,None,7224339000,None,2653674000,487767000,897000000,0,6654284000,430057000,84071000,60017000,0.63,0.63,0.6,111926000,291467000,-340796000,62597000,224327000,-270138000,30.63,34.4,26.85,0.0358,0.0149,12.24,2.56,None,17.85,4.5223,3.788,0.1695,0.0409,0.15,2.66,None
2005-12-31,96566698,142547045,1.476151,10016751000,None,6865240000,None,2716103000,435408000,1010250000,0,6284243000,338674000,15032000,-6661000,-0.07,-0.07,1.2,77871000,206370000,-262147000,22094000,161730000,-207790000,25.31,26.96,23.66,-0.0093,0.0069,11.97,1.96,86.89,17.44,None,3.6839,0.1703,None,0.15,2,None
2005-09-30,95703852,141273354,1.476151,10263056000,None,6988001000,None,2834046000,441009000,1010250000,0,6291282000,393662000,26352000,4659000,0.05,0.05,0.6,96661000,82824000,-188628000,-9143000,139636000,-128003000,27.67,29.9,25.45,0.0209,0.0125,12.91,2.1,21.96,16.63,5.797,3.4496,0.1777,0.026,0.15,1.59,None
2005-06-30,95505965,140981243,1.476151,10421366000,None,7087815000,None,2869286000,464265000,1010250000,0,6499844000,398172000,27566000,5873000,0.06,0.06,0.6,78956000,-32207000,-17599000,29150000,148779000,6572000,26.27,27.98,24.55,0.0902,0.0259,13.19,1.95,22.55,16.22,1.3168,3.4964,0.1784,0.1155,0.15,0.51,None
2005-03-31,95286754,140657654,1.476151,10330494000,None,6955125000,None,2908609000,466760000,1010250000,0,6359206000,391015000,2032000,-20837000,-0.22,-0.22,0.6,102061000,-306948000,219173000,14286000,119629000,298665000,24.91,26.68,23.15,0.0827,0.0246,13.5,1.77,19.56,15.81,1.4262,3.3498,0.1838,0.1076,0.14,-1.4,None
2004-12-31,94877048,140052866,1.476151,10072241000,None,6580240000,None,3008160000,483841000,1041500000,0,5988372000,338183000,72275000,49778000,0.53,0.54,0.6,62885000,188042000,-268154000,-17227000,105343000,-176430000,25.02,26.59,23.44,0.09,0.0257,14.04,1.78,24.79,15.41,1.2997,3.0449,0.1953,0.1189,0.14,1.71,None
2004-09-30,94779399,139908721,1.476151,10184975000,None,6726354000,None,2958541000,500080000,991500000,0,6003100000,374114000,163208000,138541000,1.49,1.48,0.6,None,None,None,14502000,122570000,-380738000,22.96,25.03,20.9,0.072,0.0223,14.06,1.7,211.83,15,1.6117,3.0518,0.1931,0.0928,0.15,None,None
2004-06-30,94647874,139714570,1.476151,10359191000,None,7036403000,None,2842784000,480004000,955250000,0,6414088000,380192000,13986000,-7787000,-0.08,-0.08,0.6,124402000,-30342000,-93779000,2784000,90619000,37336000,19.63,21.34,17.92,0.0079,0.0103,13.51,1.41,45.99,14.59,14.5203,3.3981,0.1822,0.0103,0.15,0.62,None
2004-03-31,94123823,138940992,1.476151,10343408000,None,6855237000,None,2994412000,493759000,1055242000,0,6279957000,376426000,14028000,-5839000,-0.06,-0.06,0.6,41582000,-147821000,84979000,-9148000,88465000,130203000,22.42,24.39,20.45,0.0295,0.0148,13.96,1.54,47.96,14.19,4.1207,3.2385,0.1875,0.0395,0.15,-0.64,None
2003-12-31,93577271,138134199,1.476151,10113362000,None,6756852000,None,2860657000,495853000,855242000,0,6197907000,381657000,37169000,15481000,0.15,0.15,0.6,49121000,132293000,-197065000,-27120000,98129000,-152510000,25.42,28.49,22.36,0.0314,0.0155,14.52,1.72,107.21,13.78,4.0858,3.0906,0.1983,0.0431,0.15,1.46,None
2003-09-30,94210113,139068369,1.476151,10182929000,None,6881115000,None,2906795000,395019000,855242000,0,6334785000,377403000,40635000,13705000,0.15,0.15,0.6,None,None,None,21751000,126680000,-56996000,25.05,27,23.11,0.0161,0.0125,14.75,1.65,80.39,13.37,8.3763,3.0878,0.2015,0.0232,0.14,None,None
2003-06-30,94090189,138891343,1.476151,10234788000,None,6807340000,None,2992971000,434477000,885167000,0,6070104000,378408000,59230000,36424000,0.39,0.39,0.82,154989000,104247000,-260238000,-1002000,105915000,-100146000,24.89,26.97,22.81,0.0205,0.0131,15.18,1.6,111.34,12.97,6.8591,2.8798,0.2059,0.0305,0.14,1.84,None
2003-03-31,93830509,138508016,1.476151,10370582000,None,6835492000,None,3094502000,440588000,945012000,0,6280784000,378815000,21823000,-318000,0,0,0.82,116652000,25345000,-134633000,7364000,106917000,-16416000,25.01,26.55,23.47,0.0137,0.012,15.52,1.56,40.57,12.41,9.9946,2.922,0.2073,0.0211,0.14,0.96,None
2002-12-31,93804497,138469619,1.476151,10316601000,None,6702742000,None,3163387000,450472000,945012000,0,6233727000,347855000,6609000,-15483000,-0.19,-0.19,0.82,93046000,23532000,-104500000,12078000,99553000,-236712000,24.85,26.32,23.38,0.0353,0.0171,16.02,1.5,29.11,11.86,3.9188,2.81,0.215,0.0537,0.14,2.38,None
2002-09-30,93649333,138240573,1.476151,10111550000,None,6398987000,None,3230456000,482107000,945020000,0,5909493000,367049000,46345000,24253000,0.26,0.26,0.82,137351000,-556447000,445832000,26736000,87475000,543315000,29.83,33.49,26.16,0.052,0.0212,16.53,1.77,43.17,11.3,2.6997,2.5857,0.226,0.0742,0.15,-2.94,None
2002-06-30,91564622,135163224,1.476151,9449538000,None,5684634000,None,3263357000,501547000,986967000,0,5197100000,359296000,46033000,22138000,0.26,0.26,0.82,147048000,37328000,-230969000,-46593000,60739000,-64837000,33.07,34.86,31.28,0.0443,0.0202,16.84,2.26,56.11,10.75,3.2203,2.283,0.2409,0.0599,0.15,1.57,None
2002-03-31,81743242,120665383,1.476151,9674861000,None,6235482000,None,2897531000,541848000,1132982000,0,5592196000,331484000,70059000,44580000,0.59,0.58,0.82,119844000,-290790000,198278000,27332000,107332000,236238000,31.01,32.96,29.05,0.0398,0.0191,14.62,2.17,208.07,10.19,3.6453,3.1692,0.1824,0.0507,0.15,-0.96,None
2001-12-31,75415081,111324060,1.476151,8322536000,None,5125240000,None,2716390000,480906000,1124467000,101338000,4760842000,327959000,36788000,11901000,0.16,0.16,0.78,109518000,-145220000,46516000,10814000,80000000,82081000,29.8,31.54,28.07,0.0103,0.0132,14.3,2.01,183.29,9.63,13.6183,2.9906,0.1913,0.0131,0.16,0.25,None
2001-09-30,74280257,109648889,1.476151,8054785000,None,4810064000,None,2752135000,492586000,1124467000,106973000,4445161000,323801000,26111000,1770000,0.02,0.02,0.78,143916000,-51353000,-158770000,-66207000,69186000,36508000,31.44,33.32,29.56,0.0108,0.0127,14.84,2.05,110.5,9.11,12.3787,2.731,0.2021,0.0142,0.16,0.98,None
2001-06-30,74115146,109405160,1.476151,8081680000,None,4963373000,None,2679889000,438418000,1000967000,109313000,4589437000,323770000,30435000,8027000,0.11,0.11,0.78,155870000,7608000,-141824000,21654000,135393000,44983000,30.66,32.69,28.62,0.0182,0.0136,15.35,1.94,167.63,8.58,6.9901,2.7336,0.2077,0.0253,0.16,1.01,None
2001-03-31,73365985,108299285,1.476151,8137627000,None,4989408000,None,2714257000,433962000,1000967000,111539000,4601947000,322234000,14018000,-4677000,-0.07,-0.07,0.78,85153000,56955000,-185484000,-43376000,113739000,34952000,30.52,33.74,27.31,0.012,0.0119,15.82,1.94,88.34,8.05,10.2497,2.686,0.2105,0.0174,0.16,0.46,None
2000-12-31,71521685,105576819,1.476151,7699874000,None,4726530000,None,2501657000,471687000,837717000,0,4360115000,297537000,31238000,12898000,0.18,0.18,0.7,119179000,16045000,-84653000,50571000,157115000,-261742000,31.39,33.91,28.88,0.0221,0.0146,15.76,1.95,96.53,7.52,5.3974,2.6204,0.2161,0.0342,0.15,3.61,None
2000-09-30,71267359,105201396,1.476151,7156784000,None,4136718000,None,2528429000,491637000,837717000,0,3825203000,271079000,30236000,14508000,0.21,0.2,0.7,130274000,-365674000,251235000,15835000,106544000,353850000,31.53,33.45,29.6,0.0203,0.0147,16.07,2,132.98,7.05,5.6547,2.2625,0.2362,0.035,0.15,-2.13,None
2000-06-30,67590368,99773601,1.476151,6337567000,None,3726361000,None,2242215000,368991000,671250000,0,3351020000,258064000,11822000,-2778000,-0.04,-0.04,0.7,81354000,-88148000,-39387000,-46181000,90709000,60380000,28.11,30.65,25.57,0.0144,0.0145,15.75,1.74,78.29,6.57,7.6565,2.1331,0.2479,0.0295,0.14,0.21,None
2000-03-31,67163247,99143106,1.476151,6018509000,None,3372256000,None,2272684000,373569000,671250000,0,3007050000,224320000,25882000,11367000,0.17,0.17,0.7,69557000,-109204000,74933000,35286000,136890000,22436000,25.83,27.06,24.6,0.0216,0.018,16.15,1.58,103.05,6.1,4.8723,1.8777,0.2661,0.0544,0.13,0.48,None
1999-12-31,67096142,99044049,1.476151,5684951000,None,2878709000,None,2262828000,543414000,641250000,0,2584289000,184696000,24399000,9763000,0.14,0.15,0.62,90528000,-92044000,46917000,45401000,101604000,48203000,25.15,27.23,23.07,0.0149,0.0171,16.37,1.5,137.5,5.62,6.7627,1.5937,0.2852,0.0451,0.11,0.43,None
1999-09-30,66762742,98551900,1.476151,4507168000,None,1998381000,None,2297349000,211438000,641250000,0,1692888000,120398000,19487000,4851000,0.08,0.07,0.625,59002000,-147521000,93064000,4545000,56203000,78294000,27.08,28.88,25.28,0.0113,0.0158,16.8,1.59,102.5,5.2,9.3098,1.0222,0.3674,0.0363,0.11,-0.2,None
1999-06-30,65120767,96128097,1.476151,4400690000,None,1911542000,None,2273425000,215723000,641250000,0,1567095000,116237000,23117000,9124000,0.15,0.14,0.625,39305000,20654000,-46862000,13097000,51658000,25997000,26.89,29.85,23.92,0.0154,0.0165,16.98,1.6,90.21,4.78,6.7863,0.9601,0.3709,0.0467,0.11,0.14,None
1999-03-31,62045886,91589107,1.476151,4291747000,None,1918121000,None,2152613000,221013000,616250000,126716000,1608895000,112586000,13956000,336000,0.01,0.01,0.625,64422000,-62195000,-34971000,-32744000,38561000,15863000,25.95,28.2,23.71,0.0165,0.0154,16.77,2.13,44.54,4.36,6.2729,1.0472,0.358,0.0486,0.11,0.53,None
1998-12-31,61656837,91014812,1.476151,4268285000,None,2031169000,None,1902564000,334552000,792468000,128658000,1660715000,111439000,12630000,2417000,0.05,0.05,0.56,97589000,-142868000,72903000,27624000,71305000,104587000,22.82,25.32,20.32,0.0352,0.0204,12.2,1.43,30.62,3.93,2.9474,1.496,0.2601,0.1006,0.12,-0.08,None
1998-09-30,48131221,71048958,1.476151,3121949000,None,1420371000,None,1521527000,180051000,391250000,120503000,1275401000,104436000,16582000,8912000,0.19,0.19,0.5625,44987000,-84784000,34158000,-5639000,43681000,46636000,24.38,27.77,21,0.0461,0.0243,15.91,1.5,31.02,3.55,2.0456,1.1284,0.362,0.1428,0.13,-0.02,None
1998-06-30,48106837,71012964,1.476151,3054741000,None,1482486000,None,1394394000,177861000,240000000,122068000,1314475000,89928000,13620000,8651000,0.19,0.19,0.5625,-3823000,-53644000,70839000,13372000,49320000,42397000,25.88,27.02,24.73,0.0505,0.0241,16.26,1.72,31.06,3.17,1.935,1.1387,0.3779,0.1623,0.12,-0.65,None
1998-03-31,41180472,60788602,1.476151,2220471000,None,904328000,None,1155063000,161080000,240000000,123634000,811496000,71336000,21642000,17961000,0.44,0.43,0.5625,9661000,-47025000,36224000,-1140000,35948000,5043000,24.66,26.12,23.2,0.0595,0.0254,15.05,1.66,33.71,2.79,1.6971,0.8868,0.4121,0.1819,0.13,0.08,None
1997-12-31,41579876,61378183,1.476151,2100510000,None,906913000,None,1045300000,148297000,135000000,125239000,808530000,65923000,11818000,11818000,0.29,None,0.47,19597000,-402849000,374565000,-8687000,37088000,278112887,23.71,25.74,21.68,0.0522,0.0198,14.83,2.26,33.02,2.41,1.9717,0.8882,0.4334,0.144,0.13,-4.21,None
1997-09-30,35594939,52543511,1.476151,1608195000,None,849782000,None,627426000,130987000,75000000,0,661715000,47364000,6967000,6132000,0.25,None,0.4625,28400000,-206680000,202534000,24254000,45775000,40365113,21.79,24.52,19.06,0.0543,0.018,10.51,1.92,29.78,2.09,2.1904,1.1978,0.3435,0.1248,0.14,-0.23,None
1997-06-30,23153544,34178131,1.476151,1272890000,None,814422000,None,388477000,69991000,0,0,644457000,41679000,5264000,5264000,0.26,None,0.4625,-941000,-103131000,114062000,9990000,21521000,57705000,18.88,20.15,17.61,0.0634,None,11.37,1.75,25.81,1.78,1.8935,1.6589,0.3052,0.126,0.16,-1.72,None
1997-03-31,17597768,25976966,1.476151,816229000,None,475444000,None,280847000,59938000,0,0,0,38040000,4584000,4584000,0.28,None,0.46,25976000,-5003000,-22612000,-1639000,11531000,5003000,18.96,20.66,17.27,0.0691,None,10.81,2.25,26.91,1.47,1.8004,0,0.3441,0.1271,0.17,0.81,None
1996-12-31,17894970,26415681,1.476151,834813000,None,542761000,None,222889000,69163000,0,0,0,30124000,3633000,3633000,0.27,None,0.43,7941000,-76956000,81070000,12055000,13170000,43118000,16.77,19.23,14.31,None,None,8.44,1.84,None,1.16,1.8148,0,0.267,None,None,-1.33,None
1996-09-30,12842843,18957977,1.476151,531863000,None,316805000,None,172298000,42760000,0,0,0,24140000,3396000,3396000,0.27,None,0.425,5656000,6886000,-13755000,-1213000,1115000,-9779000,13.68,14.9,12.45,None,None,9.09,1.42,None,0.86,None,0,0.324,None,None,0.81,None
1996-06-30,12521878,18484184,1.476151,540117000,None,320533000,None,178059000,41525000,0,0,0,23801000,3145000,3145000,0.26,None,0.425,18338000,-8671000,-8781000,886000,2328000,8838000,13.34,14.23,12.45,None,None,9.63,1.41,None,0.58,None,0,0.3297,None,None,0.51,None
1996-03-31,11973832,17675186,1.476151,503699000,None,305450000,None,166673000,31576000,0,0,0,22451000,2810000,2810000,0.24,None,0.425,6871000,-9403000,1595000,-937000,713000,9236000,13.72,14.31,13.13,None,None,9.43,None,None,0.287911,None,0,0.3309,None,None,-0.13,None
