"Quarter end","Shares","Shares split adjusted","Split factor","Assets","Current Assets","Liabilities","Current Liabilities","Shareholders equity","Non-controlling interest","Preferred equity","Goodwill & intangibles","Long-term debt","Revenue","Earnings","Earnings available for common stockholders","EPS basic","EPS diluted","Dividend per share","Cash from operating activities","Cash from investing activities","Cash from financing activities","Cash change during period","Cash at end of period","Capital expenditures","Price","Price high","Price low","ROE","ROA","Book value of equity per share","P/B ratio","P/E ratio","Cumulative dividends per share","Dividend payout ratio","Long-term debt to equity ratio","Equity to assets ratio","Net margin","Asset turnover","Free cash flow per share","Current ratio"
2019-06-30,215066629,215066629,1,2947633000,2058625000,700442000,367105000,2247191000,0,0,360189000,17862000,529932000,105318000,105318000,0.49,0.48,0,152960000,-45147000,9010000,116539000,1417238000,47294000,80.83,89.3,72.36,0.1518,0.1126,10.45,8.31,69.68,0,0,0.0079,0.7624,0.1525,0.74,0.49,5.6077
2019-03-31,214438549,214438549,1,2754161000,1904500000,668594000,364515000,2085567000,0,0,365573000,17647000,497857000,102312000,102312000,0.48,0.47,0,155663000,-24563000,4487000,135713000,1300699000,18267000,75.43,88.83,62.03,0.1341,0.0981,9.73,8.38,150.86,0,0,0.0085,0.7572,0.1266,0.77,0.64,5.2248
2018-12-31,214048325,214048325,1,2645762000,1832254000,719795000,425277000,1925967000,0,0,370957000,17434000,528402000,69063000,69063000,0.32,0.31,0,83838000,-36097000,4063000,51798000,1164986000,25281000,63.79,70.58,57,0.0618,0.0444,9,7.53,None,0,0,0.0091,0.7279,0.0582,0.76,0.27,4.3084
2018-09-30,212808148,212808148,1,2519947000,1700359000,717048000,422489000,1802899000,0,0,376341000,17224000,449683000,29176000,29176000,0.14,0.14,0,199148000,-17876000,2437000,183671000,1113188000,24821000,68.13,74.81,61.45,-0.0643,-0.0459,8.47,8.36,None,0,None,0.0096,0.7155,None,0.75,0.82,4.0246
2018-06-30,212577449,212577449,1,2397157000,1598084000,664234000,368239000,1732923000,0,0,381725000,17016000,521516000,52394000,52394000,0.25,0.24,0,32403000,-3922000,5562000,34143000,929517000,10791000,72.52,84.8,60.23,-0.0606,-0.0436,8.15,9.44,None,0,None,0.0098,0.7229,None,0.74,0.1,4.3398
2018-03-31,211969163,211969163,1,2306012000,1469555000,677968000,381072000,1628044000,0,0,387110000,16811000,382282000,-41140000,-41140000,-0.19,-0.19,0,20838000,-28528000,2595000,-5060000,895374000,12590000,91.74,102.63,80.85,-0.1107,-0.0776,7.68,11.91,None,0,None,0.0103,0.706,None,0.71,0.04,3.8564
2017-12-31,211663861,211663861,1,2302582000,1504854000,671953000,375396000,1630629000,0,0,629395000,16608000,444156000,-149629000,-149629000,-0.7,-0.7,0,-89267000,-143002000,3725000,-228537000,899509000,25251000,105.61,118.32,92.91,-0.2328,-0.1581,7.7,12.68,None,0,None,0.0102,0.7082,None,0.78,-0.54,4.0087
2017-09-30,211037309,211037309,1,2374301000,1541322000,616551000,319935000,1757750000,0,0,640163000,23711000,381534000,36054000,36054000,0.17,0.17,0,53123000,-30839000,654011000,676292000,1128046000,34304000,123.95,140.11,107.79,-0.1483,-0.0493,8.33,24.84,None,0,None,0.0135,0.7403,None,0.78,0.09,4.8176
2017-06-30,205704731,205704731,1,1639443000,844803000,612608000,293161000,1026835000,0,0,662931000,23428000,326444000,-12484000,-12484000,-0.06,-0.06,0,116794000,-37318000,10491000,89931000,451754000,30499000,129.18,144.32,114.03,-0.2211,-0.0957,4.99,27.37,None,0,None,0.0228,0.6263,None,0.81,0.42,2.8817
2017-03-31,204774409,204774409,1,1607347000,819175000,641413000,304716000,965934000,0,0,673699000,41604000,384082000,-187083000,-187083000,-0.96,-0.96,0,-173638000,-138819000,21944000,-290520000,361823000,20967000,126.78,153.15,100.41,-0.2084,-0.0689,4.72,57.37,234.78,0,None,0.0431,0.6009,None,0.79,-0.95,2.6883
2016-12-31,189408381,189408381,1,1638597000,994178000,1219130000,273501000,419467000,0,0,426030000,651481000,326498000,74050000,8873000,0.04,0.05,0,94378000,-36012000,13872000,72244000,652343000,15872000,95.69,108.1,83.28,0.3172,0.0731,2.21,48.82,121.13,0,0,1.5531,0.256,0.0943,0.78,0.41,3.635
2016-09-30,188385146,188385146,1,1544195000,886660000,1174209000,240545000,369986000,0,0,431523000,643434000,269469000,-28300000,36877000,0.2,0.19,0,95271000,-9952000,7126000,92445000,580099000,16629000,85.2,94.29,76.11,0.5649,0.0673,1.96,53.92,224.21,0,0,1.7391,0.2396,0.1471,0.81,0.42,3.686
2016-06-30,188002918,188002918,1,1417975000,792130000,1120912000,198986000,297063000,0,0,424930000,635491000,246288000,34425000,34425000,0.18,0.18,0,17572000,-215281000,27763000,-169946000,487654000,82214000,78.2,87.71,68.69,0.3776,0.0664,1.58,64.63,312.8,0,0,2.1392,0.2095,0.0787,0.84,-0.34,3.9808
2016-03-31,187619384,187619384,1,1103942000,935581000,876194000,200319000,227748000,0,0,12298000,627642000,263464000,24047000,24047000,0.13,0.12,0,97535000,28757000,9884000,136176000,657615000,5562000,83.42,103.8,63.05,0.3606,0.0493,1.21,91.67,4171,0,0,2.7559,0.2063,0.057,0.86,0.49,4.6705
2015-12-31,187199761,187199761,1,1007440000,842375000,836285000,168007000,171155000,0,0,12279000,619893000,243881000,55178000,55178000,0.31,0.3,0,70009000,-4529000,10158000,75638000,521439000,6896000,None,None,None,None,0.007,0.91,None,None,0,0,3.6218,0.1699,0.0087,0.81,0.34,5.0139
2015-09-30,186001815,186001815,1,931932000,757914000,843195000,155823000,88737000,0,0,19169000,623928000,187611000,-39582000,-39582000,-0.22,-0.22,0,7723000,-15215000,13612000,6120000,445801000,13358000,111.41,133.62,89.21,None,-0.0963,0.48,359.39,1856.83,0,None,7.0312,0.0952,None,0.71,-0.03,4.8639
2015-06-30,180482542,180482542,1,930337000,732990000,875163000,192472000,55174000,0,0,15938000,617025000,162984000,9294000,9294000,0.05,0.05,0,13390000,-26691000,31160000,17859000,439681000,2196000,100.37,113.55,87.18,None,0.0156,0.31,None,None,0,0,11.1833,0.0593,0.0206,0.76,0.06,3.8083
2015-03-31,179042841,179042841,1,862624000,692145000,904037000,225595000,-41413000,0,0,19087000,610210000,159275000,-18359000,-18359000,-0.11,-0.11,0,-4586000,-58575000,32686000,-30475000,421822000,3553000,84.03,99,69.05,None,-0.0417,-0.23,None,None,0,None,None,None,None,0.74,-0.05,3.0681
2014-12-31,171765591,171765591,1,830069000,699214000,911697000,221515000,-81628000,0,0,15987000,603478000,123974000,-36944000,-36944000,-0.21,-0.21,0,44720000,-3518000,29097000,70299000,452297000,10535000,62.32,80.78,43.86,None,-0.0655,-0.48,None,None,0,None,None,None,None,0.69,0.2,3.1565
2014-09-30,168941857,168941857,1,785265000,662614000,874856000,124660000,-89591000,0,0,15739000,730213000,198147000,59293000,59293000,0.35,0.33,0,27787000,-58691000,6644000,-24260000,382004000,19224000,51.2,57.34,45.06,None,-0.0788,-0.53,None,None,0,None,None,None,None,0.7,0.05,5.3154
2014-06-30,168411943,168411943,1,679107000,577145000,850105000,112547000,-170998000,0,0,16514000,712215000,99582000,-36873000,-36873000,-0.22,-0.22,0,-14557000,-28543000,12779000,-30321000,406264000,19143000,49.32,58.34,40.3,None,-0.2327,-1.02,None,None,0,None,None,None,None,0.64,-0.2,5.128
2014-03-31,167627959,167627959,1,666826000,581170000,829248000,106944000,-162422000,0,0,17125000,695122000,89792000,-33957000,-33957000,-0.21,-0.21,0,-31694000,-47687000,44537000,-34844000,436585000,10469000,60.26,70.86,49.66,None,-0.2041,-0.97,None,None,0,None,None,None,None,0.75,-0.25,5.4343
2013-12-31,165536632,165536632,1,629568000,555799000,822676000,108042000,-193108000,0,0,0,661567000,97072000,-42870000,-42870000,-0.26,-0.26,0,-11689000,-19934000,230930000,199307000,471429000,21305000,42.74,52.47,33.01,None,-0.2014,-1.17,237.44,None,0,None,None,None,None,0.86,-0.2,5.1443
2013-09-30,161119554,161119554,1,357400000,333743000,328609000,109498000,28791000,0,0,0,187136000,85123000,-22037000,-22037000,-0.14,-0.14,0,-11950000,-1003000,26873000,13920000,272122000,789000,30.47,38.87,22.08,None,-0.0636,0.18,None,None,0,None,6.4998,0.0806,None,1.1,-0.08,3.0479
2013-06-30,153061917,153061917,1,334219000,313369000,362005000,102958000,-27786000,0,0,0,223817000,101675000,-2571000,-2571000,-0.02,-0.02,0,8081000,-15702000,9000,-7612000,258202000,553000,21.55,24.86,18.23,None,-0.0656,-0.18,None,None,0,None,None,None,None,1.08,0.05,3.0437
2013-03-31,135749206,135749206,1,330282000,309113000,493808000,121283000,-163526000,0,0,0,337513000,71077000,-15669000,-15669000,-0.12,-0.12,0,24738000,-758000,17777000,41757000,265814000,894000,21.14,25.29,17,None,-0.0459,-1.2,None,None,0,None,None,None,None,1.05,0.18,2.5487
2012-12-31,133896893,133896893,1,330419000,309514000,505376000,136074000,-174957000,0,0,0,331076000,113846000,18779000,18779000,0.15,0.14,0,-22008000,-500000,7482000,-15026000,224057000,930000,17.03,18.63,15.43,None,-0.1438,-1.31,None,None,0,None,None,None,None,0.96,-0.17,2.2746
2012-09-30,131207611,131207611,1,296535000,278728000,516485000,137641000,-219950000,0,0,0,324783000,60492000,-21710000,-21710000,-0.17,-0.17,0,-27145000,-249000,8914000,-18480000,239083000,406000,21.79,26.3,17.28,None,-0.384,-1.68,None,None,0,None,None,None,None,0.69,-0.21,2.025
2012-06-30,130779830,130779830,1,311971000,294158000,529159000,139731000,-217188000,0,0,0,318630000,86542000,4037000,4037000,0.03,0.03,0,8724000,-910000,17894000,25708000,257563000,1007000,20.69,24.3,17.08,None,-0.4581,-1.66,None,None,0,None,None,None,None,0.52,0.06,2.1052
2012-03-31,128095360,128095360,1,293593000,276162000,542450000,142299000,-248857000,0,0,0,312616000,36179000,-45426000,-45426000,-0.36,-0.36,0,-54401000,-329000,13421000,-41309000,231855000,496000,17.66,20.6,14.72,None,-0.5827,-1.94,None,None,0,None,None,None,None,0.28,-0.43,1.9407
2011-12-31,127333906,127333906,1,328962000,310778000,556039000,135614000,-227077000,0,0,0,316153000,28889000,-55080000,-55080000,-0.45,-0.45,0,-39779000,-1139000,1754000,-39164000,273164000,992000,14.11,16.46,11.76,None,-0.4733,-1.78,None,None,0,None,None,None,None,0.24,-0.32,2.2916
2011-09-30,126305547,126305547,1,371224000,346418000,552244000,120957000,-181020000,0,0,0,310277000,16782000,-53078000,-53078000,-0.42,-0.42,0,-46978000,-841000,1073000,-46746000,312328000,1180000,16.47,20.36,12.58,None,-0.2278,-1.43,None,None,0,None,None,None,None,0.35,-0.38,2.864
2011-06-30,126239670,126239670,1,416663000,391923000,552947000,110667000,-136284000,0,0,0,304534000,16811000,-51870000,-51870000,-0.41,-0.41,0,-30736000,-545000,12512000,-18769000,359074000,1075000,18.39,21.15,15.63,None,-0.1694,-1.08,None,None,0,None,None,None,None,0.33,-0.25,3.5415
2011-03-31,124585982,124585982,1,459606000,425968000,563584000,110182000,-103978000,0,0,0,298919000,31973000,-26512000,-26512000,-0.21,-0.21,0,-44222000,24000,4129000,-40069000,377843000,552000,14.94,16.72,13.16,None,-0.0475,-0.83,None,None,0,None,None,None,None,0.39,-0.36,3.866
2010-12-31,123401771,123401771,1,489581000,455454000,578225000,113573000,-88644000,0,0,10432000,293432000,85871000,32540000,32540000,0.26,0.29,0,27403000,-1841000,3546000,29108000,417912000,2739000,16,17.48,14.51,None,-0.0653,-0.72,None,None,0,None,None,None,None,0.35,0.2,4.0102
2010-09-30,123115330,123115330,1,464640000,422545000,593548000,117522000,-128908000,0,0,0,288068000,16872000,-31701000,-31701000,-0.26,-0.26,0,-29522000,855000,3383000,-25284000,388804000,466000,13.13,16.05,10.21,None,-0.2813,-1.05,None,None,0,None,None,None,None,0.17,-0.24,3.5955
2010-06-30,122025701,122025701,1,493681000,451293000,598464000,110944000,-104783000,0,0,0,282825000,49847000,3044000,3044000,0.03,0.02,0,-2766000,9674000,2434000,9342000,414088000,598000,11.74,14.98,8.5,None,-0.3016,-0.86,None,None,0,None,None,None,None,0.14,-0.03,4.0678
2010-03-31,121133647,121133647,1,502663000,450807000,617076000,117944000,-114413000,0,0,0,277700000,17288000,-35729000,-35729000,-0.3,-0.3,0,102823000,6516000,-154417000,-45078000,404746000,306000,11.82,14.49,9.16,None,-0.4495,-0.94,None,None,0,None,None,None,None,0.06,0.85,3.8222
2009-12-31,120578115,120578115,1,712390000,656055000,814774000,132826000,-102384000,0,0,13879000,443138000,6866000,-88442000,-88442000,-0.75,-0.75,0,118585000,3442000,-39674000,82353000,449824000,74000,7.43,9.56,5.3,None,-0.5525,-0.85,None,None,0,None,None,None,None,0.02,0.98,4.9392
2009-09-30,118540444,118540444,1,472816000,402657000,672172000,44276000,-199356000,0,0,14641000,477419000,939000,-43357000,-43357000,-0.44,-0.44,0,-33840000,5995000,281034000,253189000,367478000,134000,5.7,8.18,3.22,None,-0.6522,-1.68,None,None,0,None,None,None,None,0.01,-0.29,9.0942
2009-06-30,97785047,97785047,1,159016000,146718000,450446000,45621000,-291430000,0,0,3099000,401225000,789000,-40035000,-40035000,-0.41,-0.41,0,-29652000,3949000,894000,-24809000,114289000,84000,3.03,4.1,1.96,None,-0.8195,-2.98,None,None,0,None,None,None,None,0.02,-0.3,3.216
2009-03-31,97339849,97339849,1,189635000,165365000,446386000,42098000,-256751000,0,0,3837000,398674000,671000,-40036000,-40036000,-0.41,-0.41,0,-42735000,3066000,0,-39669000,139098000,95000,3.12,4.21,2.03,None,-0.8023,-2.64,None,None,0,None,None,None,None,0.01,-0.44,3.9281
2008-12-31,97339849,97339849,1,232388000,205494000,453138000,50337000,-220750000,0,0,4339000,396167000,937000,-48406000,-48406000,-0.5,-0.5,0,-32212000,2845000,537000,-28830000,178767000,366000,4.76,7.67,1.85,None,-0.7623,-2.27,None,None,0,None,None,None,None,0.02,-0.33,4.0824
2008-09-30,97171223,97171223,1,264718000,257024000,442095000,40820000,-177377000,0,0,4837000,393702000,1061000,-44794000,-44794000,-0.48,-0.48,0,-38748000,9372000,102261000,72885000,207597000,142000,8.71,10.42,7.01,None,-0.6203,-1.83,None,None,0,None,None,None,None,0.05,-0.4,6.2965
2008-06-30,84989650,84989650,1,204735000,194055000,441930000,41651000,-237195000,0,0,5559000,391279000,614000,-45563000,-45563000,-0.54,-0.54,0,-32518000,2927000,1562000,-28029000,134712000,68000,9.57,11.69,7.45,None,-0.528,-2.79,None,None,0,None,None,None,None,0.07,-0.38,4.6591
2008-03-31,84645071,84645071,1,237011000,227595000,434059000,34304000,-197048000,0,0,5876000,388897000,1307000,-40157000,-40157000,-0.47,-0.47,0,-37382000,90749000,520000,53887000,162741000,122000,10.58,12.83,8.33,None,-0.38,-2.33,None,None,0,None,None,None,None,0.1,-0.44,6.6346
2007-12-31,84618917,84618917,1,275695000,264412000,435212000,36595000,-159517000,0,0,6443000,386556000,9752000,-21801000,-21801000,-0.26,-0.26,0,-27544000,29457000,11312000,13225000,108854000,692000,8.97,10.93,7.02,None,-0.2915,-1.89,None,None,0,None,None,None,None,0.12,-0.33,7.2254
2007-09-30,84248252,84248252,1,282683000,270854000,424156000,33214000,-141473000,0,0,7038000,377503000,6690000,-24494000,-24494000,-0.29,-0.29,0,-24028000,85648000,74000,61694000,95629000,116000,6.25,7.76,4.75,None,-0.2695,-1.68,None,None,0,None,None,None,None,0.1,-0.29,8.1548
2007-06-30,84212602,84212602,1,308798000,288312000,428433000,38192000,-119635000,0,0,7610000,375333000,10576000,-18439000,-18439000,-0.22,-0.22,0,-15770000,28563000,844000,13637000,33935000,190000,7.04,8.3,5.79,None,-0.2119,-1.42,None,None,0,None,None,None,None,0.09,-0.19,7.549
2007-03-31,83994837,83994837,1,324933000,300422000,429410000,39650000,-104477000,0,0,8204000,373199000,7422000,-22147000,-22147000,-0.26,-0.26,0,-25352000,26694000,95000,1437000,20298000,155000,6.77,7.7,5.84,None,-0.2081,-1.24,None,None,0,None,None,None,None,0.08,-0.3,7.5768
2006-12-31,83984758,83984758,1,353603000,327761000,438511000,49340000,-84908000,0,0,8715000,371103000,7055000,-20502000,-20502000,-0.25,-0.25,0,-22182000,16307000,-91185000,-97060000,18861000,999000,5.11,6.1,4.12,None,-0.1863,-1.01,None,None,0,None,None,None,None,0.07,-0.28,6.6429
2006-09-30,83855064,83855064,1,464886000,432001000,531036000,136793000,-66150000,0,0,9354000,369042000,7268000,-15838000,-15838000,-0.19,-0.19,0,-22747000,-9200000,111930000,79983000,115921000,304000,4.53,5.2,3.85,None,-0.2014,-0.79,None,None,0,None,None,None,None,0.05,-0.27,3.1581
2006-06-30,83849441,83849441,1,375112000,296167000,429837000,140951000,-54725000,0,0,9785000,256926000,6855000,-20520000,-20520000,-0.24,-0.24,0,-21040000,7458000,716000,-12866000,35938000,158000,4.06,4.62,3.51,None,-0.2473,-0.65,None,None,0,None,None,None,None,0.04,-0.25,2.1012
2006-03-31,83644607,83644607,1,398756000,329179000,436527000,140342000,-37771000,0,0,10408000,256830000,6465000,-17306000,-17306000,-0.21,-0.21,0,15602000,11470000,10238000,37310000,48804000,107000,5.63,6.25,5.01,None,-0.2494,-0.45,None,None,0,None,None,None,None,0.03,0.19,2.3455
2005-12-31,83644107,83644107,1,374108000,353976000,393505000,27857000,-19397000,0,0,11097000,341862000,1027000,-27557000,-27557000,-0.34,-0.34,0,-28019000,-10235000,537000,-37703000,11494000,395000,5.39,6.65,4.13,None,-0.243,-0.23,134.75,None,0,None,None,None,None,0.02,-0.34,12.7069
2005-09-30,83421780,83421780,1,398109000,370821000,394594000,27284000,3515000,0,0,11783000,341919000,1228000,-30210000,-30210000,-0.36,-0.36,0,-27465000,46791000,-7302000,12020000,49197000,202000,6.49,9.1,3.88,None,-0.2458,0.04,16.22,None,0,None,97.2743,0.0088,None,0.02,-0.33,13.5912
2005-06-30,83411948,83411948,1,436647000,407858000,402896000,27033000,33751000,0,0,12519000,349506000,2676000,-25145000,-25145000,-0.3,-0.3,0,-20115000,-19911000,-27631000,-67659000,37177000,882000,7.46,8.5,6.43,None,-0.2276,0.4,10.36,None,0,None,10.3554,0.0773,None,0.02,-0.25,15.0874
2005-03-31,83122146,83122146,1,487458000,457492000,427590000,21640000,59868000,0,0,13607000,378686000,2915000,-20131000,-20131000,-0.24,-0.24,0,-26273000,-1117000,48000,-27344000,104836000,95000,8.31,10.11,6.52,None,-0.2926,0.72,8.75,None,0,None,6.3253,0.1228,None,0.03,-0.32,21.141
2004-12-31,83029371,83029371,1,516919000,481313000,438402000,31481000,78517000,0,0,14220000,378766000,2325000,-37526000,-37526000,-0.48,-0.48,0,-27489000,-5288000,86226000,53456000,132180000,432000,9.7,11.16,8.23,None,-0.3127,0.95,23.1,None,0,None,4.824,0.1519,None,0.03,-0.34,15.289
2004-09-30,73858668,73858668,1,470504000,420843000,439744000,60898000,30760000,0,0,27395000,378846000,3393000,-25976000,-25976000,-0.35,-0.35,0,-24734000,-12207000,-37275000,-74209000,78724000,-405000,7.66,9.91,5.4,None,-0.3411,0.42,10.64,None,0,None,12.3162,0.0654,None,0.05,-0.33,6.9106
2004-06-30,73370423,73370423,1,538118000,483395000,485486000,67908000,52632000,0,0,30030000,417578000,5163000,-63600000,-63600000,-0.87,-0.87,0,-25935000,40999000,2026000,17086000,152933000,-382000,7.58,8.76,6.4,None,-0.3865,0.72,4.68,None,0,None,7.9339,0.0978,None,0.07,-0.35,7.1184
2004-03-31,72753938,72753938,1,582468000,514119000,464650000,46968000,117818000,0,0,32231000,417682000,6641000,-37715000,-37715000,-0.52,-0.52,0,-36509000,-100664000,243261000,106149000,135847000,118000,8.5,10.24,6.77,-0.8437,-0.3212,1.62,4.01,None,0,None,3.5451,0.2023,None,0.09,-0.5,10.9462
2003-12-31,72674246,72674246,1,379545000,310927000,225212000,57426000,154333000,0,0,25085000,167786000,10298000,-40767000,-40767000,-0.56,-0.56,0,-19959000,34588000,789000,15391000,29698000,1042000,5.68,7.27,4.1,-0.7836,-0.3778,2.12,2.12,None,0,None,1.0872,0.4066,None,0.11,-0.29,5.4144
2003-09-30,72456424,72456424,1,415437000,337834000,221372000,53482000,194065000,0,0,28609000,167890000,13249000,-43012000,-43012000,-0.6,-0.6,0,-40000000,35285000,-2968000,-7708000,14307000,1737000,4.84,6.37,3.31,-0.7744,-0.3994,2.68,1.47,None,0,None,0.8651,0.4671,None,0.12,-0.58,6.3168
2003-06-30,72175709,72175709,1,470475000,378553000,233119000,61296000,237356000,0,0,28543000,171823000,11036000,-26900000,-26900000,-0.37,-0.37,0,-15623000,25889000,1109000,11378000,22015000,1375000,4.58,6.5,2.65,-0.6424,-0.3554,3.29,1.24,None,0,None,0.7239,0.5045,None,0.13,-0.24,6.1758
2003-03-31,71671441,71671441,1,496878000,401906000,232869000,60939000,264009000,0,0,27434000,171930000,12509000,-55784000,-55784000,-0.81,-0.81,0,-42750000,30589000,-97000,-12291000,10637000,5584000,4.11,5.51,2.7,-0.5345,-0.312,3.68,0.96,None,0,None,0.6512,0.5313,None,0.15,-0.67,6.5952
2002-12-31,70796152,70796152,1,552139000,458771000,249729000,77693000,302410000,0,0,26066000,172036000,21149000,-67492000,-67492000,-1,-1,0,-19602000,31259000,-4458000,7192000,22928000,1403000,4.46,6.03,2.88,-0.3654,-0.2219,4.27,0.82,None,0,None,0.5689,0.5477,None,0.16,-0.3,5.9049
2002-09-30,67930212,67930212,1,603054000,489309000,232572000,60429000,370482000,0,0,24679000,172143000,22390000,-38411000,-38411000,-0.57,-0.57,0,-23837000,-5903000,1271000,-28457000,15736000,3776000,5.63,7.47,3.8,-0.5246,-0.3275,5.45,0.94,None,0,None,0.4646,0.6143,None,0.21,-0.41,8.0973
2002-06-30,67529022,67529022,1,645736000,527520000,241464000,69214000,404272000,0,0,27262000,172250000,29059000,-17541000,-17541000,-0.26,-0.26,0,-8807000,-43189000,-2898000,-54963000,44193000,4716000,8.89,11.98,5.8,-0.4196,-0.2729,5.99,1.42,None,0,None,0.4261,0.6261,None,0.24,-0.2,7.6216
2002-03-31,67205253,67205253,1,666847000,547441000,245436000,66299000,421411000,0,0,2786000,179137000,29014000,-13441000,-13441000,-0.2,-0.2,0,-6020000,59061000,2926000,55788000,99156000,1995000,15.45,20.45,10.45,-0.3638,-0.2444,6.27,2.35,None,0,None,0.4251,0.6319,None,0.26,-0.12,8.2572
2001-12-31,66897667,66897667,1,705559000,591221000,265356000,86108000,440203000,0,0,2914000,179248000,54772000,-145205000,-145205000,-2.18,-2.18,0,-9306000,3291000,3926000,-2120000,43368000,1425000,16.95,21.22,12.68,-0.3275,-0.2266,6.58,1.93,None,0,None,0.4072,0.6239,None,0.27,-0.16,6.866
2001-09-30,66402217,66402217,1,825640000,592915000,242203000,62845000,583437000,0,0,73970000,179358000,57319000,-17827000,-17827000,-0.27,-0.27,0,-24917000,5001000,961000,-18907000,45488000,2495000,16.66,22.56,10.76,-0.075,-0.0532,8.79,1.83,None,0,None,0.3074,0.7066,None,0.26,-0.41,9.4346
2001-06-30,66328478,66328478,1,852068000,592470000,247776000,68307000,604292000,0,0,76961000,179469000,56051000,-9891000,-9891000,-0.15,-0.15,0,-16661000,-39228000,5620000,-50294000,64395000,4119000,18.84,25.07,12.61,-0.0575,-0.0407,9.11,2.03,None,0,None,0.297,0.7092,None,0.25,-0.31,8.6736
2001-03-31,65787613,65787613,1,851943000,609853000,241888000,62308000,610055000,0,0,79953000,179580000,51121000,-10312000,-10312000,-0.16,-0.16,0,3880000,5379000,-4737000,4534000,114689000,4880000,21.04,30.63,11.44,-0.0522,-0.0366,9.27,2.22,None,0,None,0.2944,0.7161,None,0.24,-0.02,9.7877
2000-12-31,65760321,65760321,1,886820000,647895000,264126000,76312000,622694000,0,0,82944000,187814000,55416000,-7370000,-7370000,-0.11,-0.11,0,-8233000,-201641000,-7384000,-218222000,110155000,9856000,32.53,43,22.06,-0.0488,-0.0339,9.47,3.42,None,0,None,0.3016,0.7022,None,0.22,-0.28,8.4901
2000-09-30,64173242,64173242,1,865924000,684574000,256438000,53271000,609486000,0,0,12771000,203167000,51982000,-7598000,-7598000,-0.12,-0.12,0,-26638000,-91430000,7398000,-109736000,328377000,16166000,44.78,55.56,34,-0.0579,-0.0405,9.5,4.76,None,0,None,0.3333,0.7039,None,0.26,-0.67,12.8508
2000-06-30,31987612,63975224,2,876635000,711108000,274694000,71402000,601941000,0,0,13369000,203292000,46015000,-6590000,-6590000,-0.21,-0.21,0,10408000,3004000,3487000,16779000,438113000,20998000,40.97,60.25,21.69,-0.0836,-0.059,9.41,4.31,None,0,None,0.3377,0.6866,None,0.31,-0.17,9.9592
2000-03-31,31801867,63603734,2,875692000,728940000,271372000,67949000,604320000,0,0,13966000,203423000,40754000,-8177000,-8177000,-0.27,-0.27,0,17119000,-243626000,615619000,389114000,421334000,12490000,88.58,144.53,32.63,-0.1189,-0.0863,9.5,33.05,None,0,None,0.3366,0.6901,None,0.42,0.07,10.7278
1999-12-31,31724420,63448840,2,221934000,109501000,51652000,51458000,170282000,0,0,14564000,34000,46024000,-6405000,-6405000,-0.23,-0.23,0,-16769000,581000,7127000,-9168000,32220000,6987000,22.39,36.56,8.22,-0.1564,-0.1181,2.68,7.69,None,0,None,0.0002,0.7673,None,0.69,-0.37,2.128
1999-09-30,28455469,56910938,2,209659000,98915000,44027000,43788000,165632000,0,0,15162000,0,35415000,-11066000,-11066000,-0.39,-0.39,0,-18389000,2163000,4191000,-11896000,41388000,7803000,15.72,21.13,10.31,-0.1089,-0.0825,2.91,5.15,None,0,None,0,0.79,None,0.65,-0.46,2.259
1999-06-30,28020849,56041698,2,224170000,117363000,53236000,52854000,170934000,0,0,15760000,0,37893000,-7387000,-7387000,-0.26,-0.26,0,-17950000,-13335000,1070000,-30262000,53284000,11041000,10.97,13.56,8.38,-0.083,-0.0622,3.05,3.45,None,0,None,0,0.7625,None,0.63,-0.52,2.2205
1999-03-31,27912346,55824692,2,250755000,148985000,73182000,72633000,177573000,0,0,16358000,0,37630000,-1910000,-1910000,-0.07,-0.07,0,31662000,1907000,79000,33498000,83546000,8927000,14.75,19.75,9.75,-0.0116,-0.0086,3.18,4.58,295,0,None,0,0.7082,None,0.61,0.41,2.0512
1998-12-31,27901268,55802536,2,230290000,131364000,50723000,49927000,179567000,0,0,16955000,0,36647000,1485000,1485000,0.05,0.05,0,-5745000,9921000,926000,5102000,50048000,9217000,15.02,19.57,10.47,0.0209,0.0154,3.22,4.74,136.55,0,0,0,0.7797,0.0258,0.6,-0.27,2.6311
1998-09-30,27746906,55493812,2,232959000,137553000,57230000,55720000,175729000,0,0,17553000,0,34692000,-6786000,-6786000,-0.25,-0.25,0,8884000,3252000,270000,12406000,45350000,6168000,15.13,21,9.25,0.0407,0.0297,3.17,5.11,51.29,0,0,0,0.7543,0.0515,0.58,0.05,2.4686
1998-06-30,26663544,53327088,2,219188000,147196000,61312000,60404000,157876000,0,0,0,0,33093000,5207000,5207000,0.2,0.18,0,1429000,-12064000,1131000,-9504000,32944000,6258000,19.69,23.63,15.75,0.109,0.08,2.96,6.91,79.56,0,0,0,0.7203,0.1442,0.56,-0.09,2.4369
1998-03-31,26525429,53050858,2,219097000,152190000,67748000,66740000,151349000,0,0,0,626000,30379000,3566000,3566000,0.13,0.12,0,31665000,-46472000,1657000,-13150000,42726000,9067000,21.59,25.19,18,0.1065,0.0776,2.85,7.85,102.81,0,0,0.0041,0.6908,0.1288,0.6,0.43,2.2803
1997-12-31,26506101,53012202,2,193090000,138168000,47071000,46645000,146019000,0,0,0,0,26638000,4441000,4441000,0.25,0.17,0,1495000,-2058000,449000,-114000,51169000,9885000,19.19,22.63,15.75,0.1087,0.0785,2.75,6.53,147.62,0,0,0,0.7562,0.1178,0.67,-0.16,2.9621
1997-09-30,24026402,48052804,2,181058000,133518000,39922000,39498000,141136000,0,0,0,19000,22662000,3044000,3044000,0.12,0.12,0,6347000,-54932000,88568000,39983000,51286000,7284000,18.02,21.13,14.9,0.0882,0.0616,2.94,15.4,None,0,0,0.0001,0.7795,0.0804,0.77,-0.02,3.3804
1997-06-30,10570583,42282332,4,76608000,43795000,27132000,26679000,49476000,0,0,0,23000,21192000,1942000,1942000,0.17,0.17,0,5928000,-3785000,1152000,3295000,11303000,4342000,14.16,17.94,10.38,-0.0038,None,1.17,12.87,None,0,None,0.0005,0.6458,None,0.91,0.04,1.6416
1997-03-31,10481541,41926164,4,79609000,49822000,33351000,32871000,46258000,0,0,0,28000,17859000,981000,981000,0.09,0.09,0,4948000,-4626000,58000,380000,8008000,4625000,15.33,18.63,12.03,-0.083,None,1.1,14.19,None,0,None,0.0006,0.5811,None,0.75,0.01,1.5157
1996-12-31,10458924,41835696,4,66876000,43175000,21629000,21128000,45247000,0,0,0,37000,15655000,252000,252000,0.02,0.02,0,-6808000,-5563000,251000,-12120000,7628000,5003000,11.05,13.22,8.88,None,None,1.08,10.23,None,0,None,0.0008,0.6766,None,None,-0.28,2.0435
1996-09-30,10266976,41067904,4,74384000,53907000,29906000,29340000,44478000,0,0,0,79000,12917000,-3352000,-3352000,-0.33,-0.33,0,15155000,-3414000,674000,12415000,19748000,3854000,10.29,12.44,8.13,None,None,1.08,9.62,None,0,None,0.0018,0.598,None,None,0.28,1.8373
1996-06-30,10121460,40485840,4,66048000,47840000,22666000,22147000,43382000,0,0,0,13000,7630000,-1603000,-1603000,-0.16,-0.16,0,-3929000,-1585000,155000,-5359000,7172000,7618000,7.88,9.97,5.78,None,None,1.07,6.97,None,0,None,0.0003,0.6568,None,None,-0.29,2.1601
1996-03-31,9909791,39639164,4,62131000,50275000,17220000,16671000,44911000,0,0,0,28000,5583000,-2058000,-2058000,-0.21,-0.21,0,11580000,-9816000,381000,2145000,12531000,3713000,8,9.85,6.16,None,None,1.13,None,None,0,None,0.0006,0.7228,None,None,0.2,3.0157
