"Quarter end","Shares","Shares split adjusted","Split factor","Assets","Current Assets","Liabilities","Current Liabilities","Shareholders equity","Non-controlling interest","Preferred equity","Goodwill & intangibles","Long-term debt","Revenue","Earnings","Earnings available for common stockholders","EPS basic","EPS diluted","Dividend per share","Cash from operating activities","Cash from investing activities","Cash from financing activities","Cash change during period","Cash at end of period","Capital expenditures","Price","Price high","Price low","ROE","ROA","Book value of equity per share","P/B ratio","P/E ratio","Cumulative dividends per share","Dividend payout ratio","Long-term debt to equity ratio","Equity to assets ratio","Net margin","Asset turnover","Free cash flow per share","Current ratio"
2019-03-31,663727053,663727053,1,33471000000,5855000000,26932000000,4357000000,3234000000,3305000000,0,1526000000,18445000000,2650000000,154000000,154000000,0.23,0.23,0.1365,690000000,-663000000,402000000,372000000,2375000000,504000000,16.25,18.52,13.97,0.2062,0.0205,4.87,3.36,8.98,2.34,0.5183,5.7035,0.0966,0.0632,0.32,0.28,1.3438
2018-12-31,662358244,662358244,1,32521000000,5015000000,26038000000,4399000000,3208000000,3275000000,0,4185000000,17636000000,2622000000,128000000,128000000,0.19,0.19,0.13,662000000,-315000000,-480000000,-119000000,2003000000,-665000000,14.92,16.28,13.55,0.3697,0.037,4.84,2.99,None,2.2,0.2861,5.4975,0.0986,0.1121,0.33,2,1.14
2018-09-30,662297479,662297479,1,32489000000,5015000000,25901000000,4047000000,3305000000,3283000000,0,1459000000,18088000000,2837000000,101000000,101000000,0.15,0.15,0.13,767000000,-310000000,-434000000,-20000000,2122000000,598000000,13.33,14.11,12.55,-0.087,-0.0082,4.99,2.67,None,2.07,None,5.4729,0.1017,None,0.35,0.26,1.2392
2018-06-30,661683466,661683466,1,32597000000,5287000000,26077000000,3994000000,3309000000,3211000000,0,1400000000,18356000000,2537000000,290000000,290000000,0.44,0.44,0.13,399000000,-296000000,-99000000,-26000000,2142000000,484000000,12.37,13.55,11.19,-0.0711,-0.0063,5,2.56,None,1.94,None,5.5473,0.1015,None,0.36,-0.13,1.3237
2018-03-31,661399753,661399753,1,32573000000,5438000000,26197000000,4876000000,3193000000,3183000000,0,1421000000,17661000000,2740000000,684000000,684000000,1.04,1.03,0.13,515000000,416000000,-630000000,380000000,2168000000,495000000,10.91,11.95,9.87,-0.1527,-0.0129,4.83,2.92,None,1.81,None,5.5312,0.098,None,0.37,0.03,1.1153
2017-12-31,660449495,660449495,1,33112000000,6398000000,27430000000,6028000000,2465000000,3217000000,0,1428000000,17801000000,3261000000,-1342000000,-1342000000,-2.03,-2.03,0.12,800000000,-467000000,-635000000,-388000000,949000000,603000000,10.67,11.34,10,-0.3982,-0.032,3.73,2.21,None,1.68,None,7.2215,0.0744,None,0.29,0.3,1.0614
2017-09-30,660386566,660386566,1,38834000000,6660000000,31688000000,6736000000,3186000000,3960000000,0,1631000000,19776000000,3632000000,152000000,152000000,0.23,0.23,0.12,735000000,-1174000000,614000000,185000000,1398000000,464000000,11.13,11.66,10.6,-0.274,-0.0208,4.82,2.43,None,1.56,None,6.2072,0.082,None,0.29,0.41,0.9887
2017-06-30,660256748,660256748,1,36469000000,6318000000,29604000000,6411000000,3021000000,3844000000,0,1554000000,18195000000,3470000000,53000000,53000000,0.08,0.08,0,251000000,-768000000,143000000,-375000000,1213000000,649000000,11.5,12.05,10.95,-0.2732,-0.0204,4.58,2.54,None,1.44,None,6.0228,0.0828,None,0.29,-0.6,0.9855
2017-03-31,660144428,660144428,1,36508000000,6401000000,29605000000,5243000000,2991000000,3912000000,0,1510000000,19197000000,167000000,-24000000,-24000000,-0.04,-0.04,0.12,703000000,-340000000,-79000000,283000000,1588000000,474000000,11.5,12.06,10.93,-0.4807,-0.0349,4.53,3.77,None,1.44,None,6.4183,0.0819,None,0.28,0.35,1.2209
2016-12-31,659183208,659183208,1,36119000000,6411000000,29637000000,5272000000,2012000000,4470000000,0,1516000000,19160000000,3344000000,-949000000,-949000000,-1.44,-1.44,0.12,702000000,-239000000,-489000000,-20000000,1305000000,575000000,11.87,12.75,10.98,-0.4162,-0.0307,3.05,2.72,None,1.32,None,9.5229,0.0557,None,0.37,0.19,1.216
2016-09-30,659175940,659175940,1,37108000000,7294000000,30565000000,5713000000,2882000000,3661000000,0,1384000000,14796000000,3542000000,175000000,175000000,0.26,0.26,0.11,819000000,-543000000,-215000000,60000000,1325000000,515000000,12.59,13.32,11.85,-0.0887,-0.0072,4.37,3,None,1.2,None,5.1339,0.0777,None,0.37,0.46,1.2767
2016-06-30,659089478,659089478,1,36974000000,7381000000,30548000000,6216000000,2766000000,3660000000,0,1376000000,19170000000,3229000000,-482000000,-482000000,-0.73,-0.73,0.11,723000000,-778000000,137000000,85000000,1265000000,615000000,11.48,12.48,10.49,-0.0823,-0.0071,4.2,2.36,27.33,1.09,None,6.9306,0.0748,None,0.37,0.16,1.1874
2016-03-31,659001121,659001121,1,36900000000,6947000000,30044000000,6572000000,3201000000,3655000000,0,1366000000,18337000000,3471000000,126000000,126000000,0.19,0.19,0.11,640000000,-548000000,-180000000,-77000000,1185000000,640000000,10.01,11.8,8.22,0.0842,0.0078,4.86,2.1,23.28,0.98,0.9677,5.7285,0.0867,0.0201,0.39,0,1.0571
2015-12-31,659733335,659733335,1,36850000000,6866000000,30679000000,6950000000,3149000000,3022000000,0,1371000000,18278000000,3400000000,-85000000,-85000000,-0.13,-0.13,0.11,629000000,-727000000,-58000000,-175000000,1262000000,621000000,9.98,11.21,8.76,0.0838,0.0081,4.77,1.88,11.88,0.87,0.9098,5.8044,0.0855,0.0205,0.4,0.01,0.9879
2015-09-30,672862161,672862161,1,37000000000,7220000000,30539000000,6534000000,3567000000,2894000000,0,1724000000,18398000000,3721000000,180000000,180000000,0.27,0.26,0.1,915000000,-569000000,97000000,415000000,1437000000,519000000,11.41,13.4,9.42,0.1519,0.0157,5.3,2.02,9.13,0.76,0.5213,5.1578,0.0964,0.0336,0.47,0.59,1.105
2015-06-30,682826854,682826854,1,38584000000,7515000000,31500000000,6563000000,3864000000,3220000000,0,1714000000,18632000000,3858000000,69000000,69000000,0.1,0.1,0.1,153000000,-350000000,-124000000,-315000000,1022000000,549000000,13.33,14.02,12.64,0.2187,0.0234,5.66,2.33,10.02,0.66,0.3089,4.8219,0.1001,0.0551,0.42,-0.58,1.1451
2015-03-31,702441162,702441162,1,37997000000,7642000000,30962000000,6582000000,4022000000,3013000000,0,1726000000,18570000000,3984000000,142000000,142000000,0.2,0.2,0.1,437000000,-720000000,113000000,-202000000,1337000000,619000000,12.7,13.87,11.53,0.2293,0.0249,5.73,2.09,12.1,0.56,0.2554,4.6171,0.1059,0.0574,0.43,-0.26,1.161
2014-12-31,702634251,702634251,1,38966000000,7826000000,31641000000,6997000000,4272000000,3053000000,0,1739000000,18725000000,6195000000,206000000,206000000,0.29,0.28,0.15,575000000,-292000000,-418000000,-131000000,1539000000,627000000,13.44,14.49,12.38,0.1802,0.0194,6.08,2.18,26.88,0.46,0.2304,4.3832,0.1096,0.0449,0.43,-0.07,1.1185
2014-09-30,713046356,713046356,1,38983000000,7887000000,31417000000,7073000000,4397000000,3169000000,0,1751000000,18719000000,2378000000,488000000,488000000,0.68,0.67,0.05,763000000,27000000,-594000000,155000000,1670000000,481000000,14.82,15.64,14.01,0.0834,0.0089,6.17,2.55,None,0.31,0.3026,4.2572,0.1128,0.0246,0.36,0.4,1.1151
2014-06-30,723269141,723269141,1,39433000000,7407000000,31925000000,6667000000,4211000000,3297000000,0,1767000000,19628000000,4311000000,133000000,133000000,0.18,0.18,0.05,232000000,-65000000,-118000000,102000000,1515000000,509000000,14.54,15.65,13.42,-0.0137,-0.0015,5.82,2.52,None,0.26,None,4.6611,0.1068,None,0.4,-0.38,1.111
2014-03-31,725334337,725334337,1,40973000000,7989000000,33332000000,7840000000,4193000000,3448000000,0,1761000000,19410000000,4262000000,-58000000,-58000000,-0.08,-0.08,0,221000000,-326000000,-132000000,-229000000,1413000000,399000000,14.18,14.94,13.42,-0.0058,-0.0006,5.78,2.37,94.53,0.21,None,4.6291,0.1023,None,0.39,-0.25,1.019
2013-12-31,723927523,723927523,1,40411000000,7739000000,32760000000,7653000000,4330000000,3321000000,0,1919000000,18869000000,3555000000,-206000000,-206000000,-0.27,-0.27,0.05,675000000,-507000000,-501000000,-380000000,1642000000,658000000,14.35,15.54,13.16,0.0246,0.0028,5.98,2.21,21.74,0.21,1.1001,4.3577,0.1071,0.0072,0.38,0.02,1.0112
2013-09-30,742327115,742327115,1,41250000000,8251000000,33284000000,8009000000,4813000000,3153000000,0,2266000000,18533000000,4003000000,71000000,71000000,0.09,0.09,0.04,855000000,-561000000,164000000,477000000,2031000000,464000000,12.7,13.77,11.62,0.1055,0.0119,6.48,1.98,None,0.16,0.2405,3.8506,0.1167,0.0292,0.41,0.53,1.0302
2013-06-30,741577577,741577577,1,40836000000,7810000000,33029000000,8273000000,4749000000,3058000000,0,2407000000,18029000000,4068000000,167000000,167000000,0.22,0.22,0.04,567000000,20000000,-1254000000,-690000000,1611000000,320000000,12.59,14,11.17,-0.249,-0.0274,6.4,2.03,None,0.12,None,3.7964,0.1163,None,0.42,0.33,0.944
2013-03-31,746540903,746540903,1,42718000000,9258000000,34977000000,9286000000,4633000000,3108000000,0,2416000000,18269000000,4265000000,82000000,82000000,0.11,0.11,0.04,618000000,-726000000,455000000,335000000,2301000000,546000000,11.7,12.73,10.66,-0.2372,-0.0278,6.21,1.91,None,0.08,None,3.9432,0.1085,None,0.42,0.1,0.997
2012-12-31,745763563,745763563,1,41830000000,8465000000,34316000000,8319000000,4569000000,2945000000,0,2428000000,18519000000,4622000000,175000000,175000000,0.23,0.24,0.04,772000000,-347000000,-396000000,36000000,1970000000,655000000,10.38,11.25,9.52,-0.1688,-0.0213,6.13,1.74,None,0.04,None,4.0532,0.1092,None,0.42,0.16,1.0176
2012-09-30,743961090,743961090,1,41356000000,8684000000,33520000000,7526000000,4424000000,3412000000,0,2429000000,19225000000,4587000000,-1568000000,-1568000000,-2.1,-2.1,0,1015000000,-324000000,-481000000,216000000,1943000000,510000000,11.88,12.94,10.83,-0.2256,-0.0296,5.95,1.45,66,0,None,4.3456,0.107,None,0.4,0.68,1.1539
2012-06-30,747996061,747996061,1,42749000000,8317000000,33248000000,7039000000,6123000000,3378000000,0,4308000000,19428000000,4192000000,140000000,140000000,0.18,0.18,0,580000000,373000000,-899000000,39000000,1727000000,492000000,12.45,13.25,11.64,0.0228,0.0032,8.19,1.47,56.59,0,0,3.173,0.1432,0.0081,0.4,0.12,1.1816
2012-03-31,767489830,767489830,1,45431000000,9559000000,34960000000,7978000000,6489000000,3982000000,0,4282000000,20020000000,4740000000,341000000,341000000,0.45,0.44,0,534000000,-725000000,37000000,-16000000,1688000000,579000000,12.93,14.01,11.85,0.0274,0.004,8.45,1.67,215.5,0,0,3.0852,0.1428,0.0099,0.41,-0.06,1.1982
2011-12-31,765906019,765906019,1,45333000000,9228000000,35604000000,8446000000,5946000000,3783000000,0,4299000000,20116000000,4085000000,-209000000,-209000000,-0.27,-0.27,0,None,None,None,-1657000000,1710000000,598000000,10.62,12.24,9,0.009,0.0014,7.76,1.31,None,0,0,3.3831,0.1312,0.0034,0.41,None,1.0926
2011-09-30,767548237,767548237,1,40883000000,10067000000,31026000000,7241000000,6233000000,3624000000,0,1739000000,18704000000,4381000000,-131000000,-131000000,-0.17,-0.17,0,1128000000,-977000000,-273000000,-230000000,3392000000,813000000,11.21,13.2,9.22,-0.0256,-0.0041,8.12,1.27,124.56,0,None,3.0008,0.1525,None,0.43,0.41,1.3903
2011-06-30,782403030,782403030,1,42635000000,10173000000,31798000000,7193000000,6911000000,3926000000,0,1794000000,19104000000,4544000000,174000000,174000000,0.22,0.22,0,675000000,-156000000,1083000000,1616000000,3624000000,540000000,12.77,13.5,12.03,0.0112,0.0018,8.83,1.47,255.4,0,0,2.7643,0.1621,0.0044,0.42,0.17,1.4143
2011-03-31,782008035,782008035,1,40500000000,8746000000,29458000000,7551000000,6792000000,4250000000,0,1784000000,16642000000,4264000000,224000000,224000000,0.28,0.28,0,505000000,-601000000,-463000000,-544000000,2008000000,479000000,12.7,13.4,11.99,0.0069,0.0011,8.69,1.55,317.5,0,0,2.4502,0.1677,0.0027,0.41,0.03,1.1583
2010-12-31,788253071,788253071,1,40511000000,9446000000,30098000000,8065000000,6473000000,3940000000,0,1787000000,16693000000,4363000000,-436000000,-436000000,-0.55,-0.55,0,1098000000,-693000000,-728000000,-294000000,2554000000,782000000,11.62,12.54,10.7,0.0014,0.0002,8.21,1.33,22.35,0,0,2.5789,0.1598,0.0005,0.4,0.4,1.1712
2010-09-30,788099808,788099808,1,41780000000,9768000000,30997000000,7029000000,6890000000,3893000000,0,1886000000,17920000000,4151000000,114000000,114000000,0.14,0.14,0,996000000,-392000000,-670000000,-43000000,2848000000,526000000,10.2,11.57,8.82,0.0648,0.0097,8.74,1.21,15.45,0,0,2.6009,0.1649,0.0253,0.38,0.6,1.3897
2010-06-30,794015970,794015970,1,40701000000,9564000000,30047000000,6364000000,6687000000,3967000000,0,1867000000,17768000000,4021000000,144000000,144000000,0.18,0.18,0,732000000,-360000000,-823000000,-474000000,2891000000,509000000,10.7,12.46,8.94,0.0844,0.0116,8.42,1.36,11.51,0,0,2.6571,0.1643,0.0304,0.38,0.28,1.5028
2010-03-31,795378395,795378395,1,41882000000,10460000000,31346000000,6894000000,6247000000,4289000000,0,1805000000,18306000000,4112000000,187000000,187000000,0.27,0.27,0,684000000,-595000000,1515000000,1583000000,3392000000,493000000,12.48,14.24,10.73,0.126,0.0159,7.85,1.79,12.61,0,0,2.9304,0.1492,0.0422,0.38,0.24,1.5173
2009-12-31,668469159,668469159,1,39535000000,8787000000,30655000000,6621000000,4675000000,4205000000,0,1809000000,17943000000,3408000000,-48000000,-48000000,-0.07,-0.07,0,314000000,-873000000,367000000,-189000000,1809000000,755000000,13.97,15.44,12.5,0.1501,0.0174,6.99,2.03,14.26,0,0,3.8381,0.1182,0.0467,0.37,-0.66,1.3271
2009-09-30,667582796,667582796,1,39261000000,8728000000,30696000000,6238000000,4583000000,3982000000,0,1910000000,18089000000,3838000000,185000000,185000000,0.28,0.28,0,1028000000,-660000000,-88000000,285000000,2020000000,572000000,13.02,15.37,10.67,0.1594,0.018,6.87,1.98,14.15,0,0,3.947,0.1167,0.0465,0.39,0.68,1.3992
2009-06-30,667006929,667006929,1,37418000000,8022000000,29187000000,5397000000,4392000000,3839000000,0,1916000000,17836000000,3495000000,303000000,303000000,0.45,0.45,0,495000000,-461000000,418000000,468000000,1735000000,619000000,8.63,11.64,5.62,0.153,0.0172,6.58,1.47,4.85,0,0,4.061,0.1174,0.0422,0.41,-0.19,1.4864
2009-03-31,666664430,666664430,1,34838000000,7213000000,27141000000,4525000000,3915000000,3782000000,0,1901000000,17014000000,3378000000,218000000,219000000,0.33,0.33,0,376000000,77000000,-87000000,364000000,1267000000,574000000,7.14,9.48,4.8,0.3031,0.0338,5.87,1.3,3.99,0,0,4.3458,0.1124,0.0795,0.43,-0.3,1.594
2008-12-31,666216009,666216009,1,34806000000,7326000000,27719000000,5182000000,3669000000,3418000000,0,1921000000,16863000000,3475000000,-47000000,-47000000,-0.08,-0.08,0,590000000,-1133000000,-200000000,-789000000,903000000,877000000,8.84,11.28,6.4,0.3183,0.034,5.51,1.38,4.65,0,0,4.5961,0.1054,0.0768,0.44,-0.43,1.4137
2008-09-30,662225089,662225089,1,36653000000,8393000000,28719000000,5415000000,4229000000,3705000000,0,1969000000,17690000000,4345000000,145000000,145000000,0.22,0.22,0,784000000,-803000000,36000000,-36000000,1707000000,578000000,15.25,19.27,11.23,0.3461,0.0358,6.39,2.39,8.33,0,0,4.183,0.1154,0.0798,0.45,0.31,1.55
2008-06-30,672747942,672747942,1,38115000000,8904000000,30017000000,5825000000,4289000000,3809000000,0,2010000000,17905000000,4146000000,903000000,903000000,1.34,1.31,0,320000000,-525000000,197000000,-23000000,1743000000,763000000,18.59,20.34,16.85,0.3596,0.0355,6.38,3.76,21.12,0,0,4.1746,0.1125,0.0816,0.43,-0.66,1.5286
2008-03-31,671811226,671811226,1,35745000000,8363000000,28985000000,6033000000,3321000000,3439000000,0,1957000000,16945000000,4104000000,233000000,233000000,0.35,0.34,0,471000000,-1110000000,329000000,-292000000,1766000000,622000000,18.98,21.99,15.98,0.1883,0.0176,4.94,4.03,None,0,0,5.1024,0.0929,0.0411,0.43,-0.22,1.3862
2007-12-31,671261394,671261394,1,34453000000,8336000000,28048000000,5482000000,3164000000,3241000000,0,1921000000,16629000000,3664000000,17000000,17000000,0.03,0.03,0,509000000,-635000000,518000000,415000000,2058000000,700000000,21.37,22.53,20.21,-0.032,-0.0029,4.71,4.47,None,0,None,5.2557,0.0918,None,0.41,-0.28,1.5206
2007-09-30,669257313,669257313,1,33350000000,7620000000,26914000000,5578000000,3199000000,3237000000,0,1771000000,15542000000,3471000000,103000000,103000000,0.15,0.15,0,741000000,-188000000,-363000000,186000000,1664000000,539000000,20.51,23.25,17.76,-0.0301,-0.0027,4.78,4.48,None,0,None,4.8584,0.0959,None,0.38,0.3,1.3661
2007-06-30,668613428,668613428,1,32622000000,7555000000,26298000000,5660000000,3061000000,3263000000,0,1809000000,15009000000,3344000000,247000000,247000000,0.37,0.36,0,526000000,-470000000,-59000000,30000000,1478000000,714000000,22.38,23.9,20.87,-0.1902,-0.0166,4.58,6.07,None,0,None,4.9033,0.0938,None,0.37,-0.28,1.3348
2007-03-31,668613428,668613428,1,32047000000,6875000000,26473000000,5406000000,2466000000,3108000000,0,1749000000,15277000000,3109000000,-462000000,-462000000,-0.69,-0.68,0,581000000,-677000000,148000000,69000000,1448000000,468000000,21.2,22.61,19.78,-0.2308,-0.0193,3.69,4.79,70.67,0,None,6.1951,0.0769,None,0.37,0.17,1.2717
2006-12-31,668613428,668613428,1,31201000000,6565000000,25288000000,5029000000,2965000000,2948000000,0,1714000000,14624000000,2363000000,24000000,24000000,0.04,0.05,0,546000000,-287000000,-706000000,-399000000,1379000000,455000000,21.96,23.72,20.21,0.0794,0.0066,4.43,5.46,43.06,0,0,4.9322,0.095,0.0176,0.37,0.14,1.3054
2006-09-30,664188411,664188411,1,31936000000,6878000000,26323000000,5953000000,2673000000,2940000000,0,1412000000,20170000000,3150000000,-340000000,-340000000,-0.52,-0.52,0,837000000,80000000,-244000000,659000000,1989000000,433000000,19.74,21.24,18.25,0.1593,0.0117,4.02,5.32,14.1,0,0,7.5458,0.0837,0.0293,0.4,0.61,1.1554
2006-06-30,661428135,661428135,1,30973000000,6129000000,26266000000,5187000000,2451000000,2256000000,0,1416000000,16081000000,3038000000,169000000,169000000,0.26,0.25,0,433000000,-424000000,-10000000,-9000000,1330000000,379000000,17.58,18.76,16.4,0.489,0.0313,3.71,5.28,13.73,0,0,6.561,0.0791,0.0797,0.39,0.08,1.1816
2006-03-31,658320997,658320997,1,30103000000,5628000000,26160000000,5104000000,2190000000,1753000000,0,1428000000,16119000000,3013000000,351000000,351000000,0.53,0.52,0,544000000,-271000000,-357000000,-48000000,1342000000,188000000,16.95,17.71,16.2,0.5307,0.0289,3.33,6.75,17.84,0,0,7.3603,0.0728,0.0749,0.39,0.54,1.1027
2005-12-31,657601448,657601448,1,29432000000,5232000000,26172000000,5406000000,1649000000,1611000000,0,1428000000,15908000000,2973000000,177000000,177000000,0.26,0.26,0,699000000,-176000000,-277000000,226000000,1390000000,331000000,16.02,17.1,14.94,0.4711,0.0215,2.51,7.49,20.28,0,0,9.6471,0.056,0.0568,0.38,0.56,0.9678
2005-09-30,655986313,655986313,1,29648000000,5406000000,26700000000,5294000000,1407000000,1541000000,0,1449000000,16339000000,2782000000,244000000,244000000,0.38,0.37,0,619000000,-363000000,-478000000,-217000000,1164000000,269000000,15.67,16.67,14.67,0.4443,0.0178,2.14,8.47,24.87,0,0,11.6127,0.0475,0.0488,0.36,0.53,1.0212
2005-06-30,655986313,655986313,1,29380000000,5336000000,26712000000,5359000000,1214000000,1454000000,0,1454000000,16329000000,2668000000,85000000,85000000,0.13,0.13,0,329000000,-228000000,-264000000,-118000000,1381000000,233000000,15.54,17.36,13.72,0.3536,0.0142,1.85,9.42,27.75,0,0,13.4506,0.0413,0.0404,0.35,0.15,0.9957
2005-03-31,653174893,653174893,1,28945000000,5044000000,26490000000,5169000000,1079000000,1376000000,0,1460000000,16454000000,2663000000,124000000,124000000,0.19,0.19,0,518000000,-106000000,-176000000,218000000,1499000000,269000000,15.24,17.65,12.84,0.3162,0.0126,1.65,10.23,33.87,0,0,15.2493,0.0373,0.0373,0.34,0.38,0.9758
2004-12-31,652132764,652132764,1,28923000000,4986000000,26672000000,4894000000,972000000,1279000000,0,1419000000,16827000000,2520000000,66000000,66000000,0.1,0.1,0,None,None,None,-227000000,1281000000,294000000,11.91,13.67,10.15,0.251,0.0099,1.49,5.41,None,0,0,17.3117,0.0336,0.0309,0.32,None,1.0188
2004-09-30,648800591,648800591,1,29956000000,5110000000,27300000000,5688000000,1430000000,1226000000,0,1376000000,21612000000,2423000000,140000000,140000000,0.22,0.21,0,499000000,-195000000,0,334000000,1582000000,221000000,9.93,10.65,9.2,-0.2006,-0.0073,2.2,5.46,None,0,None,15.1133,0.0477,None,0.29,0.43,0.8984
2004-06-30,646415379,646415379,1,28997000000,4484000000,26657000000,5236000000,1174000000,1166000000,0,1376000000,16540000000,2263000000,38000000,38000000,0.06,0.06,0,208000000,289000000,-354000000,128000000,1248000000,187000000,8.92,10.15,7.69,-0.3137,-0.0094,1.82,5.28,None,0,None,14.0886,0.0405,None,0.29,0.03,0.8564
2004-03-31,637168134,637168134,1,29734000000,4781000000,27492000000,5949000000,1077000000,1165000000,0,1381000000,16330000000,2257000000,48000000,48000000,0.08,0.08,0,402000000,-616000000,-387000000,-617000000,1120000000,190000000,9.37,10.71,8.02,-0.6853,-0.0144,1.69,9.1,None,0,None,15.1625,0.0362,None,0.27,0.33,0.8037
2003-12-31,628775109,628775109,1,29904000000,4886000000,28454000000,6487000000,645000000,805000000,0,1378000000,16792000000,1678000000,-443000000,-443000000,-0.72,-0.72,0,490000000,43000000,-279000000,265000000,1737000000,350000000,8.54,9.5,7.57,None,-0.0127,1.03,7.76,None,0,None,26.0341,0.0216,None,0.26,0.22,0.7532
2003-09-30,622687808,622687808,1,30415000000,4914000000,28831000000,7545000000,687000000,897000000,0,1385000000,15325000000,2322000000,76000000,76000000,0.12,0.12,0,349000000,-304000000,-254000000,-206000000,1477000000,305000000,6.8,7.7,5.91,None,-0.0831,1.1,20.61,None,0,None,22.3071,0.0226,None,0.26,0.07,0.6513
2003-06-30,619725595,619725595,1,34158000000,5319000000,33089000000,10343000000,206000000,863000000,0,1374000000,15385000000,2192000000,-129000000,-129000000,-0.22,-0.22,0,291000000,-317000000,405000000,492000000,1653000000,308000000,6.06,8.37,3.75,None,-0.0908,0.33,None,None,0,None,74.6845,0.006,None,0.24,-0.03,0.5143
2003-03-31,569651299,569651299,1,32869000000,4735000000,32207000000,9590000000,-144000000,806000000,0,1375000000,15493000000,2223000000,93000000,93000000,0.17,0.17,0,446000000,195000000,-225000000,394000000,1163000000,265000000,3.38,4.04,2.72,None,-0.0875,-0.25,None,None,0,None,None,None,None,0.23,0.32,0.4937
2002-12-31,564542183,564542183,1,33776000000,4349000000,33299000000,6511000000,-341000000,818000000,0,1388000000,16706000000,1644000000,-2767000000,-2767000000,-5.04,-5.04,0,262000000,-298000000,-171000000,-137000000,780000000,374000000,2.26,3.57,0.95,None,-0.0941,-0.6,0.51,None,0,None,None,None,None,0.23,-0.2,0.6679
2002-09-30,543800891,543800891,1,36566000000,5042000000,33249000000,8259000000,2413000000,904000000,0,2040000000,18132000000,2138000000,-314000000,-314000000,-0.58,-0.58,0,None,None,None,9000000,975000000,451000000,3.08,4.61,1.56,-0.1756,-0.0181,4.44,0.48,None,0,None,7.5143,0.066,None,0.24,None,0.6105
2002-06-30,542721411,542721411,1,38675000000,5405000000,34212000000,7958000000,3511000000,952000000,0,2262000000,19206000000,2131000000,-115000000,-115000000,-0.22,-0.22,0,433000000,-567000000,-100000000,-285000000,1028000000,638000000,6.36,9.17,3.55,-0.0809,-0.0098,6.47,0.8,None,0,None,5.4702,0.0908,None,0.25,-0.38,0.6792
2002-03-31,534295847,534295847,1,40201000000,5909000000,34672000000,7446000000,4259000000,1270000000,0,3105000000,20619000000,2719000000,-313000000,-313000000,-0.59,-0.58,0,627000000,-621000000,410000000,391000000,1313000000,653000000,10.97,17.84,4.11,-0.0284,-0.0039,7.97,1.06,21.51,0,None,4.8413,0.1059,None,0.26,-0.05,0.7936
2001-12-31,534019090,534019090,1,36736000000,4653000000,29667000000,5041000000,5539000000,1530000000,0,3208000000,19586000000,2299000000,52000000,52000000,0.1,0.09,0,380000000,-644000000,-80000000,-344000000,922000000,927000000,14.7,17.8,11.6,0.0494,0.0076,10.37,1.53,15.31,0,0,3.536,0.1508,0.0293,0.26,-1.02,0.923
2001-09-30,533053532,533053532,1,36381000000,4355000000,30143000000,5366000000,5128000000,1110000000,0,2834000000,19687000000,2268000000,3000000,3000000,0.01,0.01,0,198000000,-967000000,876000000,107000000,1297000000,1128000000,28.25,44.5,12,0.0829,0.0128,9.62,2.66,22.78,0,0,3.8391,0.141,0.0495,0.26,-1.74,0.8116
2001-06-30,532324037,532324037,1,35529000000,4425000000,28457000000,5569000000,5659000000,1413000000,0,2920000000,17898000000,2215000000,112000000,112000000,0.21,0.21,0,237000000,-772000000,-105000000,-640000000,1190000000,421000000,46.1,52.25,39.95,0.1133,0.0174,10.63,4.24,36.02,0,0,3.1627,0.1593,0.068,0.26,-0.35,0.7946
2001-03-31,532074637,532074637,1,35588000000,4929000000,28385000000,5326000000,5781000000,1422000000,0,2859000000,18020000000,2545000000,106000000,106000000,0.2,0.2,0,876000000,-931000000,935000000,880000000,1830000000,802000000,50.72,60.15,41.3,0.1233,0.0183,10.87,5.17,34.27,0,0,3.1171,0.1624,0.0738,0.25,0.14,0.9255
2000-12-31,490226393,490226393,1,31033000000,5573000000,24840000000,4882000000,4811000000,1382000000,0,2307000000,15699000000,1916000000,222000000,222000000,0.46,0.54,0,150000000,-2293000000,1918000000,-225000000,881000000,806000000,58.91,72.81,45,0.1637,0.0227,9.81,6.74,48.49,0,0,3.2631,0.155,0.0958,0.24,-1.34,1.1415
2000-09-30,458601795,458601795,1,29470000000,4770000000,24063000000,4262000000,4006000000,1401000000,0,953000000,14447000000,1761000000,134000000,134000000,0.29,0.29,0,-302000000,-637000000,845000000,-94000000,1106000000,793000000,57.69,70.25,45.13,0.1575,0.0207,8.74,6.6,53.92,0,0,3.6063,0.1359,0.09,0.23,-2.39,1.1192
2000-06-30,456774338,456774338,1,29020000000,4482000000,23310000000,4226000000,3990000000,1720000000,0,802000000,13528000000,1538000000,111000000,111000000,0.26,0.25,0,362000000,-1949000000,1965000000,378000000,1200000000,339000000,42.59,49.63,35.56,0.1657,0.0213,8.74,6.2,42.59,0,0,3.3905,0.1375,0.0912,0.23,0.05,1.0606
2000-03-31,207770572,415541144,2,23402000000,3354000000,19331000000,2541000000,2856000000,1215000000,0,817000000,12613000000,1476000000,174000000,174000000,0.85,0.8,0,249000000,-859000000,763000000,153000000,822000000,308000000,39.48,44.72,34.25,0.1951,0.0245,6.87,6.21,69.88,0,0,4.4163,0.122,0.1014,0.24,-0.14,1.32
1999-12-31,207234949,414469898,2,20880000000,2587000000,15777000000,2570000000,2637000000,2466000000,0,795000000,10818000000,1128000000,112000000,112000000,0.53,0.55,0,-146000000,-4651000000,4764000000,-33000000,669000000,233000000,31.7,38.19,25.22,0.1361,0.0168,6.36,8.71,59.25,0,0,4.1024,0.1263,0.0701,0.24,-0.91,1.0066
1999-09-30,206384035,412768070,2,12106000000,1866000000,9640000000,1878000000,1502000000,964000000,0,167000000,6837000000,847000000,58000000,58000000,0.3,0.29,0,184000000,-372000000,499000000,311000000,702000000,356000000,29.94,33.34,26.53,0.1434,0.019,3.64,7.6,49.08,0,0,4.5519,0.1241,0.0758,0.25,-0.42,0.9936
1999-06-30,192027295,384054590,2,11237000000,1271000000,8950000000,1290000000,1514000000,773000000,0,67000000,6660000000,640000000,71000000,71000000,0.37,0.36,0,151000000,-1195000000,998000000,-46000000,391000000,247000000,24.13,29.88,18.38,0.1536,0.0219,3.94,8.81,38.61,0,0,4.3989,0.1347,0.0919,0.24,-0.25,0.9853
1999-03-31,190839529,381679058,2,10165000000,1284000000,8361000000,2110000000,1046000000,758000000,0,66000000,5286000000,638000000,-13000000,-13000000,-0.07,-0.07,0,8000000,-170000000,108000000,-54000000,437000000,82000000,20.52,24.63,16.41,0.1532,0.0223,2.74,4.13,24.28,0,0,5.0535,0.1029,0.0947,0.24,-0.19,0.6085
1998-12-31,180567229,361134458,2,10781000000,446000000,8255000000,65000000,1794000000,732000000,0,66000000,5241000000,646000000,94000000,94000000,0.52,0.49,0,None,None,None,None,None,0,19.84,23.69,16,0.1899,0.0306,4.97,4.18,25.77,0,0,2.9214,0.1664,0.1297,0.24,None,6.8615
1998-09-30,180313356,360626712,2,10387000000,1230000000,8024000000,1866000000,1712000000,651000000,0,29000000,5057000000,612000000,81000000,81000000,0.45,0.44,0,-61000000,-29000000,106000000,16000000,383000000,131000000,19.59,27.69,11.5,0.1751,0.0282,4.75,4.49,28.81,0,0,2.9539,0.1648,0.1196,0.24,-0.53,0.6592
1998-06-30,175886504,351773008,2,10464000000,1174000000,8286000000,1436000000,1532000000,646000000,0,26000000,5854000000,565000000,71000000,71000000,0.41,0.39,0,190000000,-1431000000,1291000000,50000000,367000000,-10000000,25.81,29,22.63,0.1601,0.0274,4.36,5.99,42.31,0,0,3.8211,0.1464,0.1178,0.23,0.57,0.8175
1998-03-31,175492530,350985060,2,8995000000,1060000000,6829000000,751000000,1513000000,653000000,0,22000000,4909000000,575000000,65000000,65000000,0.37,0.37,0,8000000,100000000,-93000000,15000000,317000000,161000000,23.43,27.16,19.69,0.1524,0.0273,4.31,5.54,42.6,0,0,3.2445,0.1682,0.1217,0.22,-0.44,1.4115
1997-12-31,175065659,350131318,2,8909000000,1190000000,6353000000,1204000000,1481000000,1075000000,0,23000000,4585000000,531000000,56000000,56000000,0.34,None,0,76000000,-1672000000,1540000000,-56000000,302000000,179000000,21.16,24.82,17.5,0.1514,0.0286,4.23,5.12,42.96,0,0,3.0959,0.1662,0.1311,0.22,-0.29,0.9884
1997-09-30,174645911,349291822,2,6568000000,799000000,4495000000,829000000,1444000000,629000000,0,26000000,3387000000,358000000,47000000,47000000,0.26,None,0,22000000,-183000000,196000000,35000000,358000000,147000000,19.98,22.63,17.32,0.1598,0.032,4.13,6.49,42.74,0,0,2.3456,0.2199,0.1418,0.23,-0.36,0.9638
1997-06-30,87195334,348781336,4,6332000000,735000000,4636000000,1007000000,1073000000,623000000,0,56000000,3366000000,261000000,42000000,42000000,0.5,None,0,85000000,-1706000000,1521000000,-100000000,323000000,116000000,16.31,18.88,13.75,0.1778,None,3.08,5.87,37.49,0,0,3.137,0.1695,0.1484,0.23,-0.09,0.7299
1997-03-31,80195365,320781460,4,4078000000,730000000,2726000000,276000000,891000000,461000000,0,52000000,2166000000,261000000,40000000,40000000,0.5,None,0,10000000,-238000000,466000000,238000000,423000000,103000000,14.13,17.07,11.19,0.1869,None,2.78,6.06,34.89,0,0,2.431,0.2185,0.1472,0.26,-0.29,2.6449
1996-12-31,77492990,309971960,4,3622000000,502000000,2688000000,382000000,721000000,213000000,0,52000000,2008000000,284000000,36000000,36000000,0.45,None,0,35000000,-230000000,137000000,-58000000,185000000,185000000,11.17,12.53,9.81,None,None,2.33,5.01,None,0,0,2.785,0.1991,None,None,-0.48,1.3141
1996-09-30,77104441,308417764,4,3419000000,460000000,2540000000,492000000,689000000,190000000,0,40000000,1751000000,205000000,32000000,32000000,0.42,None,0,79000000,-289000000,233000000,23000000,243000000,124000000,8.39,10.13,6.66,None,None,2.23,4.13,None,0,None,2.5414,0.2015,None,None,-0.15,0.935
1996-06-30,75117079,300468316,4,2941000000,411000000,2151000000,265000000,610000000,180000000,0,41000000,1710000000,174000000,28000000,28000000,0.37,None,0,23000000,-550000000,540000000,13000000,220000000,166000000,6.49,7.41,5.57,None,None,2.03,3.35,None,0,None,2.8033,0.2074,None,None,-0.48,1.5509
1996-03-31,75017204,300068816,4,2353000000,394000000,1613000000,212000000,582000000,158000000,0,37000000,1233000000,172000000,29000000,29000000,0.38,None,0,45000000,-66000000,-11000000,-32000000,207000000,47000000,5.79,6.32,5.25,None,None,1.94,None,None,0,None,2.1186,0.2473,None,None,-0.01,1.8585
