"Quarter end","Shares","Shares split adjusted","Split factor","Assets","Current Assets","Liabilities","Current Liabilities","Shareholders equity","Non-controlling interest","Preferred equity","Goodwill & intangibles","Long-term debt","Revenue","Earnings","Earnings available for common stockholders","EPS basic","EPS diluted","Dividend per share","Cash from operating activities","Cash from investing activities","Cash from financing activities","Cash change during period","Cash at end of period","Capital expenditures","Price","Price high","Price low","ROE","ROA","Book value of equity per share","P/B ratio","P/E ratio","Cumulative dividends per share","Dividend payout ratio","Long-term debt to equity ratio","Equity to assets ratio","Net margin","Asset turnover","Free cash flow per share","Current ratio"
2019-03-31,422267046,422267046,1,8471000000,703000000,4223000000,1010000000,4248000000,0,0,0,2493000000,359000000,-48000000,-48000000,-0.11,-0.11,0,272000000,-237000000,-29000000,6000000,24000000,451000000,12.13,13.47,10.79,0.0529,0.0269,10.06,1.19,37.91,0,0,0.5869,0.5015,0.0932,0.28,-0.42,0.696
2018-12-31,420465218,420465218,1,8203000000,739000000,3902000000,715000000,4301000000,0,0,0,2509000000,1022000000,354000000,354000000,0.84,0.84,0,231000000,-493000000,230000000,-32000000,18000000,-219000000,15.35,20.8,9.89,0.0364,0.0189,10.23,1.64,None,0,0,0.5834,0.5243,0.0619,0.29,1.07,1.0336
2018-09-30,420292465,420292465,1,7918000000,578000000,3979000000,1131000000,3939000000,0,0,0,2243000000,484000000,-7000000,-7000000,-0.01,-0.01,0,224000000,-406000000,116000000,-66000000,50000000,1039000000,18.66,20.37,16.94,-0.0661,-0.0301,9.37,2.12,None,0,None,0.5694,0.4975,None,0.19,-1.94,0.5111
2018-06-30,420013829,420013829,1,7770000000,628000000,3835000000,1074000000,3935000000,0,232000000,0,2154000000,430000000,-81000000,-85000000,-0.21,-0.21,0,283000000,-359000000,-502000000,-578000000,116000000,-347000000,15.99,19.23,12.75,-0.1033,-0.0472,8.82,1.69,None,0,None,0.5817,0.4766,None,0.16,1.5,0.5847
2018-03-31,399625264,399625264,1,8127000000,1161000000,4121000000,925000000,4006000000,0,232000000,0,2576000000,374000000,-115000000,-119000000,-0.3,-0.3,0,145000000,362000000,-14000000,493000000,694000000,321000000,14.21,16.09,12.34,-0.0607,-0.0275,9.44,1.45,None,0,None,0.6826,0.4644,None,0.15,-0.44,1.2551
2017-12-31,398204221,398204221,1,8207000000,638000000,4080000000,839000000,4127000000,0,232000000,0,2575000000,238000000,-38000000,-42000000,-0.1,-0.1,0,279000000,190000000,-290000000,179000000,189000000,306000000,12.23,14.55,9.91,-0.0078,-0.002,9.78,1.24,None,0,None,0.6611,0.4746,None,0.17,-0.07,0.7604
2017-09-30,398156921,398156921,1,8095000000,648000000,3933000000,637000000,4162000000,0,232000000,0,2859000000,224000000,-146000000,-149000000,-0.38,-0.38,0,86000000,-320000000,236000000,2000000,10000000,313000000,10.27,11.67,8.87,-0.0431,-0.0192,9.87,1,None,0,None,0.7275,0.4855,None,0.15,-0.57,1.0173
2017-06-30,397854227,397854227,1,7962000000,393000000,3658000000,619000000,4304000000,0,232000000,0,2601000000,413000000,76000000,72000000,0.18,0.18,0,120000000,-275000000,21000000,-134000000,8000000,305000000,11.23,14.08,8.39,-0.0708,-0.0292,10.23,1.12,None,0,None,0.6388,0.5114,None,0.16,-0.46,0.6349
2017-03-31,397602353,397602353,1,7910000000,428000000,3688000000,588000000,4222000000,0,232000000,0,2575000000,461000000,92000000,88000000,0.23,0.22,0,22000000,-1033000000,657000000,-354000000,142000000,237000000,13.5,15.44,11.57,-0.1516,-0.0652,10.04,1.65,None,0,None,0.6454,0.5044,None,0.12,-0.54,0.7279
2016-12-31,396323493,396323493,1,7264000000,754000000,3798000000,677000000,3466000000,0,232000000,0,2575000000,88000000,-172000000,-175000000,-0.52,-0.52,0,153000000,-150000000,-130000000,-127000000,496000000,138000000,13.15,16.17,10.13,-0.1923,-0.0783,8.16,1.33,None,0,None,0.7962,0.4452,None,0.09,0.04,1.1137
2016-09-30,344461810,344461810,1,7446000000,909000000,3812000000,624000000,3634000000,0,232000000,0,2574000000,251000000,-219000000,-245000000,-0.72,-0.72,0,24000000,-384000000,-48000000,-408000000,623000000,149000000,11.32,13.92,8.71,-0.6018,-0.2469,9.88,1.11,None,0,None,0.7566,0.4569,None,0.14,-0.36,1.4567
2016-06-30,344335596,344335596,1,7862000000,1395000000,4004000000,697000000,3858000000,0,339000000,0,2572000000,138000000,-198000000,-204000000,-0.68,-0.68,0,69000000,749000000,202000000,1020000000,1031000000,106000000,8.94,11.59,6.29,-0.544,-0.2239,10.22,0.78,None,0,None,0.7309,0.4476,None,0.16,-0.11,2.0014
2016-03-31,276641972,276641972,1,8140000000,1563000000,4625000000,1029000000,3515000000,0,339000000,0,2746000000,216000000,-12000000,-17000000,-0.06,-0.06,0,16000000,95000000,-138000000,-27000000,11000000,185000000,4.78,7.03,2.53,-0.4692,-0.2043,11.48,0.41,None,0,None,0.8646,0.3902,None,0.17,-0.61,1.519
2015-12-31,275484692,275484692,1,8350000000,850000000,4815000000,690000000,3535000000,0,339000000,0,3189000000,495000000,-1534000000,-1534000000,-5.58,-5.58,0,182000000,-57000000,-186000000,-61000000,38000000,234000000,7.12,9.2,5.03,-0.415,-0.1956,11.6,0.41,24.55,0,None,0.9978,0.3828,None,0.21,-0.19,1.2319
2015-09-30,275276052,275276052,1,10907000000,937000000,5835000000,772000000,5072000000,0,339000000,0,3401000000,537000000,-230000000,-234000000,-0.93,-0.93,0,199000000,-1354000000,937000000,-218000000,99000000,211000000,8.82,12.39,5.24,0.0049,0.0029,17.19,0.47,5.8,0,0,0.7186,0.4339,0.0096,0.26,-0.04,1.2137
2015-06-30,235181715,235181715,1,7962000000,1067000000,3595000000,730000000,4367000000,0,0,0,2001000000,284000000,-30000000,-30000000,-0.14,-0.14,0,236000000,8000000,-9000000,235000000,317000000,199000000,12.8,14.65,10.95,0.0741,0.0384,18.57,0.6,12.8,0,0,0.4582,0.5485,0.1248,0.31,0.16,1.4616
2015-03-31,204742653,204742653,1,8103000000,1087000000,3714000000,836000000,4389000000,0,0,0,2001000000,572000000,67000000,67000000,0.33,0.32,0,194000000,87000000,-269000000,12000000,82000000,480000000,11.79,13.55,10.04,0.0506,0.0257,21.44,0.56,15.31,0,0,0.4559,0.5417,0.0692,0.37,-1.4,1.3002
2014-12-31,203877415,203877415,1,8798000000,1869000000,4370000000,1209000000,4319000000,109000000,0,0,2280000000,898000000,219000000,219000000,1.08,1.04,0,291000000,-498000000,212000000,5000000,70000000,1434000000,17.21,24.42,10.01,0.0396,0.0195,21.18,0.85,None,0,0,0.5279,0.4909,0.047,0.41,-5.61,1.5459
2014-09-30,203370114,203370114,1,8244000000,1005000000,4042000000,1011000000,4094000000,108000000,0,0,2052000000,794000000,62000000,62000000,0.3,0.3,0,259000000,-544000000,246000000,-40000000,65000000,150000000,23.42,26.79,20.05,-0.2514,-0.1234,20.13,1.18,None,0,None,0.5012,0.4966,None,0.39,0.54,0.9941
2014-06-30,202922980,202922980,1,8018000000,877000000,3894000000,1013000000,4020000000,104000000,0,0,1799000000,814000000,-135000000,-135000000,-0.66,-0.66,0,314000000,-41000000,-226000000,47000000,105000000,21000000,21.16,24.35,17.97,-0.2778,-0.1392,19.81,1.04,None,0,None,0.4475,0.5014,None,0.36,1.44,0.8657
2014-03-31,202150303,202150303,1,8637000000,961000000,4404000000,1045000000,4131000000,102000000,0,0,2044000000,987000000,18000000,18000000,0.09,0.09,0,206000000,-354000000,112000000,-41000000,58000000,352000000,18.68,20.55,16.8,-0.2273,-0.1165,20.44,0.92,None,0,None,0.4948,0.4783,None,0.35,-0.72,0.9196
2013-12-31,201737171,201737171,1,8429000000,922000000,4219000000,1007000000,4109000000,101000000,0,0,1916000000,657000000,-973000000,-973000000,-4.84,-4.84,0,118000000,-275000000,153000000,-4000000,99000000,311000000,20.62,23.69,17.54,-0.2429,-0.1287,20.37,0.82,None,0,None,0.4663,0.4875,None,0.3,-0.96,0.9156
2013-09-30,200808558,200808558,1,9523000000,694000000,4338000000,726000000,5074000000,111000000,0,0,1780000000,658000000,-114000000,-114000000,-0.57,-0.57,0,231000000,-295000000,82000000,18000000,108000000,295000000,19.23,20.36,18.1,-0.0615,-0.0336,25.27,0.74,None,0,None,0.3508,0.5328,None,0.31,-0.32,0.9559
2013-06-30,200587742,200587742,1,9483000000,716000000,4193000000,701000000,5179000000,111000000,0,0,1690000000,815000000,18000000,18000000,0.09,0.09,0,144000000,-270000000,104000000,-22000000,90000000,277000000,17.99,21.11,14.87,-0.051,-0.0283,25.82,0.7,None,0,None,0.3263,0.5461,None,0.31,-0.66,1.0214
2013-03-31,200228607,200228607,1,9404000000,680000000,4147000000,751000000,5151000000,106000000,0,0,1589000000,631000000,-116000000,-116000000,-0.58,-0.58,0,143000000,-271000000,87000000,-41000000,112000000,271000000,15.5,16.98,14.03,-0.0554,None,25.73,0.59,None,0,None,0.3085,0.5477,None,0.3,-0.64,0.9055
2012-12-31,200132338,200132338,1,9456000000,772000000,4085000000,726000000,5268000000,103000000,0,0,1508000000,827000000,-106000000,-106000000,-0.53,-0.53,0,205000000,-350000000,58000000,-87000000,153000000,356000000,16.37,18.31,14.43,-0.0408,None,26.32,0.6,None,0,None,0.2863,0.5571,None,0.33,-0.75,1.0634
2012-09-30,199189894,199189894,1,9583000000,887000000,4087000000,681000000,5405000000,91000000,0,0,1509000000,677000000,-64000000,-64000000,-0.32,-0.32,0,148000000,-335000000,0,-187000000,240000000,337000000,15.94,17.73,14.15,None,None,27.13,0.57,None,0,None,0.2792,0.564,None,None,-0.95,1.3025
2012-06-30,199036609,199036609,1,9842000000,1213000000,4211000000,789000000,5543000000,88000000,0,0,1509000000,775000000,-10000000,-10000000,-0.05,-0.05,0,189000000,-124000000,0,65000000,427000000,400000000,16.06,18.9,13.22,None,None,27.85,0.57,None,0,None,0.2722,0.5632,None,None,-1.06,1.5374
2012-03-31,198718169,198718169,1,10269000000,1684000000,4560000000,1062000000,5625000000,84000000,0,0,1509000000,910000000,-43000000,-43000000,-0.22,-0.22,0,252000000,-395000000,-21000000,-164000000,362000000,428000000,16.97,19.74,14.2,None,None,28.31,0.59,None,0,None,0.2683,0.5478,None,None,-0.89,1.5857
2011-12-31,198714249,198714249,1,10432000000,1674000000,4754000000,1156000000,5678000000,0,0,0,1503000000,None,None,None,None,None,0,None,None,None,None,526000000,0,None,None,None,None,None,28.57,None,None,0,None,0.2647,0.5443,None,None,None,1.4481
