"Quarter end","Shares","Shares split adjusted","Split factor","Assets","Current Assets","Liabilities","Current Liabilities","Shareholders equity","Non-controlling interest","Preferred equity","Goodwill & intangibles","Long-term debt","Revenue","Earnings","Earnings available for common stockholders","EPS basic","EPS diluted","Dividend per share","Cash from operating activities","Cash from investing activities","Cash from financing activities","Cash change during period","Cash at end of period","Capital expenditures","Price","Price high","Price low","ROE","ROA","Book value of equity per share","P/B ratio","P/E ratio","Cumulative dividends per share","Dividend payout ratio","Long-term debt to equity ratio","Equity to assets ratio","Net margin","Asset turnover","Free cash flow per share","Current ratio"
2019-06-30,160300000,160300000,1,19930960000,6390629000,14502158000,5706944000,4049298000,1379504000,0,6933984000,8067047000,2842705000,273551000,273551000,1.64,1.64,0,609811000,3603050000,-1635504000,2578201000,3682410000,-3676341000,50.68,57.96,43.4,0.0353,0.0067,25.26,2.18,72.4,0,0,1.9922,0.2032,0.0121,0.56,26.74,1.1198
2019-03-31,166400000,166400000,1,22605944000,9225076000,17376227000,8230877000,3875354000,1354363000,0,6867378000,8412789000,2743112000,149289000,149289000,0.9,0.9,0,141304000,-200358000,324951000,264976000,561434000,198878000,54.72,59.97,49.48,0.0332,0.0065,23.29,2.46,70.15,0,0,2.1708,0.1714,0.0115,0.56,-0.35,1.1208
2018-12-31,166400000,166400000,1,19110252000,8424159000,14077213000,4891161000,3703442000,1329597000,0,6929701000,8172847000,2821124000,-149772000,-149772000,-0.91,-0.91,0,389392000,-344324000,-202015000,-154507000,415420000,281479000,63.68,79.11,48.25,0.0389,0.0083,22.26,2.76,18.9,0,0,2.2068,0.1938,0.014,0.59,0.65,1.7223
2018-09-30,166000000,166000000,1,19357789000,8929501000,14264115000,4855104000,3824649000,1269025000,0,6800268000,8440673000,2847330000,-136796000,-136796000,-0.82,-0.82,0,457673000,-237255000,-117430000,100671000,540155000,231682000,70.13,74.72,65.54,0.141,0.032,23.04,2.74,22.99,0,0,2.2069,0.1976,0.0539,0.59,1.36,1.8392
2018-06-30,166900000,166900000,1,19435564000,9085362000,13903899000,4783778000,4279184000,1252481000,0,6778814000,8175573000,2886953000,267276000,267276000,1.56,1.53,0,562036000,-223936000,-83362000,244597000,480148000,241534000,67.61,73.5,61.72,0.1167,0.028,25.64,2.58,31.16,0,0,1.9105,0.2202,0.043,0.65,1.92,1.8992
2018-03-31,174500000,174500000,1,18942372000,8673555000,13125790000,2947523000,4580680000,1235902000,0,6751958000,9279885000,2849444000,178686000,178686000,1,0.98,0,362539000,-200128000,-222547000,-53468000,447618000,232443000,72.66,80.71,64.62,0.0825,0.0207,26.25,2.82,20.88,0,0,2.0259,0.2418,0.0294,0.7,0.75,2.9427
2017-12-31,182000000,182000000,1,18948193000,8744358000,13050767000,3041177000,4690029000,1207397000,0,6724106000,9158018000,2780913000,303396000,303396000,1.64,1.68,0,342910000,-259498000,-236425000,-158208000,508234000,173085000,62.72,72.93,52.51,0.1348,0.0346,25.77,2.4,24.22,0,0,1.9527,0.2475,0.0465,0.74,0.93,2.8753
2017-09-30,183300000,183300000,1,19013339000,4033549000,13017320000,2874793000,4784581000,1211438000,0,10866910000,8908703000,3922831000,-214476000,-214476000,-1.14,-1.14,0,553095000,-255585000,-164654000,134113000,846110000,240889000,61.12,66.64,55.59,0.1054,0.0271,26.1,2.3,9.42,0,0,1.862,0.2516,0.034,0.8,1.7,1.4031
2017-06-30,191200000,191200000,1,19341784000,4023768000,13060184000,2773325000,5084314000,1197286000,0,11352685000,8910814000,3877477000,127001000,127001000,0.66,0.65,0,146270000,-601636000,-306241000,-760235000,711997000,184405000,65.82,70.16,61.48,0.2636,0.0683,26.59,2.49,10.79,0,0,1.7526,0.2629,0.0868,0.79,-0.2,1.4509
2017-03-31,194600000,194600000,1,19388264000,4603900000,13067825000,2813577000,5139929000,1180510000,0,10939499000,8918878000,3697283000,447697000,447697000,2.33,2.29,0,865174000,-250012000,-58937000,559045000,1472232000,214535000,66.19,70.14,62.24,0.253,0.065,26.41,2.77,15.46,0,0,1.7352,0.2651,0.0828,0.78,3.34,1.6363
2016-12-31,194600000,194600000,1,18741257000,3980228000,12918258000,2696445000,4648047000,1174952000,0,10935084000,8947327000,3715742000,157726000,157726000,0.81,0.79,0,482182000,55574000,-544005000,-309000,913187000,189052000,60.97,67.44,54.5,0.1851,0.047,23.89,2.45,17.62,0,0,1.925,0.248,0.0597,0.79,1.51,1.4761
2016-09-30,197400000,197400000,1,18925653000,4261359000,12834518000,2639469000,4911746000,1179389000,0,10959153000,8972002000,3730576000,571332000,571332000,2.8,2.76,0,535623000,-499013000,-404422000,-369920000,913496000,216691000,70.77,78.77,62.76,0.1489,0.0384,24.88,3.09,41.63,0,0,1.8266,0.2595,0.0492,0.78,1.62,1.6145
2016-06-30,206900000,206900000,1,18691630000,4496217000,12796024000,2645662000,4746054000,1149552000,0,10991958000,8957257000,3717651000,53382000,53382000,0.26,0.26,0,516637000,-203918000,-70457000,241989000,1283416000,185440000,75.16,78,72.31,0.0747,0.0193,22.94,3.3,33.86,0,0,1.8873,0.2539,0.0251,0.77,1.6,1.6995
2016-03-31,206500000,206500000,1,18514198000,4199560000,12679761000,2443618000,4703926000,1130511000,0,11164335000,8979855000,3581136000,97434000,97434000,0.48,0.47,0,429002000,-554311000,-333097000,-457689000,1041427000,173187000,67.77,74.18,61.36,0.097,0.0255,22.78,3,55.1,0,0,1.909,0.2541,0.0339,0.75,1.24,1.7186
2015-12-31,215500000,215500000,1,18514875000,4503280000,12566637000,2399138000,4870780000,1077458000,0,10981805000,9001308000,3533589000,-6000000,-6000000,-0.03,-0.03,0,436673000,268600000,-252849000,451697000,1499116000,226070000,73.14,78.94,67.34,0.054,0.0144,22.6,3.09,33.1,0,0,1.848,0.2631,0.0196,0.74,0.98,1.877
2015-09-30,211000000,211000000,1,18894828000,4737886000,12805492000,2410554000,4990353000,1098983000,0,11314361000,9082096000,3525665000,215872000,215872000,1.02,1,0,678996000,-203047000,-361214000,113684000,1047419000,171340000,76,81.89,70.12,0.0954,0.0261,23.65,3.18,36.89,0,0,1.8199,0.2641,0.0356,0.73,2.41,1.9655
2015-06-30,215500000,215500000,1,18946818000,4780921000,12736776000,2334290000,5146849000,1063193000,0,11319378000,9101052000,3434618000,170477000,170477000,0.8,0.78,0,31442000,-695050000,585961000,-77536000,933735000,50596000,82.24,85.17,79.31,0.0892,0.0246,23.88,3.56,41.96,0,0,1.7683,0.2716,0.034,0.73,-0.09,2.0481
2015-03-31,215000000,215000000,1,18366663000,4300795000,12347557000,2679516000,4971410000,1047696000,0,11335566000,8380153000,3287965000,-110617000,-110617000,-0.52,-0.52,0,410089000,-252287000,-110868000,46030000,1011271000,240277000,77.47,83.04,71.89,0.0863,0.0237,23.12,3.23,23.26,0,0,1.6857,0.2707,0.0329,0.72,0.79,1.6051
2014-12-31,215800000,215800000,1,17942715000,3876797000,11752439000,2088652000,5170513000,1019763000,0,11364793000,8383280000,3328017000,208020000,208020000,0.97,0.95,0,-69991000,-446544000,-45970000,-561794000,965241000,391493000,75.05,78.07,72.03,0.1476,0.0405,23.96,3.24,22.34,0,0,1.6214,0.2882,0.0565,0.72,-2.14,1.8561
2014-09-30,214900000,214900000,1,18101416000,4178435000,12191198000,2597631000,4975042000,935176000,0,11342413000,8380903000,3251824000,184122000,184122000,0.87,0.85,0,847900000,-388330000,-355657000,106062000,1527035000,605016000,72.69,74.94,70.44,0.1543,0.0413,23.15,3.26,23.08,0,0,1.6846,0.2748,0.058,0.71,1.13,1.6086
2014-06-30,214800000,214800000,1,17925571000,4161247000,12208504000,2608148000,4785771000,931296000,0,11276918000,8390578000,3172489000,147683000,147683000,0.7,0.68,0,262391000,-247062000,298773000,312904000,1420973000,151861000,70.03,72.95,67.12,0.1499,0.0393,22.28,3.22,19.16,0,0,1.7532,0.267,0.0554,0.71,0.51,1.5955
2014-03-31,214200000,214200000,1,17398342000,3707233000,11867926000,2566174000,4659567000,870849000,0,11268001000,8071622000,3042776000,183289000,183289000,0.87,0.85,0,419107000,-195793000,-62125000,161820000,1108069000,126517000,66.28,69.81,62.74,0.1799,0.0464,21.75,3.19,22.51,0,0,1.7323,0.2678,0.0657,0.71,1.37,1.4447
2013-12-31,213200000,213200000,1,17098877000,3472278000,11796036000,2462049000,4432479000,870362000,0,11237347000,8141231000,3063209000,212278000,212278000,1.01,0.98,0,354187000,-299796000,-78768000,-24445000,946249000,218041000,59.21,63.39,55.03,0.1524,0.0379,20.79,2.95,21.77,0,0,1.8367,0.2592,0.0538,0.7,0.64,1.4103
2013-09-30,212700000,212700000,1,16827319000,3381408000,11768656000,2453126000,4267986000,790677000,0,11203810000,8181434000,2999586000,136628000,136887000,0.65,0.64,0,733128000,-229199000,-150474000,352790000,970694000,143258000,57.19,60.62,53.76,0.1447,0.0351,20.07,2.95,20.21,0,0,1.9169,0.2536,0.0519,0.68,2.77,1.3784
2013-06-30,106300000,212600000,2,16455509000,3131834000,11572726000,2214888000,4124881000,757902000,0,11133522000,8234290000,2871673000,254376000,254117000,2.42,2.37,0,306819000,-201876000,-186357000,-81767000,617904000,139536000,62.13,65.6,58.66,0.1645,0.0392,19.4,3.46,29.03,0,0,1.9962,0.2507,0.058,0.68,0.79,1.414
2013-03-31,105800000,211600000,2,16413477000,3191168000,11851052000,2325239000,3799442000,762983000,0,11119079000,8277259000,2829582000,30164000,30164000,0.29,0.28,0,379207000,-146011000,-67392000,165923000,699671000,54504000,57.91,61.68,54.15,0.1366,0.0325,17.96,3.25,21.21,0,0,2.1785,0.2315,0.0466,0.7,1.53,1.3724
2012-12-31,105500000,211000000,2,16018596000,2878794000,11509856000,2018174000,3763137000,745603000,0,11092747000,8326534000,2426939000,155839000,155839000,1.55,1.51,0,200235000,-4045693000,3997841000,151554000,533748000,169756000,54.61,57.49,51.72,0.1957,0.0474,17.83,4.11,19.79,0,0,2.2127,0.2349,0.0655,0.72,0.14,1.4264
2012-09-30,95400000,190800000,2,10824112000,2325674000,7603707000,1336837000,2537421000,682984000,0,5502502000,5620716000,1962966000,144721000,144721000,1.52,1.5,0,366634000,-199546000,-58490000,108749000,382194000,128346000,49.61,51.81,47.4,0.2266,0.0554,13.3,3.95,18.24,0,0,2.2151,0.2344,0.0694,0.8,1.25,1.7397
2012-06-30,94600000,189200000,2,9254933000,2178751000,6224238000,1235864000,2378592000,652103000,0,5420378000,4392908000,1929740000,95337000,95337000,1.01,0.99,0,202105000,-353521000,-24310000,-175845000,273445000,136851000,44.61,49.11,40.12,0.2362,0.0576,12.57,3.69,16.28,0,0,1.8469,0.257,0.0696,0.83,0.34,1.7629
2012-03-31,94000000,188000000,2,9157084000,2374400000,6250663000,1242115000,2274530000,631891000,0,5225194000,4401865000,1866635000,140120000,140120000,1.49,1.46,0,331874000,-233690000,-42657000,55538000,449290000,111634000,41.83,45.09,38.57,0.2526,0.0599,12.1,3.66,16.8,0,0,1.9353,0.2484,0.0723,0.83,1.17,1.9116
2011-12-31,93700000,187400000,2,8892172000,2281608000,6145831000,1153116000,2141075000,605266000,0,5106467000,4417624000,1856858000,148123000,148355000,1.58,1.57,0,150659000,-266221000,-31892000,-147454000,393752000,168717000,34.36,38.41,30.32,0.2363,0.056,11.43,3.21,16.72,0,0,2.0633,0.2408,0.0685,0.82,-0.1,1.9786
2011-09-30,93500000,187000000,2,8706668000,2370167000,6173373000,1205920000,1999253000,534042000,0,4929754000,4417468000,1807869000,135361000,135344000,1.45,1.42,0,495194000,-824451000,140638000,-188619000,541206000,48281000,38.01,44.68,31.34,0.2012,0.0479,10.69,3.77,19.8,0,0,2.2096,0.2296,0.0589,0.81,2.39,1.9654
2011-06-30,93400000,186800000,2,8192721000,2513364000,5830091000,1035611000,1880859000,481771000,0,4380242000,4210823000,1711529000,100015000,100108000,1.05,1.03,0,204410000,-163168000,-317427000,-276185000,729825000,87257000,42.97,44.59,41.35,0.1856,0.0475,10.07,3.96,22.32,0,0,2.2388,0.2296,0.0579,0.82,0.63,2.4269
2011-03-31,95500000,191000000,2,8322941000,2726916000,5780052000,1007373000,2074395000,468494000,0,4338690000,4218201000,1605958000,94502000,94529000,0.98,0.96,0,329783000,-145388000,-38502000,145893000,1006010000,64718000,38.64,42.76,34.53,0.1806,0.0494,10.86,3.75,19.66,0,0,2.0335,0.2492,0.0603,0.82,1.39,2.707
2010-12-31,96000000,192000000,2,8114424000,2622854000,5694238000,924345000,1978422000,441764000,0,4253942000,4233850000,1649417000,69020000,69020000,0.72,0.7,0,120551000,-151320000,356321000,325552000,860117000,104970000,35.58,37.05,34.12,0.1835,0.0523,10.3,2.98,16.59,0,0,2.14,0.2438,0.063,0.83,0.08,2.8375
2010-09-30,97200000,194400000,2,7627105000,2262005000,4882260000,1111784000,2321433000,423412000,0,4177340000,3266190000,1651649000,119387000,119413000,1.16,1.15,0,161366000,-115510000,-86007000,-40151000,534565000,69235000,31.47,34.52,28.41,0.1983,0.0586,11.94,2.81,14.99,0,0,1.407,0.3044,0.0702,0.84,0.47,2.0346
2010-06-30,102600000,205200000,2,7577681000,2265150000,4873512000,1118818000,2301271000,402898000,0,4140699000,3287523000,1586907000,107853000,108651000,1.05,1.04,0,295919000,-146240000,-330872000,-181193000,574716000,55349000,31.76,33.31,30.21,0.2,0.0577,11.21,2.92,15.2,0,0,1.4286,0.3037,0.0698,0.83,1.17,2.0246
2010-03-31,103900000,207800000,2,7691718000,2461251000,5022597000,1047475000,2261148000,407973000,0,4071671000,3509713000,1559418000,109423000,109423000,1.05,1.04,0,261847000,-23563000,-21834000,216450000,755909000,26321000,30.79,32.09,29.49,0.2058,0.0577,10.88,3,15.17,0,0,1.5522,0.294,0.0701,0.82,1.13,2.3497
2009-12-31,104000000,208000000,2,7558236000,2302521000,5032352000,1046941000,2135066000,390818000,0,4087928000,3532217000,1568204000,109724000,109724000,1.06,1.06,0,152591000,-97312000,-97500000,-42221000,539459000,67580000,28.64,30.77,26.52,0.2093,0.0568,10.26,2.82,14.54,0,0,1.6544,0.2825,0.0692,0.82,0.41,2.1993
2009-09-30,102200000,204400000,2,7537708000,2308533000,5106739000,1113509000,2076803000,354166000,0,4074889000,3555853000,1573915000,110930000,110930000,1.07,1.06,0,167487000,-88376000,-41544000,37567000,581680000,66976000,26.11,28.32,23.89,0.2084,0.0558,10.16,2.71,13.85,0,0,1.7122,0.2755,0.0685,0.81,0.49,2.0732
2009-06-30,104000000,208000000,2,7441034000,2233397000,5096081000,1108840000,2000058000,344895000,0,4057213000,3579417000,1519041000,105819000,105819000,1.02,1.02,0,212383000,-61709000,-12244000,138430000,544113000,59478000,22.98,24.78,21.18,0.2042,0.0541,9.62,2.55,12.59,0,0,1.7897,0.2688,0.0671,0.81,0.74,2.0142
2009-03-31,103400000,206800000,2,7235411000,2031463000,5021670000,1026606000,1865942000,347799000,0,4061585000,3600233000,1447640000,96211000,96211000,0.93,0.92,0,134249000,-98663000,-40784000,-5198000,405683000,73203000,23.84,26.52,21.17,0.2044,0.0534,9.02,2.54,13.51,0,0,1.9294,0.2579,0.0665,0.8,0.3,1.9788
2008-12-31,104200000,208400000,2,7286091000,2128304000,5333633000,1163063000,1952458000,0,0,4037452000,3622421000,1461010000,98365000,98365000,0.94,0.94,0,184170000,-95429000,-65807000,22934000,410881000,94111000,24.85,28.38,21.33,0.2012,0.0525,9.37,2.71,14.75,0,0,1.8553,0.268,0.0661,0.79,0.43,1.8299
2008-09-30,103800000,207600000,2,7171893000,2063989000,5265214000,1123750000,1906679000,0,0,4021871000,3643275000,1447135000,93910000,93910000,0.9,0.89,0,146227000,-106569000,21303000,60961000,387947000,78844000,28.16,30,26.32,0.2004,0.0514,9.18,3.31,16.76,0,0,1.9108,0.2659,0.0651,0.79,0.32,1.8367
2008-06-30,104400000,208800000,2,7049560000,1989239000,5269681000,1149460000,1779879000,0,0,4002827000,3657118000,1407304000,94951000,94951000,0.91,0.9,0,134510000,-132249000,-154591000,-152330000,326986000,80334000,25.41,26.93,23.89,0.2087,0.0522,8.52,2.96,14,0,0,2.0547,0.2525,0.0667,0.78,0.26,1.7306
2008-03-31,104700000,209400000,2,6990432000,2018477000,5192106000,1070734000,1798326000,0,0,3950067000,3669809000,1344724000,86934000,86934000,0.81,0.8,0,91024000,-59713000,959000,32270000,479316000,64673000,25.42,29.61,21.24,0.2356,0.0573,8.59,3.1,14.32,0,0,2.0407,0.2573,0.0736,0.78,0.13,1.8851
2007-12-31,105600000,211200000,2,6943960000,1976250000,5211710000,1086496000,1732250000,0,0,3950975000,3683887000,1354869000,85717000,85717000,0.8,0.78,0,223326000,-183619000,16039000,55746000,447046000,96134000,30.55,33.27,27.82,0.2457,0.0567,8.2,4,17.66,0,0,2.1266,0.2495,0.0725,0.78,0.6,1.8189
2007-09-30,106700000,213400000,2,6781435000,1920520000,5006151000,1041580000,1627266000,148018000,0,3914583000,3695586000,1318381000,94455000,94455000,0.89,0.88,0,95778000,-133476000,32096000,-5602000,391300000,71079000,28.99,31.59,26.39,0.2585,0.0559,7.63,4.08,16.66,0,0,2.271,0.24,0.0714,0.78,0.12,1.8439
2007-06-30,105700000,211400000,2,6671382000,1887480000,5037025000,1073469000,1500656000,133701000,0,3853882000,3698403000,1312735000,125024000,125024000,1.19,1.17,0,125901000,-49698000,-35685000,40518000,396902000,55555000,27.51,28.74,26.28,0.2825,0.0569,7.1,4.28,18.91,0,0,2.4645,0.2249,0.0727,0.78,0.33,1.7583
2007-03-31,105300000,210600000,2,6537997000,1748032000,5056358000,1043046000,1354143000,127496000,0,3857832000,3721373000,1278166000,76582000,76582000,0.73,0.72,0,88031000,-59679000,17830000,46182000,356384000,49444000,27.52,29.27,25.77,0.2579,0.048,6.43,4.58,20.09,0,0,2.7481,0.2071,0.0618,0.78,0.18,1.6759
2006-12-31,103600000,207200000,2,6491816000,1709496000,5123533000,1112172000,1245924000,122359000,0,3871574000,3730380000,1272617000,74129000,74129000,0.72,0.69,0,190108000,-85262000,-54922000,49924000,310202000,81283000,27.81,29.68,25.95,0.2635,0.0457,6.01,5.05,20.91,0,0,2.9941,0.1919,0.0594,0.77,0.53,1.5371
2006-09-30,104000000,208000000,2,6344130000,1612758000,5085596000,1010357000,1146812000,111722000,0,3871849000,3818111000,1237041000,94856000,94856000,0.91,0.9,0,96937000,-67310000,-108668000,-79041000,260278000,66063000,26.77,29.39,24.16,0.2795,0.0445,5.51,5.32,23.38,0,0,3.3293,0.1808,0.0602,0.74,0.15,1.5962
2006-06-30,103600000,207200000,2,6341411000,1629623000,5190575000,981047000,1042844000,107992000,0,3864912000,3939047000,1207816000,63237000,63237000,0.61,0.6,0,256090000,-104009000,-91908000,60173000,339319000,67371000,26.59,29.38,23.8,0.2647,0.0443,5.03,5.71,24.17,0,0,3.7772,0.1644,0.0588,0.75,0.91,1.6611
2006-03-31,103300000,206600000,2,6189454000,1537439000,5133320000,829125000,962532000,93602000,0,3836382000,4039333000,1163188000,57469000,57469000,0.56,0.55,0,-23564000,-55482000,-73619000,-152665000,279146000,47991000,27.95,30.14,25.76,0.2809,0.0508,4.66,6.62,25.41,0,0,4.1966,0.1555,0.0651,0.78,-0.35,1.8543
2005-12-31,100900000,201800000,2,6279762000,1654408000,5340514000,989733000,850609000,88639000,0,3830327000,4085435000,1038093000,64149000,64149000,0.62,0.61,0,183344000,-2831236000,2742507000,94615000,431811000,63836000,25.37,26.8,23.94,0.3123,0.0629,4.22,6.68,23.6,0,0,4.803,0.1355,0.0769,0.82,0.59,1.6716
2005-09-30,101700000,203400000,2,2868535000,1029181000,2020243000,470991000,772533000,75759000,0,1339906000,1360665000,676820000,55217000,55217000,0.55,0.53,0,84609000,-67480000,7306000,24435000,337196000,31624000,22.77,23.89,21.64,0.34,0.082,3.8,6.7,20.61,0,0,1.7613,0.2693,0.0866,0.95,0.26,2.1851
2005-06-30,101000000,202000000,2,2751493000,979208000,1997858000,458851000,686830000,66805000,0,1317391000,1361387000,649047000,52943000,52943000,0.53,0.51,0,106195000,-120803000,9490000,-5118000,312761000,40280000,21.68,23.36,20,0.3968,0.0875,3.4,7.02,19.71,0,0,1.9821,0.2496,0.0916,0.96,0.33,2.134
2005-03-31,100100000,200200000,2,2649812000,961917000,1973709000,432861000,618413000,57690000,0,1240200000,1362006000,609958000,56334000,56334000,0.57,0.55,0,111406000,-25844000,-19662000,65900000,317879000,25625000,20.84,22.05,19.63,0.4372,0.0928,3.09,7.98,19.27,0,0,2.2024,0.2334,0.0951,0.98,0.43,2.2222
2004-12-31,100200000,200400000,2,2511959000,868720000,1935632000,441735000,523134000,53193000,0,1216945000,1322468000,616003000,56602000,56602000,0.57,0.56,0,87341000,-48732000,-13572000,25037000,251979000,38456000,17.25,19.81,14.7,0.4838,0.0974,2.61,7.44,15.61,0,0,2.528,0.2083,0.0967,1.01,0.24,1.9666
2004-09-30,97600000,195200000,2,2430891000,826874000,1933615000,445653000,452336000,44940000,0,1199196000,1334687000,595531000,60386000,60386000,0.61,0.59,0,115852000,-247446000,157835000,26241000,226942000,34733000,14.89,16.09,13.69,0.5636,0.1067,2.32,6.36,15.04,0,0,2.9507,0.1861,0.1022,1.04,0.42,1.8554
2004-06-30,100500000,201000000,2,2136374000,748433000,1624775000,384379000,471208000,40391000,0,1008634000,1094247000,551630000,52401000,52401000,0.53,0.5,0,90636000,-43545000,454000,47545000,200701000,30458000,15.84,17.09,14.6,0.5808,0.1009,2.34,8.04,17.16,0,0,2.3222,0.2206,0.0957,1.05,0.3,1.9471
2004-03-31,66200000,198600000,3,2050354000,689495000,1623328000,381537000,390826000,36200000,0,998464000,1105277000,535431000,52865000,52865000,0.81,0.77,0,126116000,-39938000,5321000,91499000,153156000,24681000,14.29,15.93,12.66,0.6946,0.0951,1.97,8.61,17.01,0,0,2.8281,0.1906,0.0919,1.04,0.51,1.8072
2003-12-31,61604379,184813137,3,1945530000,605058000,1605372000,362820000,306871000,33287000,0,984159000,1117002000,553446000,62798000,62798000,0.97,0.91,0,34576000,-65999000,-179029000,-210452000,61657000,36241000,12.16,13.33,10.98,0.8494,0.0878,1.66,9.28,12.94,0,0,3.64,0.1577,0.0872,1.01,-0.01,1.6677
2003-09-30,63700000,191100000,3,2037865000,740576000,1758305000,380071000,250688000,28872000,0,961296000,1272648000,513282000,38060000,38060000,0.58,0.54,0,99645000,-42282000,-100860000,-43497000,272109000,21954000,9.88,10.83,8.94,None,0.0876,1.31,12.35,9.88,0,0,5.0766,0.123,0.0874,1,0.41,1.9485
2003-06-30,66500000,199500000,3,2049391000,765867000,1862327000,361539000,158674000,28390000,0,962912000,1409687000,489883000,38520000,38520000,0.63,0.55,0,78778000,-64900000,-3266000,10612000,315606000,20369000,7.75,8.98,6.51,None,0.0993,0.8,12.7,9.12,0,0,8.8842,0.0774,0.0972,1.02,0.29,2.1184
2003-03-31,61100000,183300000,3,1979674000,742426000,1840961000,337649000,111557000,27156000,0,925529000,1420585000,459807000,36413000,36413000,0.6,0.52,0,80649000,-20795000,148665000,208519000,304994000,21708000,7.52,8.53,6.52,None,0.0864,0.61,21.49,9.28,0,0,12.7342,0.0564,0.0836,1.03,0.32,2.1988
2002-12-31,67317502,201952506,3,1775693000,544526000,1679200000,292601000,70264000,26229000,0,927945000,1311252000,503096000,58811000,58811000,0.94,1.21,0,59746000,-40869000,-37763000,-18886000,96475000,35713000,8.11,8.62,7.6,0.8628,0.09,0.35,30.04,13.22,0,0,18.6618,0.0396,0.0848,1.06,0.12,1.861
2002-09-30,60500000,181500000,3,1767974000,558056000,1696802000,325011000,48710000,22462000,0,926060000,1313847000,481194000,54170000,54170000,0.84,0.72,0,136194000,-32342000,-125511000,-21659000,115361000,23308000,7.23,7.97,6.49,0.4509,0.0762,0.27,12.25,13.64,0,0,26.9728,0.0276,0.0736,1.04,0.62,1.717
2002-06-30,63900000,191700000,3,1784650000,591312000,1649603000,290328000,113434000,21613000,0,920678000,1316153000,442677000,8370000,8370000,0.1,0.1,0,61070000,-26295000,70548000,105323000,137020000,27576000,7.76,8.71,6.8,0.3045,0.0717,0.59,3.94,12.79,0,0,11.6028,0.0636,0.0699,1.03,0.17,2.0367
2002-03-31,84058786,252176358,3,1664832000,475293000,1146389000,312810000,497020000,21423000,0,927321000,798707000,427665000,35978000,35978000,0.43,0.4,0,84985000,-16995000,-73004000,-5014000,31697000,16115000,7.92,8.67,7.17,0.2988,0.0854,1.97,3.88,13.42,0,0,1.607,0.2985,0.0841,1.02,0.27,1.5194
2001-12-31,82378900,247136700,3,1662683000,474664000,1138324000,298681000,503637000,20722000,0,928868000,811190000,429657000,32558000,32558000,0.4,0.62,0,25829000,-20720000,-13653000,-8544000,36711000,21042000,6.92,8.15,5.68,0.3056,0.0829,2.04,3.68,15.61,0,0,1.6107,0.3029,0.0832,1,0.02,1.5892
2001-09-30,84599565,253798695,3,1653093000,456104000,1175459000,313640000,477634000,0,0,943558000,813977000,434239000,44278000,44278000,0.52,0.47,0,112146000,-23175000,-128974000,-40003000,45255000,11608000,6.78,7.45,6.1,0.2924,0.0732,1.88,4.01,20.76,0,0,1.7042,0.2889,0.0753,0.97,0.4,1.4542
2001-06-30,84302734,252908202,3,1684023000,483341000,1235319000,294567000,427579000,21125000,0,945821000,935247000,400640000,29545000,29545000,0.35,0.33,0,76927000,-11242000,2130000,67815000,85258000,11828000,6.08,6.78,5.39,0.2286,0.052,1.69,3.9,39.65,0,0,2.1873,0.2539,0.0562,0.93,0.26,1.6409
2001-03-31,83050889,249152667,3,1625737000,418957000,1216473000,279693000,388219000,21045000,0,947946000,932025000,386217000,30934000,30934000,0.37,0.35,0,57831000,-37829000,-33766000,-13764000,17443000,6755000,5.7,6.52,4.87,0.1169,0.024,1.56,4.04,106.88,0,0,2.4008,0.2388,0.027,0.89,0.2,1.4979
2000-12-31,82732250,248196750,3,1596632000,397875000,1228388000,249527000,349368000,18876000,0,921623000,974006000,372746000,15333000,15333000,0.19,0.18,0,112866000,-20275000,-99958000,-7367000,31207000,9065000,4.28,5.83,2.73,0.0405,0.0076,1.41,3.17,None,0,0,2.7879,0.2188,0.0091,0.83,0.42,1.5945
2000-09-30,81794795,245384385,3,1671283000,449162000,1323799000,285204000,330683000,16801000,0,940083000,1033635000,362535000,9660000,9660000,0.12,0.12,0,84313000,-5355000,-231056000,-152098000,38574000,7372000,2.29,2.54,2.04,-0.4663,-0.0802,1.35,1.75,None,0,None,3.1258,0.1979,None,0.78,0.31,1.5749
2000-06-30,81672770,245018310,3,1855149000,606309000,1517704000,325649000,320050000,17395000,0,957322000,1188134000,378908000,-15355000,-15355000,-0.19,-0.19,0,48981000,122213000,-130899000,40295000,190672000,7974000,1.44,2,0.88,-0.44,-0.0787,1.31,1.06,None,0,None,3.7123,0.1725,None,0.73,0.17,1.8618
2000-03-31,81455148,244365444,3,2019986000,644501000,1667928000,1659612000,331206000,20852000,0,1045457000,5027000,372113000,3847000,3847000,0.05,0.05,0,61488000,-3228000,-15864000,42396000,150377000,16677000,1.63,2.4,0.85,-0.4146,-0.0796,1.36,1.22,None,0,None,0.0152,0.164,None,0.7,0.18,0.3883
1999-12-31,81244001,243732003,3,2056718000,654748000,1707737000,1698544000,326404000,22577000,0,1069672000,5696000,373320000,-150663000,-150663000,-1.86,-1.86,0,68195000,-24502000,-4562000,37240000,107981000,21412000,2.41,2.85,1.96,-0.3319,-0.0702,1.34,1.24,36.15,0,None,0.0175,0.1587,None,0.69,0.19,0.3855
1999-09-30,81188843,243566529,3,2193110000,664811000,1690462000,1660835000,476041000,26607000,0,1165996000,15224000,366968000,2259000,2259000,0.03,0.03,0,69971000,-45951000,24875000,48895000,70741000,23446000,3.72,5.1,2.35,0.0368,0.0086,1.95,1.91,21.46,0,0,0.032,0.2171,0.0126,0.68,0.19,0.4003
1999-06-30,81182310,243546930,3,2102463000,599485000,1603925000,180826000,473841000,24697000,0,1149702000,1409077000,352819000,-22059000,-22059000,-0.27,-0.27,0,-7540000,-93256000,85564000,-15232000,24673000,23161000,4.29,5.31,3.27,0.0939,0.0228,1.95,2.09,14.14,0,0,2.9737,0.2254,0.0327,0.7,-0.13,3.3153
1999-03-31,81172370,243517110,3,2043507000,581095000,1518671000,178616000,498291000,26545000,0,1106519000,1324754000,352244000,23207000,23207000,0.29,0.28,0,38317000,-133721000,93822000,-1582000,39905000,38638000,5.92,9.33,2.5,0.1655,0.0418,2.05,3.04,None,0,0,2.6586,0.2438,0.0588,0.71,-0,3.2533
1998-12-31,81054793,243164379,3,1911619000,566514000,1414333000,178450000,473864000,23422000,0,1073500000,1225781000,338054000,14292000,14292000,0.17,0.16,0,-5896000,-86155000,100132000,8081000,41487000,18245000,8.28,10.06,6.5,-0.0216,-0.0056,1.95,4.45,177.43,0,None,2.5868,0.2479,None,0.72,-0.1,3.1746
1998-09-30,80951491,242854473,3,1749157000,487926000,1276162000,127069000,451334000,21661000,0,1010934000,1140561000,318585000,29109000,29109000,0.36,0.35,0,33063000,-96451000,95144000,31756000,32849000,28925000,9,11.67,6.33,0.0111,0.0031,1.86,5.2,2700,0,0,2.5271,0.258,0.0036,0.87,0.02,3.8399
1998-06-30,80860092,242580276,3,1597045000,405661000,1157454000,106046000,419275000,20316000,0,963784000,1045034000,288350000,9635000,9635000,0.12,0.12,0,9345000,-190752000,116992000,-64415000,1093000,22905000,11.07,12.04,10.1,-0.0383,-0.0118,1.73,6.59,377.39,0,None,2.4925,0.2625,None,0.91,-0.06,3.8253
1998-03-31,80652637,241957911,3,1471900000,441579000,1045692000,109102000,406166000,20042000,0,824830000,931570000,258749000,-62484000,-62484000,-0.79,-0.79,0,-35556000,-96027000,190948000,59365000,65508000,12937000,9.77,11.9,7.63,-0.0454,-0.0161,1.68,5.49,27.86,0,None,2.2936,0.2759,None,0.98,-0.2,4.0474
1997-12-31,80463321,241389963,3,1278235000,302204000,830326000,102450000,428830000,19079000,0,774266000,723782000,453547000,28466000,28466000,0.45,0.46,0,20124000,-355485000,324603000,-10758000,6143000,38132000,9.75,11.15,8.35,0.1863,0.0814,1.78,4.97,38.79,0,0,1.6878,0.3355,0.0723,1.13,-0.07,2.9498
1997-09-30,44577565,133732695,3,554817000,171977000,285520000,28784000,261657000,7640000,0,286210000,253880000,113668000,9870000,9870000,0.22,0.22,0,3403000,-56769000,62782000,9416000,15455000,7554000,8.65,10.03,7.28,0.1372,0.075,1.96,4.6,50.88,0,0,0.9703,0.4716,0.086,0.87,-0.03,5.9747
1997-06-30,26662657,133313311,5.000001,486196000,152229000,228562000,33278000,250305000,7329000,0,248962000,192079000,104752000,8866000,8866000,0.33,0.33,0,-4959000,-98538000,102403000,-1094000,6039000,9183000,6.83,8.04,5.63,0.0981,None,1.88,3.77,46.15,0,0,0.7674,0.5148,0.0645,0.9,-0.11,4.5745
1997-03-31,26622434,133112196,5.000001,385532000,132655000,138952000,33043000,240732000,5848000,0,185428000,102459000,89030000,7825000,7825000,0.29,0.29,0,2711000,-15425000,-34000,-12748000,7133000,7164000,6.71,7.33,6.08,0.089,None,1.81,3.86,52.42,0,0,0.4256,0.6244,0.0628,0.91,-0.03,4.0146
1996-12-31,26593432,132967186,5.000001,374080000,131286000,138400000,31987000,230966000,4714000,0,180617000,102552000,84794000,7187000,7187000,0.27,None,0,16474000,-30327000,28294000,14441000,19881000,7110000,7.84,9.23,6.45,None,None,1.74,4.99,None,0,0,0.444,0.6174,None,None,0.07,4.1044
1996-09-30,25968029,129840170,5.000001,320421000,115931000,110736000,30677000,204359000,5326000,0,151279000,79007000,73333000,-1164000,-1164000,-0.04,-0.04,0,10147000,-49705000,5029000,-34529000,5440000,6285000,7.47,8.45,6.5,None,None,1.57,4.76,None,0,None,0.3866,0.6378,None,None,0.03,3.7791
1996-06-30,25925365,129626850,5.000001,291046000,131419000,82990000,23366000,203515000,4541000,0,111611000,59101000,64583000,5726000,5726000,0.22,0.22,0,-5672000,-24202000,59288000,29414000,39969000,6061000,7.79,9.03,6.55,None,None,1.57,11.63,None,0,None,0.2904,0.6993,None,None,-0.09,5.6244
1996-03-31,25881186,129405955,5.000001,228167000,88913000,136841000,27809000,87050000,4276000,0,96267000,107806000,50237000,4276000,4276000,0.19,0.19,0,-2502000,-67312000,50188000,-19626000,10555000,5772000,5.94,6.4,5.48,None,None,0.67,None,None,0,None,1.2384,0.3815,None,None,-0.06,3.1973
