"Quarter end","Shares","Shares split adjusted","Split factor","Assets","Current Assets","Liabilities","Current Liabilities","Shareholders equity","Non-controlling interest","Preferred equity","Goodwill & intangibles","Long-term debt","Revenue","Earnings","Earnings available for common stockholders","EPS basic","EPS diluted","Dividend per share","Cash from operating activities","Cash from investing activities","Cash from financing activities","Cash change during period","Cash at end of period","Capital expenditures","Price","Price high","Price low","ROE","ROA","Book value of equity per share","P/B ratio","P/E ratio","Cumulative dividends per share","Dividend payout ratio","Long-term debt to equity ratio","Equity to assets ratio","Net margin","Asset turnover","Free cash flow per share","Current ratio"
2019-06-30,562589191,562589191,1,79187000000,39789000000,64309000000,27735000000,14837000000,41000000,0,9141000000,24764000000,14432000000,1620000000,1620000000,2.85,2.83,1.89,2588000000,-898000000,-1376000000,301000000,7459000000,465000000,131.75,144.77,118.74,0.4173,0.0798,26.37,4.88,12.26,38.59,0.4106,1.6691,0.1874,0.1126,0.71,3.77,1.4346
2019-03-31,571702278,571702278,1,78726000000,39126000000,63248000000,27388000000,15437000000,41000000,0,7998000000,24240000000,13466000000,1884000000,1881000000,3.29,3.25,0.86,1121000000,-181000000,-1675000000,-732000000,7158000000,338000000,131.5,142.55,120.44,0.4228,0.081,27,5.57,12.84,36.7,0.3911,1.5703,0.1961,0.115,0.7,1.37,1.4286
2018-12-31,594325388,594325388,1,78509000000,38603000000,64429000000,28218000000,14039000000,41000000,0,8114000000,25000000000,14342000000,1049000000,1048000000,1.81,1.8,1.72,2083000000,-798000000,-1432000000,-156000000,7890000000,583000000,135.72,159.37,112.06,0.41,0.0784,23.62,5.05,21.72,35.84,0.3249,1.7808,0.1788,0.1123,0.7,2.52,1.368
2018-09-30,590106711,590106711,1,78209000000,38454000000,62319000000,26033000000,15850000000,40000000,0,8209000000,25441000000,13510000000,1727000000,1727000000,2.92,2.88,0,1392000000,-346000000,-1645000000,-648000000,8046000000,408000000,143.57,157.72,129.43,0.2549,0.0487,26.86,5.73,27.93,34.12,0.4991,1.6051,0.2027,0.0713,0.68,1.67,1.4771
2018-06-30,594325388,594325388,1,78987000000,38641000000,64045000000,28300000000,14879000000,63000000,0,8288000000,23699000000,14011000000,1705000000,1707000000,2.86,2.82,1.64,2148000000,-1268000000,-35000000,767000000,8694000000,490000000,147.14,161.6,132.68,0.2109,0.0401,25.04,5.79,40.09,34.12,0.6056,1.5928,0.1884,0.0612,0.66,2.79,1.3654
2018-03-31,597904900,597904900,1,78014000000,37357000000,62742000000,27402000000,15206000000,66000000,0,8539000000,23165000000,12859000000,1667000000,1665000000,2.78,2.74,0,935000000,-800000000,-538000000,-393000000,7927000000,499000000,158.05,173.24,142.85,0.1522,0.0286,25.43,6.82,126.44,32.48,0.8253,1.5234,0.1949,0.0459,0.62,0.73,1.3633
2017-12-31,590972792,590972792,1,76962000000,36244000000,63196000000,26931000000,13697000000,69000000,0,8311000000,23847000000,12896000000,-1299000000,-1299000000,-2.19,-2.19,1.56,541000000,-526000000,-1343000000,-1330000000,8261000000,399000000,141.29,158.64,123.95,0.053,0.0097,23.18,5.38,96.77,32.48,2.4376,1.741,0.178,0.0166,0.58,0.24,1.3458
2017-09-30,594933582,594933582,1,78560000000,37185000000,62863000000,25903000000,15627000000,70000000,0,8371000000,24835000000,11413000000,1061000000,1059000000,1.79,1.77,0,1240000000,-289000000,-1619000000,-641000000,9591000000,212000000,115.33,125.55,105.11,0.0626,0.0115,26.27,4.87,678.41,30.92,2.0586,1.5892,0.1989,0.0209,0.54,1.73,1.4355
2017-06-30,590972792,590972792,1,78510000000,36991000000,64431000000,28133000000,14009000000,70000000,0,8374000000,23815000000,11331000000,803000000,802000000,1.36,1.35,1.55,2380000000,-54000000,-1570000000,760000000,10232000000,286000000,99.59,108.18,91,0.0075,0.0015,23.7,4.32,None,30.92,17.1295,1.7,0.1784,0.0027,0.52,3.54,1.3149
2017-03-31,589090308,589090308,1,77549000000,35548000000,63889000000,27635000000,13588000000,72000000,0,8338000000,23725000000,9822000000,194000000,192000000,0.33,0.32,0,1541000000,-125000000,879000000,2304000000,9472000000,275000000,94.9,99.46,90.34,-0.0101,-0.0018,23.07,4.22,None,29.37,None,1.746,0.1752,None,0.51,2.15,1.2863
2016-12-31,584231181,584231181,1,74704000000,31967000000,61491000000,26132000000,13137000000,76000000,0,8369000000,22886000000,9574000000,-1167000000,-1171000000,-1.98,-1.98,1.54,1645000000,-142000000,-431000000,1055000000,7168000000,-25000000,88.87,97.4,80.33,-0.0045,-0.0008,22.49,3.32,51.97,29.37,None,1.7421,0.1759,None,0.5,2.86,1.2233
2016-09-30,585072585,585072585,1,76402000000,31999000000,60687000000,25290000000,15645000000,70000000,0,9178000000,23622000000,9160000000,283000000,283000000,0.48,0.48,0,1163000000,-161000000,-1641000000,-651000000,6113000000,38000000,81.22,88.98,73.46,0.0663,0.0132,26.74,3.12,43.9,27.83,1.7972,1.5099,0.2048,0.0254,0.51,1.92,1.2653
2016-06-30,584231181,584231181,1,78300000000,33606000000,62997000000,27183000000,15232000000,71000000,0,9329000000,23980000000,10342000000,553000000,550000000,0.94,0.93,1.54,2311000000,-885000000,-538000000,878000000,6764000000,13000000,74.97,80.89,69.04,0.0715,0.0142,26.07,2.79,36.04,27.83,1.6586,1.5743,0.1945,0.0264,0.53,3.93,1.2363
2016-03-31,583868746,583868746,1,78307000000,33748000000,62554000000,26215000000,15676000000,77000000,0,9451000000,24470000000,9461000000,272000000,271000000,0.46,0.46,0,489000000,-572000000,-502000000,-574000000,5886000000,184000000,66.81,77.25,56.36,0.0795,0.016,26.85,2.72,19.48,26.29,1.4373,1.561,0.2002,0.0288,0.55,0.52,1.2874
2015-12-31,602632543,602632543,1,78497000000,34418000000,63612000000,26303000000,14809000000,76000000,0,9436000000,25324000000,11030000000,-83000000,-87000000,-0.16,-0.16,1.54,1811000000,-1544000000,185000000,414000000,6460000000,155000000,69.52,75.93,63.1,0.1298,0.0262,24.57,2.55,14.39,26.29,0.863,1.71,0.1887,0.0447,0.58,2.75,1.3085
2015-09-30,582233801,582233801,1,78969000000,35280000000,63001000000,25833000000,15896000000,72000000,0,9387000000,25208000000,10962000000,371000000,368000000,0.63,0.62,0,1506000000,-882000000,-2302000000,-1775000000,6046000000,184000000,74.22,85.45,62.99,0.1767,0.036,27.3,2.62,12.71,24.75,0.5888,1.5858,0.2013,0.0587,0.61,2.27,1.3657
2015-06-30,602632543,602632543,1,82242000000,38227000000,65081000000,25606000000,17092000000,69000000,0,9413000000,27445000000,12317000000,711000000,710000000,1.18,1.16,1.47,2088000000,-707000000,-1131000000,258000000,7821000000,19000000,84.5,89.62,79.39,0.2065,0.0432,28.36,3.01,13.52,24.75,0.4825,1.6057,0.2078,0.0681,0.63,3.43,1.4929
2015-03-31,603643663,603643663,1,82490000000,38491000000,65452000000,26566000000,16962000000,76000000,0,9383000000,26803000000,12702000000,1114000000,1111000000,1.84,1.81,0,1270000000,-384000000,-622000000,222000000,7563000000,270000000,85.28,92.37,78.19,0.2117,0.046,28.1,3.09,14.5,23.28,0.4286,1.5802,0.2056,0.0711,0.64,1.66,1.4489
2014-12-31,606166559,606166559,1,84681000000,38867000000,67855000000,27877000000,16746000000,80000000,0,9770000000,27869000000,14244000000,763000000,757000000,1.26,1.24,1.4,1871000000,-624000000,63000000,1259000000,7341000000,244000000,97.58,107.12,88.03,0.1926,0.0435,27.63,3.14,15.79,23.28,0.4506,1.6642,0.1978,0.067,0.65,2.68,1.3942
2014-09-30,605398874,605398874,1,84488000000,39042000000,65592000000,27589000000,18823000000,73000000,0,10011000000,28180000000,13549000000,1021000000,1017000000,1.66,1.63,0,2052000000,-621000000,-3240000000,-1845000000,6082000000,-702000000,104.86,111.46,98.26,0.1951,0.0463,31.09,3.16,17.48,21.88,0.4043,1.4971,0.2228,0.0712,0.65,4.55,1.4151
2014-06-30,627846602,627846602,1,87827000000,41276000000,66904000000,29741000000,20856000000,67000000,0,10367000000,27307000000,14150000000,1002000000,999000000,1.6,1.57,1.3,2237000000,-1434000000,1832000000,2582000000,7927000000,538000000,104.39,109.85,98.94,0.1933,0.0451,33.22,3.21,17.75,21.88,0.4117,1.3093,0.2375,0.0701,0.64,2.71,1.3878
2014-03-31,624233901,624233901,1,84397000000,37968000000,64028000000,27295000000,20305000000,64000000,0,10495000000,26801000000,13241000000,925000000,922000000,1.47,1.44,0,1897000000,-948000000,-1651000000,-736000000,5345000000,555000000,93.25,100.63,85.88,0.1994,0.0447,32.53,2.9,16.22,20.58,0.3922,1.3199,0.2406,0.0688,0.65,2.15,1.391
2013-12-31,647615068,647615068,1,84896000000,38335000000,64018000000,27297000000,20811000000,67000000,0,10552000000,26816000000,14402000000,1006000000,1003000000,1.57,1.54,1.2,2580000000,-968000000,-1883000000,-276000000,6081000000,1032000000,86.77,91.67,81.87,0.2026,0.0437,32.13,3.05,16.56,20.58,0.3965,1.2885,0.2451,0.0681,0.64,2.39,1.4044
2013-09-30,636355991,636355991,1,87272000000,40088000000,69095000000,29119000000,18110000000,67000000,0,10686000000,26015000000,13423000000,950000000,946000000,1.48,1.45,0,3018000000,-1278000000,-1496000000,247000000,6357000000,731000000,85.17,89,81.35,0.1948,0.0397,28.46,3.13,13.45,19.38,0.317,1.4365,0.2075,0.0608,0.65,3.59,1.3767
2013-06-30,647615068,647615068,1,87375000000,40805000000,69697000000,29919000000,17621000000,57000000,0,10578000000,25680000000,14621000000,965000000,960000000,1.48,1.45,1.12,3169000000,-1341000000,-1677000000,128000000,6110000000,783000000,85.09,90.69,79.49,0.2376,0.0477,27.21,3.06,11.47,19.38,0.2607,1.4574,0.2017,0.0702,0.68,3.68,1.3638
2013-03-31,657484946,657484946,1,88743000000,42145000000,70425000000,28974000000,18274000000,44000000,0,10715000000,27240000000,13210000000,882000000,880000000,1.34,1.31,0,1424000000,-1459000000,545000000,492000000,5982000000,1056000000,92.75,99.7,85.8,0.2859,0.0559,27.79,3.46,10.94,18.26,0.2048,1.4906,0.2059,0.0788,0.71,0.56,1.4546
2012-12-31,653268696,653268696,1,89356000000,42524000000,71774000000,29755000000,17532000000,50000000,0,10958000000,27752000000,16075000000,700000000,697000000,1.07,1.03,0.58,1979000000,-1838000000,-298000000,-199000000,5490000000,1273000000,86,91.83,80.16,0.3427,0.0649,26.84,3.14,8.8,18.26,0.2322,1.5829,0.1962,0.0862,0.75,1.08,1.4291
2012-09-30,653933672,653933672,1,90541000000,44639000000,72605000000,31746000000,17884000000,52000000,0,11538000000,26526000000,16445000000,1702000000,1699000000,2.6,2.54,0,1255000000,-848000000,175000000,586000000,5689000000,934000000,86.27,94.28,78.25,0.4271,0.0768,27.35,3.54,9.64,17.68,0.1899,1.4832,0.1975,0.0982,0.78,0.49,1.4061
2012-06-30,653268696,653268696,1,88838000000,44294000000,72857000000,31273000000,15926000000,55000000,0,11556000000,27261000000,17374000000,1709000000,1699000000,2.6,2.54,0.98,1677000000,-1968000000,2696000000,2239000000,5103000000,868000000,95.36,109.77,80.96,0.416,0.073,24.38,4.16,12.03,17.68,0.2569,1.7117,0.1793,0.0909,0.8,1.24,1.4164
2012-03-31,652337920,652337920,1,83908000000,40209000000,68437000000,28849000000,14969000000,502000000,0,11368000000,25191000000,15981000000,1611000000,1586000000,2.44,2.37,0.46,330000000,-1536000000,976000000,-193000000,2864000000,884000000,104.86,116.95,92.77,0.3857,0.0678,22.95,5.26,14.17,16.7,0.2231,1.6829,0.1784,0.0846,0.8,-0.85,1.3938
2011-12-31,646066322,646066322,1,81446000000,38128000000,68044000000,28561000000,12883000000,519000000,0,11448000000,24944000000,17243000000,1600000000,1600000000,2.39,2.32,0.48,1495000000,-1977000000,354000000,-172000000,3057000000,993000000,82.87,98.2,67.54,0.3755,0.0666,19.94,3.78,12.67,16.24,0.236,1.9362,0.1582,0.0828,0.8,0.78,1.335
2011-09-30,646620369,646620369,1,77767000000,36864000000,63063000000,25218000000,14162000000,542000000,0,12307000000,26781000000,15716000000,1141000000,1141000000,1.77,1.72,0.46,2221000000,-8264000000,-1316000000,-7486000000,3229000000,694000000,92.63,112.65,72.6,0.3411,0.0617,21.9,4.47,15.31,15.76,0.2627,1.891,0.1821,0.0781,0.79,2.36,1.4618
2011-06-30,646066322,646066322,1,73611000000,40755000000,59715000000,23510000000,13391000000,505000000,0,3385000000,25926000000,14230000000,1015000000,1015000000,1.57,1.52,0.44,2529000000,-752000000,4038000000,5846000000,10715000000,425000000,105.38,116.55,94.21,0.3428,0.0602,20.73,5.38,18.75,15.3,0.2811,1.9361,0.1819,0.0782,0.77,3.26,1.7335
2011-03-31,644452020,644452020,1,66387000000,34608000000,53256000000,23147000000,12629000000,502000000,0,3402000000,19895000000,12949000000,1225000000,1225000000,1.91,1.84,0.44,765000000,-434000000,890000000,1277000000,4869000000,458000000,102.14,111.98,92.3,0.3477,0.0589,19.6,5.95,24.67,14.86,0.2993,1.5753,0.1902,0.0781,0.75,0.48,1.4951
2010-12-31,630472409,630472409,1,64020000000,31810000000,52695000000,22020000000,10824000000,501000000,0,3419000000,21030000000,12807000000,968000000,968000000,1.52,1.46,0.44,2177000000,-493000000,-341000000,1327000000,3592000000,668000000,85.7,94.89,76.51,0.2784,0.0444,17.17,5.53,28.19,14.42,0.4019,1.9429,0.1691,0.0634,0.7,2.39,1.4446
2010-09-30,634702801,634702801,1,61642000000,28577000000,51310000000,20178000000,9837000000,495000000,0,3458000000,20337000000,11134000000,792000000,792000000,1.26,1.23,0.44,1089000000,-995000000,-1486000000,-1332000000,2265000000,348000000,69.07,80.08,58.06,0.214,0.0328,15.5,4.74,28.19,13.98,0.5441,2.0674,0.1596,0.0521,0.63,1.17,1.4162
2010-06-30,630472409,630472409,1,58793000000,27376000000,49089000000,19784000000,9185000000,519000000,0,2777000000,20226000000,10409000000,707000000,707000000,1.12,1.09,0.42,1192000000,-217000000,-850000000,59000000,3597000000,81000000,63.86,72.83,54.89,0.1809,0.0264,14.57,4.48,32.58,13.54,0.6668,2.2021,0.1562,0.0466,0.57,1.76,1.3837
2010-03-31,627745394,627745394,1,58836000000,26412000000,49362000000,18417000000,8942000000,532000000,0,2772000000,21548000000,8238000000,233000000,233000000,0.37,0.36,0.42,551000000,110000000,-1936000000,-1329000000,3538000000,20000000,57.46,64.42,50.5,0.1506,0.0205,14.24,4.08,40.75,13.12,0.8444,2.4098,0.152,0.0395,0.52,0.85,1.4341
2009-12-31,621293542,621293542,1,60038000000,26789000000,50738000000,19292000000,8740000000,560000000,0,2734000000,21847000000,7898000000,232000000,232000000,0.37,0.36,0.42,1825000000,-278000000,-868000000,679000000,4867000000,375000000,54.39,61.28,47.5,0.118,0.0145,14.07,4.25,25.66,12.7,1.1577,2.4997,0.1456,0.0276,0.52,2.33,1.3886
2009-09-30,622727557,622727557,1,60838000000,26223000000,52325000000,17957000000,7976000000,537000000,0,2746000000,23069000000,7298000000,404000000,404000000,0.65,0.64,0.42,1715000000,432000000,-1963000000,197000000,4188000000,269000000,42.36,54.71,30.01,0.1914,0.0208,12.81,3.62,14.76,12.28,0.7786,2.8923,0.1311,0.0354,0.59,2.32,1.4603
2009-06-30,621293542,621293542,1,62092000000,27383000000,54236000000,19490000000,7275000000,581000000,0,2749000000,23558000000,7975000000,371000000,371000000,0.61,0.6,0.42,1908000000,345000000,-1849000000,425000000,3991000000,193000000,34.2,40.96,27.44,0.2437,0.0277,11.71,3.25,8.53,11.86,0.572,3.2382,0.1172,0.0415,0.67,2.76,1.405
2009-03-31,601709681,601709681,1,64440000000,29672000000,57591000000,22089000000,6336000000,513000000,0,2748000000,23466000000,9225000000,-112000000,-112000000,-0.19,-0.19,0.42,895000000,503000000,-535000000,830000000,3566000000,237000000,34.41,47.12,21.71,0.32,0.0393,10.53,3.44,6.09,11.44,0.3888,3.7036,0.0983,0.0518,0.76,1.09,1.3433
2008-12-31,608716182,608716182,1,67782000000,31633000000,61171000000,26069000000,6087000000,524000000,0,2772000000,22834000000,12923000000,661000000,661000000,1.1,1.07,0.42,1517000000,-1549000000,458000000,598000000,2736000000,1339000000,45.49,59.03,31.95,0.4134,0.0568,10,2.84,7.48,11.02,0.2669,3.7513,0.0898,0.0693,0.82,0.29,1.2134
2008-09-30,603233837,603233837,1,64229000000,30524000000,54120000000,27360000000,9645000000,464000000,0,2770000000,19794000000,12981000000,868000000,868000000,1.43,1.39,0.42,1365000000,-1916000000,1947000000,1356000000,2138000000,626000000,66.99,75.87,58.11,0.4161,0.0648,15.99,4.31,11,10.6,0.2387,2.0523,0.1502,0.0766,0.85,1.23,1.1156
2008-06-30,608716182,608716182,1,60453000000,27858000000,50983000000,26394000000,9470000000,0,0,2486000000,17643000000,13624000000,1106000000,1106000000,1.8,1.74,0.36,1199000000,-1710000000,519000000,5000000,782000000,541000000,79.26,85.96,72.56,0.4345,0.0685,15.56,5.29,14.18,10.18,0.2289,1.863,0.1567,0.0802,0.85,1.08,1.0555
2008-03-31,614769392,614769392,1,58204000000,26907000000,48986000000,24316000000,9218000000,0,0,2417000000,17654000000,11796000000,922000000,922000000,1.49,1.45,0.36,706000000,-1121000000,41000000,-345000000,777000000,523000000,69.11,78.63,59.6,0.4224,0.0655,14.99,4.97,12.87,9.82,0.2391,1.9152,0.1584,0.078,0.84,0.3,1.1066
2007-12-31,639155181,639155181,1,56132000000,25477000000,47249000000,22245000000,8883000000,0,0,2438000000,17829000000,12144000000,975000000,975000000,1.55,1.5,0.36,2505000000,-1797000000,-530000000,212000000,1122000000,994000000,74.87,82.74,67,0.4316,0.0654,13.9,5.53,14.45,9.46,0.238,2.0071,0.1583,0.0788,0.83,2.36,1.1453
2007-09-30,635960246,635960246,1,54799000000,24922000000,46191000000,21073000000,8608000000,0,0,2393000000,17153000000,11442000000,927000000,927000000,1.45,1.4,0.36,2194000000,-590000000,-1248000000,348000000,910000000,643000000,78.8,87,70.59,0.4479,0.0652,13.54,6.43,16.02,9.1,0.2348,1.9927,0.1571,0.0787,0.83,2.44,1.1827
2007-06-30,639155181,639155181,1,53506000000,24130000000,45675000000,19805000000,7831000000,0,0,2404000000,17955000000,11356000000,823000000,823000000,1.28,1.24,0.3,1887000000,-1394000000,-540000000,-45000000,562000000,597000000,74.38,82.89,65.86,0.4217,0.0635,12.25,6.36,14.3,8.74,0.2358,2.2928,0.1464,0.0767,0.83,2.02,1.2184
2007-03-31,640395899,640395899,1,52248000000,23958000000,44756000000,19950000000,7492000000,0,0,2400000000,17017000000,10016000000,816000000,816000000,1.27,1.23,0.3,1349000000,-627000000,-651000000,77000000,607000000,398000000,63.2,68.43,57.98,0.439,0.069,11.7,6.04,12.22,8.44,0.2129,2.2714,0.1434,0.0834,0.83,1.49,1.2009
2006-12-31,655748473,655748473,1,50879000000,23093000000,44020000000,19252000000,6859000000,0,0,2291000000,17680000000,11003000000,882000000,882000000,1.36,1.31,0.3,2233000000,-1511000000,-763000000,-23000000,530000000,840000000,64.87,70.92,58.82,0.4226,0.071,10.46,4.67,12.79,8.14,0.2045,2.5776,0.1348,0.0852,0.83,2.12,1.1995
2006-09-30,650534474,650534474,1,50483000000,24096000000,41455000000,18685000000,9028000000,0,0,2523000000,18145000000,10517000000,769000000,769000000,1.18,1.14,0.3,1618000000,-1136000000,-555000000,-95000000,553000000,498000000,68.76,75.43,62.09,0.3995,0.0717,13.88,5.22,14.12,7.84,0.1983,2.0099,0.1788,0.0871,0.82,1.72,1.2896
2006-06-30,655748473,655748473,1,49905000000,24331000000,41272000000,21127000000,8633000000,0,0,2489000000,15939000000,10605000000,1046000000,1046000000,1.58,1.52,0.25,1421000000,-834000000,-763000000,-158000000,648000000,488000000,73.22,82.03,64.41,0.395,0.0713,13.17,5.47,16.53,7.54,0.1969,1.8463,0.173,0.088,0.81,1.42,1.1517
2006-03-31,669630016,669630016,1,47957000000,23634000000,38995000000,19699000000,8962000000,0,0,1864000000,15370000000,9392000000,840000000,840000000,1.25,1.2,0.25,527000000,-315000000,-512000000,-302000000,806000000,277000000,67.13,77.21,57.05,0.3718,0.067,13.38,5.34,16.6,7.29,0.2068,1.715,0.1869,0.0833,0.81,0.37,1.1998
2005-12-31,670867219,670867219,1,47069000000,22790000000,38637000000,19092000000,8432000000,0,0,1875000000,15677000000,9663000000,846000000,846000000,1.26,1.21,0.25,983000000,-861000000,110000000,141000000,1108000000,-650000000,54.05,59.84,48.25,0.3537,0.0627,12.57,4.38,14.81,7.04,0.216,1.8592,0.1791,0.0785,0.8,2.43,1.1937
2005-09-30,680208493,680208493,1,45865000000,21362000000,37473000000,18853000000,8392000000,0,0,1913000000,14984000000,8977000000,667000000,667000000,0.98,0.94,0.25,1134000000,-1145000000,230000000,218000000,967000000,521000000,53.66,59.88,47.43,0.3297,0.058,12.34,4.72,15.71,6.79,0.2337,1.7855,0.183,0.0732,0.79,0.9,1.1331
2005-06-30,676777490,676777490,1,44823000000,20994000000,37118000000,17196000000,7705000000,0,0,1919000000,15857000000,9360000000,760000000,760000000,1.12,1.08,0.205,817000000,-576000000,6000000,232000000,749000000,434000000,46.36,51.4,41.31,0.3222,0.0559,11.38,4.09,14.91,6.54,0.2376,2.058,0.1719,0.0711,0.79,0.57,1.2209
2005-03-31,341694552,683389104,2,44347000000,20224000000,36600000000,14787000000,7747000000,0,0,1924000000,17909000000,8339000000,581000000,581000000,1.7,1.63,0.41,179000000,-943000000,807000000,72000000,517000000,272000000,46.59,49.98,43.2,0.3056,0.0529,11.34,4.28,16.21,6.33,0.2546,2.3117,0.1747,0.0686,0.77,-0.14,1.3677
2004-12-31,342936949,685873898,2,43091000000,20856000000,35624000000,16210000000,7467000000,0,0,1765000000,15837000000,8571000000,573000000,573000000,1.69,1.63,0.45,-5526000000,5418000000,52000000,28000000,445000000,-300000000,43.87,49.36,38.38,0.2967,0.0509,10.89,4.26,17.17,6.13,0.2691,2.1209,0.1733,0.0673,0.76,-7.62,1.2866
2004-09-30,341235956,682471912,2,40394000000,19636000000,33373000000,13826000000,7021000000,0,0,1811000000,15754000000,7649000000,498000000,498000000,1.45,1.41,0.41,964000000,-1450000000,423000000,-50000000,417000000,368000000,37.45,40.65,34.25,0.2782,0.0472,10.29,3.88,17.34,5.9,0.2874,2.2438,0.1738,0.0643,0.73,0.87,1.4202
2004-06-30,342732170,685464340,2,38718000000,18726000000,32108000000,13325000000,6610000000,0,0,1630000000,14981000000,7564000000,552000000,552000000,1.61,1.55,0.37,473000000,-979000000,592000000,99000000,467000000,307000000,39.2,42.38,36.01,0.2426,0.0415,9.64,4.23,20,5.7,0.3271,2.2664,0.1707,0.0589,0.7,0.24,1.4053
2004-03-31,341902131,683804262,2,37858000000,17866000000,31524000000,13200000000,6334000000,0,0,1634000000,14570000000,6467000000,412000000,412000000,1.2,1.16,0.37,98000000,-912000000,807000000,26000000,368000000,140000000,39.55,42.85,36.26,0.2244,0.0385,9.26,4.47,25.27,5.51,0.3589,2.3003,0.1673,0.0566,0.68,-0.06,1.3535
2003-12-31,343762040,687524080,2,36465000000,16791000000,30387000000,12621000000,6078000000,0,0,1637000000,14078000000,6465000000,349000000,349000000,1.01,0.99,0.37,659000000,-1069000000,340000000,-55000000,342000000,322000000,38.47,42.48,34.45,0.1836,0.0316,8.84,4.25,25.48,5.33,0.4459,2.3162,0.1667,0.0483,0.65,0.49,1.3304
2003-09-30,347240332,694480664,2,35067000000,16011000000,28775000000,11043000000,6292000000,0,0,1675000000,13171000000,5545000000,222000000,222000000,0.64,0.62,0.35,310000000,-711000000,521000000,88000000,397000000,236000000,31.77,36.98,26.55,0.1809,0.0311,9.06,3.7,21.11,5.14,0.4582,2.0933,0.1794,0.0487,0.64,0.11,1.4499
2003-06-30,345048253,690096506,2,34220000000,15489000000,28290000000,11167000000,5930000000,0,0,1681000000,12564000000,5932000000,399000000,399000000,1.16,1.15,0.35,879000000,-415000000,-523000000,-18000000,309000000,259000000,26.81,29.13,24.49,0.1818,0.0315,8.59,3.27,21.98,4.97,0.4611,2.1187,0.1733,0.0493,0.64,0.9,1.387
2003-03-31,344452814,688905628,2,33538000000,15070000000,27899000000,10688000000,5639000000,0,0,1681000000,12744000000,4821000000,129000000,129000000,0.37,0.37,0.35,218000000,-366000000,175000000,18000000,327000000,187000000,23.63,26.65,20.62,0.1483,0.0258,8.19,2.97,20.55,4.79,0.569,2.26,0.1681,0.0412,0.63,0.04,1.41
2002-12-31,344255067,688510134,2,32851000000,14628000000,27379000000,11344000000,5472000000,0,0,1683000000,11596000000,5377000000,305000000,305000000,0.89,0.88,0.35,1006000000,-801000000,-340000000,-136000000,309000000,-416000000,21.15,25.42,16.88,0.1395,0.0247,7.95,2.44,22.15,4.62,0.6037,2.1192,0.1666,0.0396,0.62,2.07,1.2895
2002-09-30,344181672,688363344,2,32374000000,14785000000,26396000000,10504000000,5978000000,0,0,1706000000,12435000000,5075000000,213000000,213000000,0.62,0.61,0.35,632000000,118000000,-616000000,160000000,445000000,295000000,21.43,24.7,18.16,0.1147,0.0208,8.68,2.56,22.68,4.44,0.7347,2.0801,0.1847,0.0332,0.63,0.49,1.4076
2002-06-30,344153202,688306404,2,32734000000,14846000000,26976000000,10529000000,5758000000,0,0,1685000000,12982000000,5291000000,200000000,200000000,0.58,0.58,0.35,625000000,-1326000000,676000000,-17000000,285000000,342000000,26.38,29.81,22.95,0.1138,0.021,8.37,3.2,25.24,4.27,0.7432,2.2546,0.1759,0.0328,0.64,0.41,1.41
2002-03-31,343891296,687782592,2,31147000000,13883000000,25474000000,10045000000,5673000000,0,0,1683000000,11934000000,4409000000,80000000,80000000,0.23,0.23,0.35,103000000,-699000000,505000000,-98000000,302000000,263000000,26.69,30,23.38,0.1267,0.0237,8.25,3.27,22.91,4.09,0.6651,2.1036,0.1821,0.0361,0.66,-0.23,1.3821
2001-12-31,343376444,686752888,2,30657000000,13400000000,25046000000,10276000000,5611000000,0,0,1671000000,11291000000,5096000000,167000000,167000000,0.49,0.49,0.36,484000000,-661000000,359000000,168000000,400000000,-518000000,24.14,26.61,21.68,0.1411,0.0268,8.17,2.82,18.5,3.92,0.5928,2.0123,0.183,0.0394,0.68,1.46,1.304
2001-09-30,343256932,686513864,2,29903000000,13435000000,24026000000,9340000000,5877000000,0,0,1485000000,11699000000,5056000000,205000000,205000000,0.6,0.59,0.35,720000000,42000000,-873000000,-40000000,232000000,406000000,24.02,27.86,20.18,0.1582,0.0306,8.56,2.92,18.2,3.74,0.5253,1.9906,0.1965,0.0441,0.69,0.46,1.4384
2001-06-30,343373985,686747970,2,30277000000,13744000000,24618000000,9631000000,5659000000,0,0,1502000000,12032000000,5488000000,271000000,271000000,0.79,0.78,0.34,467000000,-1060000000,648000000,25000000,272000000,382000000,24.58,28.41,20.75,0.1625,0.0315,8.24,2.97,17.81,3.56,0.5154,2.1262,0.1869,0.0452,0.7,0.12,1.4271
2001-03-31,343257654,686515308,2,29225000000,13000000000,23550000000,9236000000,5675000000,0,0,1482000000,11342000000,4810000000,162000000,162000000,0.47,0.47,0.34,316000000,-1248000000,884000000,-87000000,247000000,242000000,22.35,24.82,19.88,0.1718,0.0338,8.27,2.74,14.8,3.39,0.4871,1.9986,0.1942,0.0477,0.71,0.11,1.4075
2000-12-31,343396810,686793620,2,28464000000,12521000000,22864000000,8568000000,5600000000,0,0,1507000000,11334000000,5114000000,264000000,264000000,0.77,0.77,0.35,416000000,-558000000,110000000,-64000000,334000000,418000000,19.38,23.97,14.78,0.1906,0.0379,8.15,2.4,13.27,3.22,0.4394,2.0239,0.1967,0.0522,0.73,-0,1.4614
2000-09-30,343753154,687506308,2,27840000000,12440000000,22295000000,8107000000,5545000000,0,0,1488000000,11144000000,4779000000,216000000,216000000,0.63,0.62,0.34,457000000,-431000000,-82000000,-71000000,398000000,251000000,18.03,19.81,16.25,0.1872,0.0376,8.07,2.29,12.39,3.05,0.4502,2.0097,0.1992,0.0512,0.73,0.3,1.5345
2000-06-30,345714523,691429046,2,27884000000,12358000000,22426000000,8495000000,5458000000,0,0,1508000000,10853000000,5363000000,315000000,315000000,0.91,0.9,0.325,1281000000,-1867000000,638000000,33000000,469000000,287000000,19.68,22.44,16.91,0.189,0.0382,7.89,2.5,14.11,2.88,0.449,1.9885,0.1957,0.0515,0.74,1.44,1.4547
2000-03-31,348589362,697178724,2,26963000000,11970000000,21467000000,8162000000,5496000000,0,0,1519000000,10218000000,4919000000,258000000,258000000,0.73,0.73,0.325,-95000000,103000000,-123000000,-112000000,436000000,169000000,22.16,27.56,16.75,0.185,0.0374,7.88,2.87,16.85,2.72,0.4577,1.8592,0.2038,0.0506,0.74,-0.38,1.4666
1999-12-31,353777881,707555762,2,26635000000,11734000000,21170000000,8178000000,5465000000,0,0,1543000000,9928000000,5019000000,239000000,239000000,0.66,0.67,0.34,824000000,-709000000,165000000,265000000,548000000,477000000,25.52,29.44,21.59,0.1766,0.0358,7.72,3.35,18.29,2.55,0.4764,1.8167,0.2052,0.048,0.75,0.49,1.4348
1999-09-30,354567683,709135366,2,26459000000,11977000000,21061000000,7600000000,5398000000,0,0,1563000000,10347000000,4715000000,219000000,219000000,0.62,0.61,0.33,1127000000,-483000000,-712000000,-42000000,283000000,228000000,29.11,31.94,26.28,0.1912,0.0387,7.61,3.94,18.78,2.38,0.4518,1.9168,0.204,0.0502,0.77,1.27,1.5759
1999-06-30,355553048,711106096,2,26755000000,12252000000,21509000000,8207000000,5246000000,0,0,1578000000,10106000000,5101000000,283000000,283000000,0.8,0.78,0.3,680000000,-1513000000,921000000,81000000,325000000,198000000,28.19,33.22,23.16,0.2157,0.0438,7.38,3.77,16.02,2.22,0.3965,1.9264,0.1961,0.0548,0.8,0.68,1.4929
1999-03-31,355822636,711645272,2,25719000000,11903000000,20406000000,7770000000,5313000000,0,0,1235000000,9509000000,4867000000,205000000,205000000,0.58,0.57,0.3,-61000000,-315000000,287000000,-116000000,244000000,162000000,23.73,26.47,21,0.2483,0.051,7.47,3.31,11.58,2.07,0.3343,1.7898,0.2066,0.0612,0.83,-0.31,1.5319
1998-12-31,357198355,714396710,2,25128000000,11459000000,19997000000,7945000000,5131000000,0,0,1241000000,9404000000,5406000000,301000000,301000000,0.84,0.83,0.35,434000000,-381000000,50000000,125000000,360000000,458000000,23.33,26.09,20.57,0.296,0.0612,7.18,3.24,10.39,1.92,0.2746,1.8328,0.2042,0.0721,0.85,-0.03,1.4423
1998-09-30,358688189,717376378,2,25134000000,11786000000,19964000000,7405000000,5170000000,0,0,1236000000,9726000000,5173000000,336000000,336000000,0.93,0.92,0.3,970000000,-467000000,-495000000,14000000,235000000,256000000,23.84,28.16,19.53,0.3327,0.0703,7.21,3.39,10.37,1.74,0.2408,1.8812,0.2057,0.0801,0.88,1,1.5916
1998-06-30,364754063,729508126,2,25106000000,11686000000,19973000000,7679000000,5133000000,0,0,1253000000,9464000000,5604000000,446000000,446000000,1.22,1.2,0.25,266000000,-1967000000,1634000000,-85000000,221000000,241000000,27.95,30.38,25.53,0.3511,0.0759,7.04,4.09,12.29,1.59,0.2254,1.8438,0.2045,0.0848,0.9,0.03,1.5218
1998-03-31,366607344,733214688,2,23577000000,10876000000,18568000000,7437000000,5009000000,0,0,1169000000,8316000000,4794000000,430000000,430000000,1.17,1.15,0.25,108000000,-1765000000,1675000000,14000000,306000000,173000000,25.94,29.63,22.25,0.3602,0.0798,6.83,4.07,11.68,1.47,0.2176,1.6602,0.2125,0.0874,0.91,-0.09,1.4624
1997-12-31,366854972,733709944,2,20756000000,9814000000,16077000000,6379000000,4679000000,0,0,228000000,6942000000,5193000000,451000000,451000000,1.22,None,0.3,434000000,-374000000,-549000000,-495000000,292000000,333000000,26.23,30.47,22,0.365,0.0822,6.38,4.17,12.45,1.34,0.2126,1.4837,0.2254,0.088,0.93,0.14,1.5385
1997-09-30,372285791,744571582,2,20758000000,10196000000,16072000000,6538000000,4686000000,0,0,224000000,6645000000,4600000000,385000000,385000000,1.03,None,0.25,819000000,-726000000,141000000,230000000,787000000,326000000,28.44,30.75,26.13,0.3608,0.0808,6.29,4.74,14.26,1.2,0.2066,1.4181,0.2257,0.0877,0.92,0.66,1.5595
1997-06-30,376424424,752848848,2,20197000000,9819000000,15681000000,6498000000,4516000000,0,0,223000000,6267000000,4870000000,435000000,435000000,1.15,None,0.2,503000000,-941000000,467000000,39000000,557000000,156000000,23.21,27.34,19.09,0.3581,0.0792,6,4.02,12.18,1.07,0.206,1.3877,0.2236,0.0862,0.92,0.46,1.5111
1997-03-31,188897312,755589248,4,19292000000,9079000000,14926000000,6289000000,4366000000,0,0,229000000,5603000000,4262000000,394000000,394000000,2.08,None,0.4,340000000,-500000000,213000000,31000000,518000000,153000000,19.54,20.94,18.13,0.3592,0.0781,5.78,3.61,11.06,0.97,0.2092,1.2833,0.2263,0.0861,0.91,0.25,1.4436
1996-12-31,190351110,761404440,4,18728000000,8783000000,14612000000,7013000000,4116000000,0,0,233000000,4532000000,4465000000,381000000,381000000,1.99,None,0.45,494000000,-576000000,-220000000,-272000000,487000000,293000000,18.66,20.25,17.06,0.3508,0.0747,5.41,3.59,11.31,0.87,0.2187,1.1011,0.2198,0.0824,0.91,0.26,1.2524
1996-09-30,191464938,765859752,4,18598000000,9074000000,14619000000,6886000000,3979000000,0,0,221000000,4550000000,4033000000,310000000,310000000,1.61,None,0.4,459000000,-663000000,333000000,126000000,759000000,197000000,17.33,18.97,15.69,0.3461,0.0722,5.2,3.53,11.44,0.76,0.2338,1.1435,0.2139,0.0787,0.92,0.34,1.3177
1996-06-30,192835444,771341776,4,18122000000,8341000000,14337000000,6898000000,3785000000,0,0,220000000,4042000000,4180000000,374000000,374000000,1.94,None,0.35,562000000,-788000000,254000000,28000000,633000000,165000000,16.73,17.97,15.5,0.3307,0.0677,4.91,3.56,11.66,0.66,0.2466,1.0679,0.2089,0.0741,0.91,0.51,1.2092
1996-03-31,193864038,775456152,4,17412000000,7995000000,13771000000,6298000000,3641000000,0,0,218000000,4058000000,3844000000,296000000,296000000,1.53,None,0.35,267000000,-357000000,66000000,-33000000,605000000,116000000,15.98,18.47,13.5,0.3257,0.0651,4.7,3.66,11.19,0.57,0.2421,1.1145,0.2091,0.0707,0.92,0.19,1.2695
1995-12-31,194015118,776060472,4,16830000000,7647000000,13442000000,6049000000,3388000000,0,0,170000000,3964000000,4213000000,300000000,300000000,1.52,None,0.45,738000000,-442000000,-615000000,-259000000,638000000,296000000,14.23,15.78,12.69,0.3381,0.0659,4.37,3.22,10.24,0.48,0.2255,1.17,0.2013,0.0707,0.93,0.57,1.2642
1995-09-30,197519358,790077432,4,17486000000,8304000000,13992000000,5874000000,3494000000,0,0,240000000,4589000000,3733000000,213000000,213000000,1.07,None,0.35,564000000,-27000000,-326000000,201000000,897000000,146000000,16.42,18.81,14.03,0.344,0.0652,4.42,3.87,11.54,0.37,0.2108,1.3134,0.1998,0.0706,0.92,0.53,1.4137
1995-06-30,198958123,795832492,4,17878000000,8466000000,14500000000,5920000000,3378000000,0,0,236000000,5042000000,4213000000,323000000,323000000,1.62,None,0.25,468000000,-1050000000,790000000,231000000,696000000,120000000,15.03,16.31,13.75,0.3736,0.0686,4.24,3.78,11.45,0.28,0.1713,1.4926,0.1889,0.0736,0.93,0.44,1.4301
1995-03-31,199913215,799652860,4,16798000000,7976000000,13617000000,5750000000,3181000000,0,0,237000000,4314000000,3913000000,300000000,300000000,1.5,None,0.25,420000000,-230000000,-57000000,46000000,465000000,117000000,13.39,14.72,12.06,0.3709,None,3.98,3.69,11.41,0.22,0.1522,1.3562,0.1894,0.0711,0.93,0.38,1.3871
1994-12-31,200442087,801768348,4,16250000000,7409000000,13339000000,5498000000,2911000000,0,0,237000000,4270000000,3928000000,279000000,279000000,1.37,None,0.33,586000000,-573000000,77000000,86000000,419000000,281000000,13.82,14.97,12.66,0.3592,None,3.63,4.01,None,0.16,0.133,1.4668,0.1791,0.0667,0.91,0.38,1.3476
1994-09-30,202628481,810513924,4,15913000000,7057000000,13114000000,5455000000,2799000000,0,0,353000000,3892000000,3509000000,244000000,244000000,1.2,None,0.15,478000000,-365000000,46000000,160000000,333000000,162000000,13.53,14.56,12.5,None,None,3.45,4.28,None,0.07,None,1.3905,0.1759,None,None,0.39,1.2937
1994-06-30,101626469,813011752,8,15445000000,6691000000,12873000000,5150000000,2572000000,0,0,353000000,3946000000,3605000000,240000000,240000000,2.36,None,0.15,541000000,-273000000,-165000000,109000000,173000000,130000000,13.83,15.16,12.5,None,None,3.16,4.79,None,0.04,None,1.5342,0.1665,None,None,0.51,1.2992
1994-03-31,101829268,814634144,8,15197000000,6670000000,12844000000,5087000000,2353000000,0,0,352000000,3971000000,3286000000,192000000,192000000,1.89,None,0.15,152000000,-301000000,134000000,-19000000,64000000,121000000,13.16,15.19,11.13,None,None,2.89,4.87,None,0.02,None,1.6876,0.1548,None,None,0.04,1.3112
1993-12-31,101861828,814894624,8,14807000000,6071000000,12608000000,4671000000,2199000000,0,0,353000000,3895000000,None,None,None,None,None,0,None,None,None,None,83000000,0,10.76,11.63,9.88,None,None,2.7,None,None,0,None,1.7713,0.1485,None,None,None,1.2997
