"Quarter end","Shares","Shares split adjusted","Split factor","Assets","Current Assets","Liabilities","Current Liabilities","Shareholders equity","Non-controlling interest","Preferred equity","Goodwill & intangibles","Long-term debt","Revenue","Earnings","Earnings available for common stockholders","EPS basic","EPS diluted","Dividend per share","Cash from operating activities","Cash from investing activities","Cash from financing activities","Cash change during period","Cash at end of period","Capital expenditures","Price","Price high","Price low","ROE","ROA","Book value of equity per share","P/B ratio","P/E ratio","Cumulative dividends per share","Dividend payout ratio","Long-term debt to equity ratio","Equity to assets ratio","Net margin","Asset turnover","Free cash flow per share","Current ratio"
2019-05-31,88226142,88226142,1,4919953000,None,2724743000,None,2195210000,0,0,0,1854556000,1021803000,47461000,47167000,0.54,0.51,0.025,17876000,-13957000,-336562000,-332643000,179764000,12239000,24.66,27.64,21.69,0.1237,0.052,24.88,1.01,9.45,6.91,0.0336,0.8448,0.4462,0.0591,0.88,0.06,None
2019-02-28,87134108,87134108,1,5173656000,None,3045159000,None,2128497000,0,0,0,2203589000,811483000,30011000,29821000,0.34,0.31,0.025,-198210000,-1747000,137245000,-62712000,512407000,4221000,21.17,24.1,18.24,0.1328,0.0535,24.43,0.88,14.3,6.89,0.0324,1.0353,0.4114,0.0603,0.88,-2.32,None
2018-11-30,86925192,86925192,1,5073571000,None,2986071000,None,2087500000,0,0,0,2060263000,1348609000,96836000,96664000,1.1,0.86,0.025,271020000,-10264000,-40613000,220143000,575119000,3233000,21.81,26.8,16.82,0.0861,0.0339,24.01,0.96,14.94,6.86,0.0517,0.987,0.4114,0.0373,0.9,3.08,None
2018-08-31,88387928,88387928,1,4974689000,None,2958740000,None,2015949000,0,0,0,2063127000,1225347000,87476000,86992000,0.99,0.87,0.025,-30139000,4085000,-289524000,-315578000,354976000,710000,25.66,28.34,22.99,0.0812,0.0315,22.81,1.18,23.33,6.84,0.056,1.0234,0.4052,0.034,0.92,-0.35,None
2018-05-31,87688801,87688801,1,5094736000,None,3180093000,None,1914643000,0,0,0,2353848000,1101423000,57308000,56986000,0.65,0.57,0.025,122311000,-5078000,-7485000,109748000,670554000,1503000,28.25,31.83,24.68,0.0634,0.0239,21.83,1.33,32.85,6.81,0.073,1.2294,0.3758,0.0264,0.9,1.38,None
2018-02-28,87506230,87506230,1,4957101000,None,3104379000,None,1852722000,0,0,0,2359570000,871623000,-71255000,-71255000,-0.82,-0.82,0.025,-141680000,-8850000,-9525000,-160055000,560806000,1924000,33.27,38.8,27.73,0.0509,0.019,21.17,1.5,18.18,6.79,0.0922,1.2736,0.3738,0.0213,0.88,-1.64,None
2017-11-30,87048265,87048265,1,5041515000,None,3115204000,None,1926311000,0,0,0,2324845000,1403138000,84346000,83804000,0.96,0.84,0.025,409949000,-2106000,-181789000,226054000,720861000,1442000,26.05,31.41,20.68,0.0986,0.0361,22.13,1.22,18.74,6.76,0.048,1.2069,0.3821,0.0411,0.87,4.69,None
2017-08-31,86500307,86500307,1,5099559000,None,3258617000,None,1840942000,0,0,0,2502379000,1144001000,50208000,49887000,0.58,0.51,0.025,167850000,-5391000,-17024000,145435000,494807000,2543000,22.62,24.37,20.86,0.0752,0.0266,21.28,1.09,17.53,6.74,0.0644,1.3593,0.361,0.032,0.83,1.91,None
2017-05-31,85548203,85548203,1,4958795000,None,3186407000,None,1772388000,0,0,0,2510121000,1002794000,31782000,31568000,0.37,0.33,0.025,12462000,411000,-15951000,-3078000,349372000,3085000,19.68,21.75,17.6,0.0707,0.0245,20.72,0.97,17.42,6.71,0.0697,1.4162,0.3574,0.0311,0.78,0.11,None
2017-02-28,85273440,85273440,1,4922580000,None,3186120000,None,1736460000,0,0,0,2504449000,818596000,14259000,14159000,0.17,0.15,0.025,-77042000,-8658000,-154850000,-240550000,352450000,1015000,16.45,17.86,15.03,0.0627,0.0214,20.36,0.81,14.69,6.69,0.0839,1.4423,0.3528,0.0284,0.75,-0.92,None
2016-11-30,85072695,85072695,1,5131624000,None,3408479000,None,1723145000,0,0,0,2640149000,1191942000,37528000,37302000,0.44,0.4,0.025,291267000,-5894000,-30095000,255278000,593000000,2104000,15.32,16.57,14.06,0.0631,0.0211,20.25,0.77,13.32,6.66,0.0845,1.5322,0.3358,0.0292,0.72,3.4,None
2016-08-31,84773093,84773093,1,5027761000,None,3345311000,None,1682450000,0,0,0,2674795000,913283000,39363000,39173000,0.47,0.41,0.025,64847000,3441000,-7115000,61173000,337722000,-196000,15.21,16.76,13.66,0.0674,0.0226,19.85,0.78,15.68,6.64,0.077,1.5898,0.3346,0.0329,0.68,0.77,None
2016-05-31,84246127,84246127,1,4915843000,None,3280674000,None,1635169000,0,0,0,2632127000,811050000,15597000,15520000,0.18,0.17,0.03,-24146000,-1922000,-22239000,-48307000,276549000,1463000,13.56,14.92,12.2,0.0581,0.0194,19.41,0.71,15.07,6.61,0.0918,1.6097,0.3326,0.0288,0.67,-0.3,None
2016-02-29,84121831,84121831,1,4922056000,None,3304998000,None,1617058000,0,0,0,2652705000,678371000,13127000,13067000,0.15,0.14,0.025,-143313000,-1704000,-90468000,-235485000,324856000,1413000,11.39,13.74,9.04,0.0546,0.0181,19.22,0.62,13.56,6.58,0.0954,1.6405,0.3285,0.0286,0.63,-1.72,None
2015-11-30,92275658,92275658,1,5015371000,None,3324537000,None,1690834000,0,0,0,2625536000,985783000,44017000,43842000,0.49,0.43,0.02,203269000,-2248000,4441000,205462000,560341000,2577000,14.13,15.53,12.72,0.0515,0.0169,18.32,0.79,1.61,6.56,0.1037,1.5528,0.3371,0.0278,0.61,2.17,None
2015-08-31,92071598,92071598,1,4948496000,None,3308270000,None,1640226000,0,0,0,2630732000,843157000,23254000,23184000,0.25,0.23,0.025,113816000,5779000,-206804000,-87209000,354879000,510000,15.46,17.42,13.5,0.5519,0.1811,17.81,0.88,1.75,6.54,0.0098,1.6039,0.3315,0.3134,0.58,1.23,None
2015-05-31,92017178,92017178,1,5039060000,None,3423224000,None,1615836000,0,0,0,2819510000,622969000,9573000,9541000,0.1,0.1,0.025,-86991000,-11834000,-7166000,-105991000,442088000,1004000,14.79,16.37,13.21,0.6444,0.1925,17.56,0.85,1.64,6.51,0.0097,1.7449,0.3207,0.3461,0.55,-0.96,None
2015-02-28,91952207,91952207,1,4989857000,None,3385287000,None,1604570000,0,0,0,2824170000,580121000,7799000,7770000,0.08,0.08,0.025,-48909000,-3000000,241220000,189311000,548079000,586000,14.66,17.57,11.76,0.7845,0.2097,17.45,0.84,1.62,6.49,0.0096,1.7601,0.3216,0.3608,0.58,-0.54,None
2014-11-30,91953911,91953911,1,4757550000,None,3161640000,None,1595910000,0,0,0,2576525000,796041000,852801000,850286000,9.24,8.37,0.02,85971000,-16700000,-9511000,59760000,358768000,1637000,15.93,18.1,13.75,None,0.2337,17.36,1.96,15.32,6.46,0.0093,1.6145,0.3354,0.3814,0.61,0.92,None
2014-08-31,91806488,91806488,1,3887391000,None,3142824000,None,744567000,0,0,0,2580800000,589214000,28361000,28282000,0.31,0.28,0.025,-162133000,-18938000,-7191000,-188262000,299008000,1146000,17.52,18.98,16.06,0.1474,0.0265,8.11,2.27,16.53,6.44,0.0894,3.4662,0.1915,0.042,0.63,-1.78,None
2014-05-31,91791488,91791488,1,3828026000,None,3118353000,None,709673000,0,0,0,2573980000,565007000,26624000,26552000,0.3,0.27,0.025,-333466000,-9060000,523346000,180820000,487270000,1436000,18.06,20.72,15.4,0.1614,0.028,7.73,2.77,24.08,6.42,0.0883,3.627,0.1854,0.0423,0.66,-3.65,None
2014-02-28,83744528,83744528,1,3248172000,None,2701838000,None,546334000,0,0,0,2175190000,450687000,10563000,10536000,0.13,0.12,0.025,-221063000,-84000,-4926000,-226073000,306450000,1576000,18.58,20.78,16.38,0.1226,0.0205,6.52,2.9,39.53,6.39,0.1265,3.9814,0.1682,0.0293,0.7,-2.66,None
2013-11-30,83744528,83744528,1,3193635000,None,2657549000,None,536086000,0,0,0,2150498000,618531000,28116000,28116000,0.36,0.37,0.02,-42027000,-5335000,193420000,146058000,532523000,1032000,17.23,18.98,15.48,0.0807,0.0134,6.4,2.9,86.15,6.37,0.1993,4.0115,0.1679,0.019,0.7,-0.51,None
2013-08-31,83716101,83716101,1,2964841000,None,2466835000,None,498006000,0,0,0,1937057000,548974000,27278000,27199000,0.32,0.3,0.025,-133859000,-5012000,-15870000,-154741000,386465000,607000,19.03,22.49,15.57,0.0429,0.0069,5.95,3.39,None,6.35,0.4346,3.8896,0.168,0.0095,0.73,-1.61,None
2013-05-31,83713479,83713479,1,2912121000,None,2441305000,None,470816000,0,0,0,1943275000,524406000,-2973000,-2973000,-0.04,-0.04,0.025,-56568000,-5669000,-22115000,-84352000,541206000,322000,21.68,25.14,18.21,-0.0105,-0.0016,5.62,3.83,None,6.32,None,4.1275,0.1617,None,0.71,-0.68,None
2013-02-28,83549685,83549685,1,2900637000,None,2427502000,None,473135000,0,0,0,1963753000,405219000,-12458000,-12458000,-0.16,-0.16,0.025,-211032000,-734000,311636000,99870000,625558000,430000,16.95,20.04,13.86,-0.0643,-0.0098,5.66,3.95,None,6.3,None,4.1505,0.1631,None,0.66,-2.53,None
2012-11-30,87837719,87837719,1,2561698000,None,2184892000,None,376806000,0,0,0,1722815000,578201000,7724000,7724000,0.1,0.1,0.025,110417000,-2573000,-5280000,102564000,525688000,697000,14.1,17.3,10.89,-0.1559,-0.0238,4.29,3.33,None,6.27,None,4.5722,0.1471,None,0.63,1.25,None
2012-08-31,87956519,87956519,1,2549464000,None,2177023000,None,372441000,0,0,0,1727679000,424504000,3261000,3261000,0.04,0.04,0.025,14081000,-2145000,93227000,105163000,423124000,460000,8.86,11.25,6.46,-0.1337,-0.0214,4.23,2.11,None,6.25,None,4.6388,0.1461,None,0.59,0.15,None
2012-05-31,87956519,87956519,1,2394005000,None,2024474000,None,369531000,0,0,0,1582788000,302852000,-24136000,-24136000,-0.31,-0.31,0.025,19703000,-2160000,-6957000,10586000,317961000,163000,9.95,13.12,6.77,-0.1604,-0.0262,4.2,2.22,None,6.22,None,4.2832,0.1544,None,0.56,0.22,None
2012-02-29,87956519,87956519,1,2406073000,None,2012205000,None,393868000,0,0,0,1587414000,254558000,-45802000,-45802000,-0.59,-0.59,0.0625,-109584000,6118000,-7233000,-110699000,307375000,429000,9.54,12.91,6.17,-0.2571,-0.0419,4.48,1.9,None,6.2,None,4.0303,0.1637,None,0.52,-1.25,None
2011-11-30,87956519,87956519,1,2512542000,None,2069885000,None,442657000,0,0,0,1583571000,479872000,13911000,13911000,0.18,0.18,0.0625,-37606000,-65454000,40861000,-62199000,418074000,168000,6.51,8,5.02,-0.3902,-0.065,5.03,1.33,None,6.13,None,3.5774,0.1762,None,0.48,-0.43,None
2011-08-31,88053119,88053119,1,2721817000,None,2289850000,None,431967000,0,0,0,1586703000,367316000,-9649000,-9649000,-0.13,-0.13,0.0625,-38615000,-21000,-108287000,-146923000,480273000,-34000,8.68,12.27,5.09,-0.3467,-0.0605,4.91,1.72,None,6.07,None,3.6732,0.1587,None,0.44,-0.44,None
2011-05-31,88053119,88053119,1,2860348000,None,2416896000,None,443452000,0,0,0,1691659000,271738000,-68504000,-68504000,-0.89,-0.89,0.0625,-106425000,-1342000,-7535000,-115302000,627196000,34000,12.27,13.67,10.86,-0.3031,-0.0554,5.04,2.1,None,6.01,None,3.8148,0.155,None,0.47,-1.21,None
2011-02-28,88053119,88053119,1,2901246000,None,2386651000,None,514595000,0,0,0,1701698000,196940000,-114526000,-114526000,-1.49,-1.49,0.0625,-164899000,79915000,-80948000,-165932000,742498000,-80526000,13.76,16.11,11.41,-0.2176,-0.0417,5.84,1.92,None,5.95,None,3.3069,0.1774,None,0.49,-0.96,None
2010-11-30,88053119,88053119,1,3109749000,None,2477871000,None,631878000,0,0,0,1775529000,450963000,17442000,17442000,0.23,0.23,0.06,30179000,-13914000,-31442000,-15177000,908430000,-222000,11.72,13.16,10.28,-0.1106,-0.0217,7.18,1.68,20.56,5.88,None,2.8099,0.2032,None,0.5,0.35,None
2010-08-31,88047838,88047838,1,3176452000,None,2563002000,None,613450000,0,0,0,1800919000,501003000,-1397000,-1397000,-0.02,-0.02,0.0625,-51539000,35000,-14266000,-65770000,923607000,188000,11.92,14.41,9.43,0.0215,0.0042,6.97,1.71,None,5.82,1.5509,2.9357,0.1931,0.0077,0.55,-0.59,None
2010-05-31,88047838,88047838,1,3202237000,None,2587056000,None,615181000,0,0,0,1755366000,374052000,-30709000,-30709000,-0.4,-0.4,0.06,-130868000,321000,-81837000,-212384000,989377000,263000,17.1,20.13,14.07,-0.0786,-0.0152,6.99,2.32,None,5.76,None,2.8534,0.1921,None,0.53,-1.49,None
2010-02-28,88025838,88025838,1,3285458000,None,2637844000,None,647614000,0,0,0,1815261000,263978000,-54704000,-54704000,-0.71,-0.71,0.0625,18264000,-2531000,8067000,23800000,1201761000,191000,14.92,17.3,12.54,-0.1485,-0.0291,7.36,1.86,None,5.7,None,2.803,0.1971,None,0.53,0.21,None
2009-11-30,88072926,88072926,1,3435989000,None,2728765000,None,707224000,0,0,0,1820370000,674568000,100719000,100719000,1.7,1.7,0.06,236695000,-81000,-14036000,222578000,1177961000,130000,17.04,20.7,13.37,-0.1469,-0.0293,8.03,2.44,None,5.64,None,2.574,0.2058,None,0.53,2.69,None
2009-08-31,88072926,88072926,1,3393284000,None,2779772000,None,613512000,0,0,0,1812839000,458451000,-66048000,-66048000,-1.27,-1.27,0.06,29695000,-27612000,-46213000,-44130000,955383000,331000,15.07,19,11.15,-0.7044,-0.1406,6.97,1.94,None,5.58,None,2.9549,0.1808,None,0.57,0.33,None
2009-05-31,88072926,88072926,1,3429894000,None,2746797000,None,683097000,0,0,0,1711726000,384470000,-78383000,-78383000,-1.03,-1.03,0.06,-19997000,10769000,-18503000,-27731000,999513000,93000,13.73,19.61,7.85,-0.6893,-0.152,7.76,1.57,None,5.52,None,2.5058,0.1992,None,0.59,-0.23,None
2009-02-28,88072926,88072926,1,3638021000,None,2870360000,None,767661000,0,0,0,1737968000,307361000,-58072000,-58072000,-0.75,-0.75,0.0625,103519000,-4373000,-213420000,-114274000,1027244000,821000,12.54,16.38,8.7,-0.7648,-0.1813,8.72,1.35,None,5.46,None,2.264,0.211,None,0.6,1.17,None
2008-11-30,89607919,89607919,1,4044300000,None,3213695000,None,830605000,0,0,67970000,1941537000,919037000,-307284000,-307284000,-3.96,-3.96,0.06,311079000,-112616000,-13162000,185301000,1141518000,-949000,16.16,25.43,6.9,-0.8129,-0.2125,9.27,1.28,None,5.4,None,2.3375,0.2054,None,0.66,3.48,None
2008-08-31,89623718,89623718,1,4377945000,None,3244175000,None,1133770000,0,0,43400000,1877362000,681610000,-144745000,-144745000,-1.86,-1.86,0.25,-74991000,37986000,-325406000,-362411000,956217000,-1746000,17.55,21.93,13.16,-0.9901,-0.2878,12.65,1.23,None,5.34,None,1.6559,0.259,None,0.84,-0.82,None
2008-05-31,89605999,89605999,1,4841008000,None,3566579000,None,1274429000,0,0,43400000,2161220000,639065000,-255930000,-255930000,-3.3,-3.3,0.25,46532000,-37897000,-18579000,-9944000,1318628000,998000,24.27,28.93,19.62,-0.725,-0.2396,14.22,1.39,None,5.09,None,1.6958,0.2633,None,0.91,0.51,None
2008-02-29,89575824,89575824,1,5110056000,None,3545541000,None,1564515000,0,0,67970000,2161818000,794224000,-268172000,-268172000,-3.47,-3.47,0.25,58702000,-55429000,-18443000,-15170000,1328572000,-5376000,22.38,28.99,15.76,-0.5534,-0.1883,17.47,1.08,None,4.84,None,1.3818,0.3062,None,0.84,0.72,None
2007-11-30,89525178,89525178,1,5705956000,None,3855269000,None,1850687000,0,0,67970000,2161794000,2070580000,-772653000,-772653000,-9.99,-9.99,0.25,825511000,-122880000,-19658000,682973000,1343742000,-3267000,25.07,31.69,18.44,-0.3637,-0.1259,20.67,0.84,None,4.59,None,1.1681,0.3243,None,0.87,9.26,None
2007-08-31,89564497,89564497,1,6587679000,None,3926403000,None,2661276000,0,0,69407000,2161423000,1543900000,-35612000,-35612000,-0.46,-0.46,0.25,245357000,715007000,-802276000,158088000,660769000,-1309000,37.78,47.57,28,-0.0731,-0.0251,29.71,1.22,None,4.34,None,0.8122,0.404,None,0.96,2.75,None
2007-05-31,89514200,89514200,1,8614459000,None,5835808000,None,2778651000,0,0,177333000,2811932000,1034812000,-148686000,-148686000,-1.93,-1.93,0.25,243908000,-67609000,-177783000,-1484000,353127000,33000,45.89,50.9,40.89,-0.0068,-0.0022,31.04,1.4,11.36,4.09,None,1.012,0.3226,None,1.01,2.72,None
2007-02-28,89327347,89327347,1,8615939000,None,5484323000,None,2931728000,199888000,0,233772000,3167310000,1767234000,27537000,27537000,0.36,0.34,0.25,-120482000,-37732000,-141803000,-300017000,354611000,3858000,51.88,56.08,47.69,0.1135,0.0369,32.82,1.59,9.07,3.84,0.2679,1.0804,0.3403,0.0317,1.16,-1.39,None
2006-11-30,89374122,89374122,1,9014464000,None,5903358000,None,2922748000,188358000,0,233815000,3125803000,3545680000,-49642000,-49642000,-0.64,-0.64,0.25,1404975000,-113929000,-751202000,539844000,654628000,6250000,45.42,52.18,38.66,0.1636,0.0531,32.7,1.37,4.61,3.59,0.1882,1.0695,0.3242,0.0438,1.21,15.65,None
2006-08-31,89463897,89463897,1,9566535000,None,6421557000,None,2972385000,172593000,0,239335000,3810561000,2674391000,150960000,150960000,1.94,1.87,0.25,-4728000,34423000,50344000,80039000,114784000,5319000,45.27,52.65,37.89,0.2876,0.0961,33.22,1.38,4.3,3.34,0.1025,1.282,0.3107,0.0794,1.21,-0.11,None
2006-05-31,91318327,91318327,1,9188576000,None,6034800000,None,2994321000,159455000,0,247171000,3581484000,2592071000,206572000,206572000,2.6,2.47,0.25,-212268000,-46576000,204321000,-54523000,34745000,5755000,59.75,69.1,50.4,0.3239,0.1123,32.79,1.92,5.9,3.09,0.0896,1.1961,0.3259,0.0879,1.28,-2.39,None
2006-02-28,93050229,93050229,1,8574048000,None,5520134000,None,2902959000,150955000,0,243175000,3116618000,2191650000,174461000,174461000,2.15,2.02,0.25,-472247000,-75280000,482805000,-64722000,89268000,4791000,73.39,81.99,64.8,0.3335,0.1187,31.2,2.43,7.72,2.84,0.087,1.0736,0.3386,0.0894,1.33,-5.13,None
2005-11-30,94297875,94297875,1,7746920000,None,4750298000,None,2851671000,144951000,0,242589000,2463814000,3150140000,310643000,310643000,3.75,3.5,0.19,501326000,-21350000,-427313000,52663000,153990000,8410000,69.37,77.92,60.82,0.3366,0.1212,30.24,2.57,8.44,2.59,0.0861,0.864,0.3681,0.0892,1.36,5.23,None
2005-08-31,96646226,96646226,1,7238200000,None,4634241000,None,2603959000,0,0,245030000,2705466000,2525064000,227521000,227521000,2.75,2.54,0.19,-233474000,-36994000,265681000,-4787000,101327000,4054000,75.97,85.45,66.5,0.3119,0.111,26.94,3.08,10.7,2.4,0.0926,1.039,0.3598,0.0829,1.34,-2.46,None
2005-05-31,95945820,95945820,1,6567719000,None,4201446000,None,2366273000,0,0,244887000,2380882000,2130326000,181513000,181513000,2.22,2.06,0.19,45666000,-18871000,-83629000,-56834000,106114000,5389000,60.88,67.55,54.21,0.2887,0.1013,24.66,2.66,9.76,2.21,0.0981,1.0062,0.3603,0.0771,1.31,0.42,None
2005-02-28,95755280,95755280,1,6259567000,None,4071284000,None,2188283000,0,0,249080000,2449660000,1636120000,122744000,122744000,1.53,1.41,0.188,-366433000,-20759000,315944000,-71248000,162948000,6144000,53.54,63.19,43.89,0.272,0.0947,22.85,2.49,9.38,2.02,0.1003,1.1194,0.3496,0.0722,1.31,-3.89,None
2004-11-30,47740795,95481590,2,5835956000,None,3780275000,None,2055681000,0,0,249313000,2048247000,2380597000,186734000,186734000,4.77,4.42,0.25,335409000,-43077000,-96904000,195428000,234196000,8832000,40.41,46.5,34.31,0.2643,0.0928,21.53,2.05,7.86,1.83,0.0973,0.9964,0.3522,0.0682,1.36,3.42,None
2004-08-31,46319110,92638220,2,5375774000,None,3550648000,None,1825126000,0,0,244315000,2133074000,1748292000,117854000,117854000,3.04,2.84,0.25,-162186000,-99695000,206768000,-55113000,38768000,3831000,33.33,36.03,30.63,0.254,0.0905,19.7,1.8,6.83,1.7,0.088,1.1687,0.3395,0.0661,1.37,-1.79,None
2004-05-31,46306074,92612148,2,4895287000,None,3178455000,None,1716832000,0,0,236835000,1877434000,1570386000,102106000,102106000,2.58,2.4,0.25,-143856000,-61507000,70067000,-135296000,93881000,6390000,35.55,40.95,30.14,0.2573,0.0924,18.54,1.97,7.65,1.58,0.0732,1.0935,0.3507,0.0662,1.4,-1.62,None
2004-02-29,46713954,93427908,2,4628566000,None,2946823000,None,1681743000,0,0,238211000,1695766000,1353409000,74208000,74208000,1.9,1.75,0.25,-141496000,-52392000,284946000,91058000,229177000,4117000,34.77,37.48,32.05,0.2579,0.092,18,2.04,7.9,1.45,0.056,1.0083,0.3633,0.0642,1.43,-1.56,None
2003-11-30,46691180,93382360,2,4235859000,None,2643008000,None,1592851000,0,0,228999000,1393005000,1873241000,138736000,138736000,3.56,3.29,0.07,346906000,-35979000,-243319000,67608000,138119000,1886000,31.43,35.92,26.93,0.2603,0.0914,17.06,2.04,7.47,1.33,0.0373,0.8745,0.376,0.0634,1.44,3.69,None
2003-08-31,46351940,92703880,2,4116750000,None,2690453000,None,1426297000,0,0,215520000,1613444000,1442259000,97815000,97815000,2.52,2.32,0.08,-38101000,1919000,26733000,-9449000,70511000,1642000,31.59,35.77,27.41,0.2645,0.0889,15.39,2.15,7.85,1.29,0.0392,1.1312,0.3465,0.0629,1.41,-0.43,None
2003-05-31,47039095,94078190,2,4063455000,None,2682250000,None,1381205000,0,0,218576000,1537668000,1440104000,81374000,81374000,2.05,1.94,0.07,97964000,-80062000,-191727000,-173825000,79960000,7437000,26.27,31.35,21.2,0.2691,0.0882,14.68,1.92,6.99,1.25,0.0411,1.1133,0.3399,0.062,1.42,0.96,None
2003-02-28,47558797,95117594,2,3801615000,None,2503673000,None,1297942000,0,0,191930000,1585327000,1094950000,52839000,52839000,1.32,1.25,0.075,55389000,-556000,-131033000,-76200000,253785000,2087000,22.16,24.5,19.82,0.2684,0.0873,13.65,1.67,6.14,1.22,0.0439,1.2214,0.3414,0.0623,1.4,0.56,None
2002-11-30,48038196,96076392,2,4025540000,None,2751189000,None,1274351000,0,0,194614000,1688706000,1682528000,123732000,123732000,3.09,2.91,0.07,132085000,-58540000,135561000,209106000,329985000,25293000,23.55,26.5,20.6,0.2682,0.0867,13.26,2,7.43,1.18,0.0462,1.3251,0.3166,0.0625,1.39,1.11,None
2002-08-31,47881679,95763358,2,3612706000,None,2484540000,None,1128166000,0,0,194163000,1587772000,1292969000,83892000,83892000,2.07,1.95,0.08,7160000,-505000,-8902000,-2247000,120879000,3276000,23.62,27.2,20.04,0.2477,0.0788,11.78,2.07,7.93,1.15,0.0528,1.4074,0.3123,0.0582,1.36,0.04,None
2002-05-31,49816007,99632014,2,3426672000,None,2290625000,None,1136047000,0,0,192192000,1481876000,1139654000,64062000,64062000,1.5,1.41,0.07,137205000,2476000,-212705000,-73024000,123126000,2339000,23.23,26.8,19.66,0.2341,0.0738,11.4,2.07,8.27,1.11,0.0585,1.3044,0.3315,0.0539,1.37,1.35,None
2002-02-28,51349239,102698478,2,3433249000,None,2282783000,None,1150466000,0,0,189700000,1534488000,915665000,42664000,42664000,1,0.95,0.075,80540000,3758000,-169481000,-85183000,196150000,237000,19.29,22.17,16.4,0.233,0.0686,11.2,1.81,7.18,1.07,0.063,1.3338,0.3351,0.0495,1.39,0.78,None
2001-11-30,51175762,102351524,2,3692866000,None,2600385000,None,1092481000,0,0,190785000,1706009000,1450861000,88508000,88508000,2.1,2.03,0.07,190596000,-25972000,71528000,236152000,281333000,6395000,14.8,17.25,12.35,0.2439,0.0659,10.67,1.51,5.55,1.03,0.0655,1.5616,0.2958,0.0468,1.41,1.8,None
2001-08-31,50321172,100642344,2,3299198000,None,2309653000,None,989545000,0,0,192399000,1644858000,1235313000,60387000,60387000,1.63,1.57,0.08,-16497000,-27120000,71237000,27620000,45181000,2098000,15.33,18.13,12.53,0.259,0.0656,9.83,1.85,6.24,1,0.0679,1.6622,0.2999,0.0456,1.44,-0.18,None
2001-05-31,44282789,88565578,2,3049377000,None,2315605000,None,733772000,0,0,186261000,1551201000,1066945000,39504000,39504000,1.11,1.07,0.07,-65843000,3443000,46883000,-15517000,17561000,1883000,14.52,16.63,12.4,0.2646,0.0628,8.29,1.84,6.42,0.96,0.0705,2.114,0.2406,0.0446,1.41,-0.76,None
2001-02-28,44275869,88551738,2,2961220000,None,2263875000,None,697345000,0,0,197043000,1487598000,821065000,25818000,25818000,0.74,0.7,0.075,-62336000,1399000,60934000,-3000,33078000,1813000,15.96,19.16,12.75,0.2529,0.0601,7.88,2.15,6.03,0.92,0.0733,2.1332,0.2355,0.0434,1.38,-0.72,None
2000-11-30,43973952,87947904,2,2828921000,None,2174162000,None,654759000,0,0,202177000,1403202000,1244067000,73407000,73407000,2,1.99,0.07,70509000,-19386000,-63234000,-12111000,33081000,6868000,14.19,16.41,11.97,0.3103,0.075,7.44,1.77,6.09,0.89,0.0588,2.1431,0.2315,0.0534,1.4,0.72,None
2000-08-31,42869154,85738308,2,2836110000,None,2149950000,None,686160000,0,0,194219000,1330385000,981024000,44639000,44639000,1.25,1.15,0.08,80602000,-1167000,-64049000,15386000,45192000,4411000,10.58,12.69,8.47,0.2948,0.0729,8,1.23,4.93,0.85,0.0606,1.9389,0.2419,0.0514,1.42,0.89,None
2000-05-31,39356846,78713692,2,2794685000,None,2119734000,None,674951000,0,0,194578000,1356939000,906182000,27700000,27700000,0.69,0.68,0.07,-66011000,-2112000,59119000,-9004000,29806000,4761000,9.79,11.19,8.4,0.2853,0.0707,8.57,1.17,4.67,0.81,0.0646,2.0104,0.2415,0.0488,1.45,-0.9,None
2000-02-29,41153308,82306616,2,2735294000,None,2044874000,None,690420000,0,0,202343000,1251602000,799585000,64214000,64214000,1.51,1.47,0.075,-20556000,-2272000,33271000,10443000,38810000,2460000,10.89,12.4,9.38,0.2888,0.0728,8.39,1.34,7.09,0.78,0.0674,1.8128,0.2524,0.0496,1.47,-0.28,None
1999-11-30,41620554,83241108,2,2664235000,None,1987652000,None,676583000,0,0,205618000,1227309000,1222769000,64527000,64527000,1.36,1.36,0.07,251428000,-3779000,-259059000,-11410000,28367000,3805000,10.58,12.78,8.38,0.2227,0.0567,8.13,1.47,7.61,0.74,0.0927,1.814,0.254,0.0384,1.48,2.97,None
1999-08-31,47688647,95377294,2,2818943000,None,2132642000,None,686301000,0,0,213271000,1361498000,1057113000,38181000,38181000,0.83,0.78,0.08,-24995000,-18544000,79182000,35643000,39777000,4967000,11.18,12.72,9.63,0.2041,0.052,7.2,1.64,8.5,0.7,0.1131,1.9838,0.2435,0.0363,1.43,-0.31,None
1999-05-31,47913469,95826938,2,2520161000,None,1866114000,None,654047000,0,0,210583000,1249862000,862270000,28575000,28575000,0.6,0.58,0.07,-98093000,-2781000,93646000,-7228000,4134000,5115000,12.44,14.38,10.5,0.2098,0.0539,6.83,1.89,10.07,0.66,0.1176,1.911,0.2595,0.0377,1.43,-1.08,None
1999-02-28,47900301,95800602,2,2396882000,None,1765480000,None,631402000,0,0,217590000,1127412000,694143000,16186000,16186000,0.36,0.35,0.075,-21573000,-8851000,-21567000,-51991000,11362000,5273000,13.09,15.5,10.69,0.2127,0.0542,6.59,2.64,11.28,0.63,0.1251,1.7856,0.2634,0.038,1.43,-0.28,None
1998-11-30,47894958,95789916,2,1860204000,None,1385693000,None,474511000,0,0,45533000,818523000,826644000,41849000,41849000,1.05,1.07,0.07,35985000,505000,17038000,53528000,63353000,0,12.1,15.63,8.56,0.2241,0.0578,4.95,2.26,12.47,0.59,0.1289,1.725,0.2551,0.0389,1.48,0.38,None
1998-08-31,39902887,79805774,2,1734629000,None,1307204000,None,427425000,0,0,47994000,788508000,659014000,28098000,28098000,0.7,0.63,0.08,-16843000,-13213000,22195000,-7861000,9825000,0,14.09,17.5,10.69,0.2022,0.0528,5.36,2.74,16.87,0.56,0.1433,1.8448,0.2464,0.0358,1.47,-0.21,None
1998-05-31,39853702,79707404,2,1631455000,None,1221218000,None,410237000,0,0,50469000,916011000,537459000,17222000,17222000,0.44,0.42,0.07,-50691000,-149137000,176303000,-23525000,17686000,0,14.2,17.25,11.15,0.1779,0.0476,5.15,2.87,18.68,0.52,0.1693,2.2329,0.2515,0.0329,1.45,-0.64,None
1998-02-28,39228777,78457554,2,1372211000,None,983870000,None,388341000,0,0,29300000,720228000,426245000,8098000,8098000,0.21,0.2,0.075,18700000,1000,-45732000,-27031000,41211000,0,11.79,13.44,10.15,0.168,0.0464,4.95,2.4,16.49,0.48,0.186,1.8546,0.283,0.0316,1.47,0.24,None
1997-11-30,38997784,77995568,2,1418991000,None,1035935000,None,383056000,0,0,31283000,757755000,646909000,27918000,27918000,0.69,None,0.07,23663000,-721000,34505000,57447000,68242000,0,10.52,11.56,9.47,0.1637,0.0453,4.91,2.3,17.98,0.44,0.1971,1.9782,0.2699,0.031,1.46,0.3,None
1997-08-31,38964636,77929272,2,1325815000,None,969178000,None,356637000,0,0,33135000,709262000,468776000,15163000,15163000,0.36,None,0.08,-46343000,4352000,34999000,-6992000,10795000,0,9.22,11.06,7.38,0.1455,0.0404,4.58,2.08,13.56,0.41,0.2284,1.9888,0.269,0.0287,1.41,-0.59,None
1997-05-31,38850486,77700972,2,1223493000,None,878175000,None,345318000,0,0,35192000,666640000,414202000,10705000,10705000,0.27,None,0.07,-18132000,-148000,24989000,6709000,17787000,0,7.04,7.63,6.44,0.1433,0.0387,4.44,1.62,None,0.37,0.2372,1.9305,0.2822,0.0274,1.41,-0.23,None
1997-02-28,38829586,77659172,2,1173251000,None,835608000,None,337643000,0,0,37147000,636218000,346384000,4444000,4444000,0.11,None,0.075,11768000,2673000,-13144000,1297000,11078000,0,6.59,7.31,5.88,-0.1849,-0.0473,4.35,1.5,None,0.33,None,1.8843,0.2878,None,1.42,0.15,None
1996-11-30,38818951,77637902,2,1243494000,None,903144000,None,340350000,0,0,39356000,645966000,520843000,19885000,19885000,0.43,None,0.07,126028000,2328000,-141911000,-13555000,9781000,0,6.34,6.81,5.88,-0.176,-0.0447,4.38,1.52,None,0.3,None,1.8979,0.2737,None,1.3,1.62,None
1996-08-31,38872836,77745672,2,1348939000,None,1023603000,None,325336000,0,0,41410000,783414000,481373000,13267000,13267000,0.55,None,0.08,60165000,3269000,-73109000,-9675000,23336000,0,6.56,7.5,5.63,-0.1723,-0.0435,4.18,1.62,None,0.26,None,2.408,0.2412,None,1.2,0.77,None
1996-05-31,38857136,77714272,2,1385759000,None,1071761000,None,313998000,0,0,43295000,850896000,482350000,-98482000,-98482000,-2.47,None,0.07,122170000,-84244000,-40056000,-2130000,33011000,0,7.44,8.19,6.69,-0.1804,-0.0464,4.04,1.17,18.15,0.22,None,2.7099,0.2266,None,1.09,1.57,None
1996-02-29,32356536,64713072,2,1502851000,None,1089142000,None,413709000,0,1300000,0,857970000,302475000,4086000,4086000,0.1,None,0.075,22421000,4721000,-35383000,-8241000,35141000,0,7.41,8.44,6.38,0.0802,None,6.37,1.15,20.3,0.19,0.292,2.0804,0.2744,0.0223,0.96,0.35,None
1995-11-30,32352736,64705472,2,1574179000,None,1158701000,None,415478000,0,0,0,875339000,478887000,17920000,17920000,0.45,None,0.07,49785000,3203000,-42042000,10946000,43382000,0,6.07,6.69,5.44,0.0719,None,6.42,0.98,None,0.15,0.3287,2.1068,0.2639,0.0208,0.92,0.77,None
1995-08-31,32391317,64782634,2,1544408000,None,1141202000,None,403206000,0,1300000,0,903928000,372314000,6863000,6863000,0.17,None,0.08,-11573000,5751000,7917000,2095000,32436000,0,7.28,8,6.56,None,None,6.2,1.18,None,0.11,None,2.2491,0.2602,None,None,-0.18,None
1995-05-31,32388317,64776634,2,1509039000,None,1107066000,None,401973000,0,1300000,0,886660000,315493000,3841000,3841000,0.1,None,0.07,-19030000,1242000,12876000,-4912000,30341000,0,6.75,7.94,5.56,None,None,6.19,1.1,None,0.07,None,2.2129,0.2655,None,None,-0.29,None
1995-02-28,32382317,64764634,2,1473279000,None,1073075000,None,400204000,0,1300000,0,861623000,229832000,435000,435000,0.01,None,0.075,-72052000,-230000,52727000,-19555000,35253000,0,6.72,7.38,6.06,None,None,6.16,1.08,None,0.04,None,2.16,0.2708,None,None,-1.11,None
1994-11-30,32379217,64758434,2,1454460000,None,1049713000,None,404747000,0,0,0,786751000,None,None,None,None,None,0,None,None,None,None,54808000,0,7.19,8.25,6.13,None,None,6.25,None,None,0,None,1.9438,0.2783,None,None,None,None
