"Quarter end","Shares","Shares split adjusted","Split factor","Assets","Current Assets","Liabilities","Current Liabilities","Shareholders equity","Non-controlling interest","Preferred equity","Goodwill & intangibles","Long-term debt","Revenue","Earnings","Earnings available for common stockholders","EPS basic","EPS diluted","Dividend per share","Cash from operating activities","Cash from investing activities","Cash from financing activities","Cash change during period","Cash at end of period","Capital expenditures","Price","Price high","Price low","ROE","ROA","Book value of equity per share","P/B ratio","P/E ratio","Cumulative dividends per share","Dividend payout ratio","Long-term debt to equity ratio","Equity to assets ratio","Net margin","Asset turnover","Free cash flow per share","Current ratio"
2019-03-31,141238583,141238583,1,9002921000,None,5917652000,None,2854713000,230556000,0,0,5012072000,226522000,8843000,7824000,0.05,0.05,0.75,98840000,-1222000,-92844000,4774000,154075000,37083000,44.34,47.05,41.63,0.034,0.0124,20.21,2.12,105.57,54.68,4.1468,1.7557,0.3171,0.1067,0.11,0.44,None
2018-12-31,141161293,141161293,1,9026808000,None,5838376000,None,2950232000,238200000,0,46188000,4982460000,246874000,13246000,11749000,0.09,0.09,0.75,97150000,-79836000,-12113000,5201000,149301000,71048000,48.22,55.54,40.9,0.0196,0.0076,20.9,2.23,86.11,53.93,6.9804,1.6888,0.3268,0.0625,0.11,0.18,None
2018-09-30,141050902,141050902,1,9010730000,None,5722801000,None,3044448000,243481000,0,0,4874861000,242198000,81241000,74028000,0.52,0.52,0.74,82311000,-9976000,-70747000,1588000,144100000,49910000,57.66,60.95,54.36,0.025,0.0102,21.58,2.65,360.38,53.18,5.1507,1.6012,0.3379,0.0835,0.11,0.23,None
2018-06-30,141050902,141050902,1,9115217000,None,5800042000,None,3070510000,244665000,0,0,4970097000,234545000,8866000,7816000,0.05,0.05,0.74,69882000,-45266000,-49956000,-25340000,142512000,62063000,56.77,60,53.55,0.0072,0.0034,21.77,2.53,189.23,52.44,16.8582,1.6187,0.3369,0.0252,0.1,0.06,None
2018-03-31,140992474,140992474,1,9157273000,None,5748688000,None,3157760000,250825000,0,0,4906247000,236734000,-34381000,-33573000,-0.24,-0.24,0.74,94968000,311401000,-381622000,24747000,167852000,54210000,62.04,69.73,54.35,0.012,0.0055,22.4,2.37,60.82,51.7,9.4408,1.5537,0.3448,0.044,0.1,0.29,None
2017-12-31,140852118,140852118,1,9605862000,None,5637863000,None,3681578000,286421000,0,59883000,5170264000,256743000,38584000,32751000,0.23,0.23,0.74,86539000,12966000,-79555000,19950000,91038000,76967000,59.99,67.53,52.45,0.0383,0.0168,26.14,2.25,56.59,50.96,2.7732,1.4044,0.3833,0.1471,0.1,0.07,None
2017-09-30,140772872,140772872,1,9606911000,None,5569817000,None,3746321000,290773000,0,0,5053674000,242451000,19228000,17498000,0.12,0.12,0.71,109623000,-26516000,-99152000,-16045000,71088000,47830000,56.83,61.55,52.12,0.0384,0.0168,26.61,2.08,55.17,50.22,2.6789,1.349,0.39,0.1492,0.1,0.44,None
2017-06-30,141414438,141414438,1,9682206000,None,5521531000,None,3859556000,301119000,0,0,4991385000,247423000,29052000,26638000,0.19,0.19,0.71,87523000,-16681000,-76005000,-5163000,87133000,39990000,61.62,67.18,56.06,0.0365,0.0161,27.29,2.21,53.58,49.51,2.7326,1.2933,0.3986,0.1439,0.1,0.34,None
2017-03-31,141779397,141779397,1,9712064000,None,5438167000,None,3957453000,316444000,0,0,4906522000,247045000,74809000,69243000,0.48,0.48,0.71,102704000,207103000,-311557000,-1750000,92296000,37363000,67.74,73.34,62.14,0.0402,0.018,27.91,2.37,19.75,48.8,2.4088,1.2398,0.4075,0.1601,0.1,0.46,None
2016-12-31,143904832,143904832,1,9958148000,None,5530980000,None,4105887000,321281000,0,0,4965900000,272000000,40834000,37128000,0.25,0.27,0.71,98447000,-51013000,-37569000,9865000,94046000,81710000,73.27,80.54,66,0.1204,0.0553,28.53,2.53,12.59,48.09,0.7709,1.2095,0.4123,0.4965,0.1,0.12,None
2016-09-30,143725077,143725077,1,9941765000,None,5451257000,None,4163202000,327306000,0,0,4894102000,253367000,13196000,13730000,0.09,0.09,0.68,111378000,9342000,-109677000,11043000,84181000,55937000,86.64,94.51,78.76,0.2013,0.0926,28.97,2.94,14.59,47.38,1.1196,1.1756,0.4188,0.8209,0.11,0.39,None
2016-06-30,143625500,143625500,1,9997679000,None,5420578000,None,4236172000,340929000,0,0,4912512000,259904000,49434000,45222000,0.31,0.31,0.68,99840000,126369000,-259576000,-33367000,73138000,55626000,78.6,85.39,71.82,0.1921,0.0876,29.49,2.5,13.74,46.7,1.1009,1.1597,0.4237,0.7865,0.1,0.31,None
2016-03-31,148492665,148492665,1,10211345000,None,5181475000,None,4667011000,362859000,0,0,4658968000,256000000,451375000,420915000,2.77,2.76,0.68,107841000,358415000,-446261000,19995000,106505000,66206000,77.94,82.88,72.99,0.1741,0.0787,31.43,2.46,25.06,46.02,1.1453,0.9983,0.457,0.721,0.1,0.28,None
2015-12-31,149149560,149149560,1,11258576000,None,6187337000,None,4715414000,355825000,0,0,5283742000,320758000,444185000,414959000,2.65,2.66,4.73,126726000,450735000,-583960000,-6499000,86510000,82643000,80.42,86.29,74.55,0.0919,0.0409,31.62,2.35,8.07,45.34,2.0801,1.1205,0.4188,0.3785,0.1,0.3,None
2015-09-30,158327709,158327709,1,13350181000,None,7535965000,None,5427976000,386240000,0,0,6826158000,326262000,36314000,33597000,0.22,0.21,0.65,140772000,-93639000,-64450000,-17317000,93009000,93963000,76.75,81.52,71.98,0.2714,0.1214,34.28,2.21,7.67,40.61,0.274,1.2576,0.4066,1.1639,0.1,0.3,None
2015-06-30,158321195,158321195,1,13360376000,None,7475729000,None,5493328000,391319000,0,0,6739208000,322794000,15746000,14395000,0.09,0.09,0.65,110749000,-308100000,189516000,-7835000,110326000,55051000,80.41,86.31,74.51,0.3023,0.1319,34.7,2.28,8.02,39.96,0.2632,1.2268,0.4112,1.2253,0.1,0.35,None
2015-03-31,158262276,158262276,1,13196667000,None,7223102000,None,5576537000,397028000,0,0,6474354000,318335000,26667000,24611000,0.15,0.15,0.65,162130000,-150020000,21144000,33254000,118161000,120262000,88.77,95.93,81.61,0.3414,0.1448,35.24,2.49,8.88,39.31,0.2525,1.161,0.4226,1.2992,0.1,0.26,None
2014-12-31,158160241,158160241,1,13121778000,None,7081929000,None,5640120000,399729000,0,0,6292400000,322909000,1530558000,1429221000,9.52,9.51,0.65,103800000,86608000,-163980000,26428000,84907000,90005000,74.4,85.55,63.25,0.3901,0.1591,35.66,3.28,48.95,38.66,0.2432,1.1157,0.4298,1.3563,0.11,0.09,None
2014-09-30,140715832,140715832,1,9206108000,None,5667055000,None,3190820000,348233000,0,0,4930539000,263493000,38744000,35914000,0.25,0.25,0.62,106334000,-167600000,63245000,1979000,58479000,65071000,65.72,68.81,62.62,0.0656,0.025,22.68,2.86,42.68,38.01,1.6249,1.5452,0.3466,0.2067,0.11,0.29,None
2014-06-30,140714194,140714194,1,9062263000,None,5471585000,None,3237625000,353053000,0,0,4760107000,254333000,17985000,16088000,0.11,0.11,0.62,92661000,-152548000,51461000,-8426000,56500000,77917000,64.97,68.28,61.66,0.0657,0.0252,23.01,2.77,21.66,37.39,1.5819,1.4702,0.3573,0.2091,0.11,0.1,None
2014-03-31,140692507,140692507,1,9008391000,None,5345271000,None,3303836000,359284000,0,0,4611132000,264512000,19644000,17819000,0.13,0.13,0.62,97911000,-22251000,-80449000,-4789000,64926000,34370000,58.81,62.41,55.21,0.1263,0.0484,23.48,2.46,19.6,36.77,0.8037,1.3957,0.3668,0.4071,0.11,0.45,None
2013-12-31,140553257,140553257,1,9075250000,None,5356533000,None,3358749000,359968000,0,0,4582727000,256568000,150789000,144878000,1.04,1.03,0.62,93179000,37409000,-122981000,7607000,69715000,53593000,57.95,60.76,55.13,0.1292,0.0478,23.9,2.47,17.89,36.15,0.7853,1.3644,0.3701,0.4081,0.11,0.28,None
2013-09-30,140540086,140540086,1,9205527000,None,5550757000,None,3296619000,358151000,0,0,4763552000,261730000,40825000,38123000,0.27,0.27,0.58,146069000,354937000,-485841000,15165000,62108000,82403000,60.66,66.12,55.19,0.1413,0.0512,23.46,2.56,18.44,35.53,0.7174,1.445,0.3581,0.4389,0.11,0.45,None
2013-06-30,140537386,140537386,1,9549889000,None,5872120000,None,3334907000,342862000,0,0,5191067000,248395000,234815000,218997000,1.57,1.57,0.58,75244000,336137000,-433252000,-21871000,46943000,72966000,64.44,72.19,56.68,0.1472,0.0542,23.73,2.94,23.6,34.95,0.6943,1.5566,0.3492,0.4655,0.11,0.02,None
2013-03-31,137498591,137498591,1,9762684000,None,6406093000,None,3017020000,339571000,0,0,5707793000,262782000,22530000,18092000,0.13,0.13,0.58,107543000,-456616000,352094000,3021000,68814000,517642000,61.06,64.47,57.66,0.125,0.0466,21.94,2.73,24.52,34.37,0.8328,1.8919,0.309,0.3977,0.11,-2.98,None
2012-12-31,137361571,137361571,1,9311209000,None,5894958000,None,3077529000,338722000,0,0,5261370000,251163000,186295000,174247000,1.27,1.27,0.58,95117000,-1054851000,948974000,-10760000,65793000,1069661000,57.17,60.03,54.32,0.117,0.0448,22.4,2.66,23.24,33.79,0.8919,1.7096,0.3305,0.3829,0.11,-7.09,None
2012-09-30,136616142,136616142,1,7609856000,None,4324148000,None,2938030000,347678000,0,0,3789512000,215675000,47275000,43893000,0.32,0.32,0.55,111581000,83775000,-208600000,-13244000,76553000,46268000,58.91,61.8,56.02,0.1201,0.0453,21.51,2.8,26.42,33.21,0.8681,1.2898,0.3861,0.4041,0.11,0.48,None
2012-06-30,133121980,133121980,1,7731053000,None,4593275000,None,2796258000,341520000,0,0,4066764000,199756000,144542000,133354000,1.01,1.01,0.55,58377000,79189000,-277029000,-139463000,89797000,101349000,58.6,62.83,54.37,0.1113,0.0409,21.01,2.85,54.77,32.66,0.9257,1.4544,0.3617,0.3729,0.11,-0.32,None
2012-03-31,132560920,132560920,1,8069835000,None,4997711000,None,2724722000,347402000,0,0,4317385000,214729000,-11723000,-14068000,-0.11,-0.11,0.55,86221000,-71487000,147278000,162012000,229260000,32437000,53.88,58.08,49.67,0.0562,0.0202,20.55,2.53,45.66,32.11,1.7902,1.5845,0.3376,0.1902,0.1,0.41,None
2011-12-31,131992974,131992974,1,7938549000,None,4773898000,None,2813337000,351314000,0,0,4206074000,207576000,175316000,175316000,1.24,1.24,0.55,56800000,-27570000,-101402000,-72172000,67248000,39840000,46.26,49.86,42.66,0.0608,0.0222,21.31,2.24,355.85,31.56,1.5968,1.495,0.3544,0.2137,0.1,0.13,None
2011-09-30,131941163,131941163,1,7629104000,None,4642564000,None,2719731000,266809000,0,0,4061991000,202682000,12941000,12941000,0.09,0.09,0.5,90625000,12744000,-37178000,66191000,139420000,115903000,40.56,45.63,35.5,0.006,0.0022,20.61,1.93,405.6,31.01,15.6077,1.4935,0.3565,0.0214,0.1,-0.19,None
2011-06-30,131916463,131916463,1,7449780000,None,4397655000,None,2769045000,283080000,0,0,3879238000,189923000,-19216000,-19216000,-0.15,-0.15,0.5,48312000,-123917000,-39191000,-114796000,73229000,55273000,41.5,47.19,35.82,0.0043,0.0016,20.99,1.92,172.92,30.51,21.2541,1.4009,0.3717,0.0159,0.1,-0.05,None
2011-03-31,130899663,130899663,1,7498278000,None,4360624000,None,2825761000,311893000,0,0,3824667000,191069000,34000,34000,0,0,0.5,41548000,-73343000,-225825000,-257620000,188025000,35995000,35.32,41.34,29.3,0.0109,0.0041,21.59,1.59,220.75,30.01,8.2704,1.3535,0.3769,0.0411,0.1,0.04,None
2010-12-31,130349416,130349416,1,7645010000,None,4445648000,None,2890279000,309083000,0,0,3892070000,203885000,23063000,23063000,0.19,0.19,0.5,73610000,-29719000,-84672000,-40781000,445645000,56146000,44.97,51.3,38.64,0.0091,0.0033,22.17,2.01,None,29.51,8.4099,1.3466,0.3781,0.0318,0.1,0.13,None
2010-09-30,130110676,130110676,1,7699522000,None,4468023000,None,2917066000,314433000,0,0,3908248000,190679000,8429000,8429000,0.06,0.06,0.5,54039000,-88684000,-75647000,-110292000,486426000,63266000,49.23,56.5,41.96,-0.0055,-0.0016,22.42,2.16,33.94,29.01,None,1.3398,0.3789,None,0.1,-0.07,None
2010-06-30,130103762,130103762,1,7738306000,None,4445791000,None,2963708000,328807000,0,0,3898770000,181881000,55000,-10,-0.01,-0.01,0.5,7869000,27836000,464787000,500492000,596718000,-814000,50.98,54.65,47.32,0.0593,0.0165,22.78,3.56,43.03,28.51,0.7441,1.3155,0.383,0.1609,0.1,0.07,None
2010-03-31,129738139,129738139,1,7266949000,None,5119423000,None,1856901000,290625000,0,0,4556809000,182114000,-6357000,-7346000,-0.08,-0.08,0.06,64917000,-51605000,-10341000,2971000,96226000,67191000,48.24,50.8,45.69,0.0606,0.0135,14.31,2.54,33.71,28.01,0.3001,2.454,0.2555,0.1279,0.1,-0.02,None
2009-12-31,96652642,97715821,1.011,7252471000,None,5103414000,None,1857571000,291486000,0,0,4531634000,188664000,-14376000,-14376000,-0.16,-0.16,0.12,47155000,29365000,-62823000,13697000,93255000,63797000,35.12,62.02,8.22,0.0795,0.0158,19.01,2.29,14.85,27.95,0.693,2.4395,0.2561,0.1499,0.11,-0.17,None
2009-09-30,94757688,97620222,1.030209,7319427000,None,5539840000,None,1495724000,283863000,0,0,4968053000,200296000,142838000,142838000,1.75,1.75,0.06,7948000,309184000,-295463000,21669000,79558000,36350000,60.58,70.21,50.96,0.1421,0.0253,15.32,3.76,81.8,27.83,0.674,3.3215,0.2043,0.2274,0.11,-0.29,None
2009-06-30,79299665,83410828,1.051843,7968948000,None,6362099000,None,1344474000,262375000,0,0,5957140000,205915000,-21736000,-21736000,-0.29,-0.29,0.06,44214000,-33951000,-31910000,-21647000,57889000,41377000,67.77,75.67,59.86,0.0448,0.0077,16.12,4.1,54.33,27.77,3.0879,4.4308,0.1687,0.0681,0.11,0.03,None
2009-03-31,77033475,83376938,1.082347,8035504000,None,6387213000,None,1378705000,269586000,0,0,5985360000,210779000,14016000,14016000,0.18,0.18,0.8,21573000,-2242000,-6324000,13007000,79536000,55959000,64.23,71.59,56.87,0.074,0.0128,16.54,3.93,28.15,27.71,2.3977,4.3413,0.1716,0.1128,0.11,-0.41,None
2008-12-31,77033475,83376938,1.082347,8090435000,None,6460075000,None,1364299000,266061000,0,0,5975269000,255442000,63231000,63231000,0.83,0.84,0.8,76117000,-40914000,-17496000,17707000,66529000,82262000,32.09,37.8,26.38,0.1342,0.0234,16.36,1.93,15.93,26.97,1.3203,4.3797,0.1686,0.2033,0.11,-0.07,None
2008-09-30,76112463,82380084,1.082347,8074670000,None,6419610000,None,1371469000,283591000,0,0,6033809000,225807000,6498000,5663000,0.08,0.08,0.8,68584000,-64842000,-8727000,-4985000,48822000,126277000,24.76,35.21,14.3,0.1223,0.0198,16.65,1.45,11.45,26.23,1.4846,4.3995,0.1698,0.1987,0.1,-0.7,None
2008-06-30,74641909,80788434,1.082347,8058765000,None,6355980000,None,1383997000,318788000,0,0,5976289000,209297000,19629000,18794000,0.25,0.25,0.8,72250000,-208427000,125724000,-10453000,53807000,199565000,13.73,21.57,5.89,0.1323,0.0224,17.13,0.83,6.52,25.5,1.3298,4.3181,0.1717,0.2135,0.1,-1.58,None
2008-03-31,74744091,80899031,1.082347,7838193000,None,6126538000,None,1344537000,367118000,0,0,5767698000,210944000,98082000,95628000,1.32,1.3,0.8,34996000,-244773000,188764000,-21013000,64260000,127159000,12.81,20.23,5.39,0.1285,0.0228,16.62,0.87,13.59,24.76,1.3203,4.2897,0.1715,0.2052,0.11,-1.14,None
2007-12-31,72336763,78293467,1.082347,7937097000,None,6156060000,None,1149849000,631188000,0,0,5762958000,161829000,33543000,40410000,0.56,0.55,0.8,117999000,-650548000,574972000,42423000,85273000,609667000,75.38,80.38,70.37,0.0563,0.0113,14.69,4.46,35.02,24.02,2.8666,5.0119,0.1449,0.0906,0.11,-6.28,None
2007-09-30,72518069,78489703,1.082347,7459960000,None,5474270000,None,1325938000,659752000,0,0,5124479000,223984000,24007000,17280000,0.24,0.24,0.71,106099000,-32975000,-79308000,-6184000,42850000,210656000,67.97,71.24,64.69,0.1287,0.0276,16.89,3.86,26.75,23.28,1.1284,3.8648,0.1777,0.2136,0.11,-1.33,None
2007-06-30,71871268,77789640,1.082347,7498814000,None,5455702000,None,1370972000,672140000,0,0,5123549000,215788000,19570000,13448000,0.19,0.19,0.71,45678000,-104653000,60064000,1089000,49034000,117859000,65.58,68.42,62.73,0.147,0.0317,17.62,3.66,24.31,22.62,0.957,3.7372,0.1828,0.2521,0.11,-0.93,None
2007-03-31,71677344,77579747,1.082347,7391217000,None,5318556000,None,1391017000,681644000,0,0,4998179000,211671000,8688000,2566000,0.04,0.04,0.71,56294000,-77107000,-200677000,-221490000,47945000,105618000,66.53,69.41,63.65,0.1535,0.0337,17.93,3.36,24.08,21.97,0.8947,3.5932,0.1882,0.2693,0.11,-0.64,None
2006-12-31,71945097,77869548,1.082347,7562163000,None,5298454000,None,1542305000,721404000,0,0,4993879000,197060000,154126000,147929000,2.06,1.86,0.71,72945000,57717000,76726000,207388000,269435000,330325000,75.44,85.61,65.26,0.155,0.0344,19.81,4.08,53.72,21.31,0.8664,3.2379,0.204,0.2748,0.11,-3.31,None
2006-09-30,71810172,77723513,1.082347,7280523000,None,5140851000,None,1436447000,703225000,0,0,4852636000,212106000,53167000,46968000,0.66,0.66,0.68,54654000,-57359000,19263000,16558000,62047000,151432000,74.25,80.92,67.58,0.0803,0.0177,18.48,4,86.41,20.65,2.3279,3.3782,0.1973,0.1211,0.12,-1.25,None
2006-06-30,71808418,77721614,1.082347,7185246000,None,5033819000,None,1444359000,707068000,0,0,4764177000,207834000,31642000,25672000,0.36,0.36,0.68,32660000,134256000,-188235000,-21319000,45489000,78474000,82.63,90.26,74.99,0.0532,0.0118,18.58,4.4,129.61,20.03,3.8077,3.2985,0.201,0.0715,0.12,-0.59,None
2006-03-31,71787675,77699163,1.082347,7304366000,None,5142313000,None,1461053000,701000000,0,0,4862398000,212656000,13423000,7453000,0.11,0.11,0.68,51591000,-261350000,121454000,-88305000,66808000,262672000,87.35,95.46,79.24,0.042,0.009,18.8,8.16,107.44,19.4,4.362,3.328,0.2,0.0506,0.12,-2.72,None
2005-12-31,71423917,77305451,1.082347,7178944000,None,5732806000,None,827108000,619030000,0,0,5424730000,224199000,29536000,23635000,0.4,0.39,1.33,50318000,-33111000,69689000,86896000,155113000,61552000,59.82,63.36,56.28,0.0613,0.011,10.7,4.63,64.75,18.77,3.2843,6.5587,0.1152,0.0685,0.12,-0.15,None
2005-09-30,59940082,64875958,1.082347,7063037000,None,5596053000,None,837866000,629118000,0,0,5292345000,205423000,10338000,4064000,0.07,0.07,0.65,97220000,-59773000,-43008000,-5561000,68217000,53835000,61.59,65.77,57.42,0.067,0.0127,12.91,4.59,54.64,17.54,3.2035,6.3165,0.1186,0.083,0.12,0.67,None
2005-06-30,59694677,64610345,1.082347,7081428000,None,5576335000,None,866959000,638134000,0,0,5284005000,186384000,11314000,6749000,0.11,0.12,0,29960000,38164000,-47434000,20690000,73778000,24984000,56.05,62.2,49.89,0.0803,0.0161,13.42,4.03,43.64,16.94,2.0759,6.0949,0.1224,0.114,0.12,0.08,None
2005-03-31,59631438,64541898,1.082347,4661984000,None,3450970000,None,897371000,313643000,0,0,3277165000,151379000,20498000,18140000,0.31,0.3,0.65,57798000,-77228000,404000,-19026000,53088000,31471000,53.33,57.42,49.23,0.0901,0.0204,13.9,3.75,41.23,16.94,1.8152,3.652,0.1925,0.1435,0.13,0.41,None
2004-12-31,59370133,64259076,1.082347,4637096000,None,3403314000,None,913533000,320249000,0,0,3230120000,166584000,32322000,29965000,0.51,0.51,1.87,43099000,-206867000,189980000,26212000,72114000,269653000,54.86,59.74,49.98,0.0889,0.0209,14.22,3.84,44.31,16.34,1.7792,3.5359,0.197,0.1507,0.12,-3.53,None
2004-09-30,59274235,64155281,1.082347,4400373000,None,3161419000,None,917369000,321585000,0,0,2993430000,128364000,19657000,17299000,0.3,0.29,0,69627000,-135017000,24714000,-40676000,52706000,140546000,47.3,51.55,43.05,0.0832,0.0205,14.3,3.24,29.76,14.61,1.779,3.2631,0.2085,0.1504,0.12,-1.11,None
2004-06-30,59142049,64012210,1.082347,4277108000,None,3018670000,None,933191000,325247000,0,0,2865346000,128652000,19326000,17113000,0.29,0.29,0,5809000,-68241000,74877000,12445000,93382000,66247000,43.45,50.17,36.73,0.1063,0.0262,14.58,2.91,23.75,14.61,1.3818,3.0705,0.2182,0.1986,0.12,-0.94,None
2004-03-31,58603878,63429722,1.082347,4207064000,None,2930968000,None,947785000,328311000,0,0,2748162000,123668000,20328000,18116000,0.31,0.31,0.61,75844000,-69127000,27060000,33777000,80937000,64241000,45.04,49.8,40.28,0.1231,0.0305,14.94,3.01,23.9,14.61,1.2403,2.8996,0.2253,0.2262,0.12,0.18,None
2003-12-31,58885017,63734012,1.082347,4145593000,None,2855559000,None,953485000,336549000,0,0,2682599000,138126000,27848000,25490000,0.44,0.45,1.75,74039000,-81111000,-23420000,-30492000,47160000,52983000,38.25,41.11,35.39,0.1302,0.0321,14.96,2.53,14.53,14.05,1.1745,2.8135,0.23,0.233,0.12,0.33,None
2003-09-30,57726101,62479663,1.082347,4030833000,None,2764865000,None,944400000,321568000,0,0,2621670000,115208000,41796000,39729000,0.74,0.67,0,63215000,-212054000,146778000,-2061000,77652000,235908000,34.22,35.52,32.91,0.1455,0.0359,15.12,2.46,14.82,12.43,0.967,2.776,0.2343,0.2578,0.12,-2.76,None
2003-06-30,52595790,56926887,1.082347,3830091000,None,2579160000,None,792063000,458868000,0,0,2448846000,117713000,33770000,28574000,0.55,0.55,0,44739000,5382000,-76162000,-26041000,79713000,39782000,31.7,33.7,29.7,0.133,0.0303,13.91,2.28,17.87,12.43,1.259,3.0917,0.2068,0.2039,0.12,0.09,None
2003-03-31,52492382,56814964,1.082347,3933848000,None,2685527000,None,789593000,458728000,0,0,2555094000,114957000,24620000,19425000,0.38,0.37,0.57,79687000,-95999000,68507000,52195000,105754000,34262000,28.64,30.65,26.63,0.1061,0.0246,13.9,2.03,15.12,12.43,1.8552,3.236,0.2007,0.1512,0.12,0.8,None
2002-12-31,52114350,56405802,1.082347,3662080000,None,2395449000,None,797798000,468833000,0,0,2291908000,121323000,38412000,33217000,0.77,1.26,1.67,74779000,-81756000,-2629000,-9606000,53559000,58551000,27.12,28.8,25.44,0.1231,0.0271,14.14,2.57,15.95,11.9,1.7545,2.8728,0.2179,0.1609,0.13,0.29,None
2002-09-30,36310929,39301019,1.082347,3588051000,None,2759749000,None,414737000,413565000,0,0,2675563000,101543000,16870000,11674000,0.33,0.32,0,66116000,-693128000,630572000,3560000,63165000,319579000,26.65,28.68,24.62,0.1651,0.0314,10.55,2.79,16.02,10.36,1.2323,6.4512,0.1156,0.1803,0.13,-6.45,None
2002-06-30,36257095,39242752,1.082347,2442001000,None,1704695000,None,374733000,362573000,0,0,1515767000,79108000,3737000,-1276000,-0.03,-0.03,0,25737000,-158977000,124279000,-8961000,59605000,169570000,27.52,29.08,25.96,0.1682,0.0345,9.55,2.74,14.67,10.36,1.281,4.0449,0.1535,0.1832,0.14,-3.67,None
2002-03-31,36240095,39224352,1.082347,2309136000,None,1545938000,None,394292000,368906000,0,0,1486219000,76950000,22363000,17350000,0.5,0.5,0.55,39593000,15603000,-13100000,42096000,68566000,8908000,26.08,27.86,24.3,0.1958,0.0384,10.05,2.92,16.41,10.36,1.1305,3.7693,0.1708,0.2066,0.14,0.78,None
2001-12-31,36045146,39013350,1.082347,2294502000,None,1584226000,None,348954000,361322000,0,0,1523660000,93232000,40533000,35520000,1.05,1.05,1.61,41035000,645000,-43092000,-1412000,26470000,33493000,22.38,24.58,20.19,0.171,0.0336,8.94,2.49,25.23,9.85,1.3082,4.3664,0.1521,0.1735,0.14,0.19,None
2001-09-30,33906001,36698053,1.082347,2332021000,None,1647054000,None,329533000,355434000,0,0,1588935000,82887000,14283000,9270000,0.28,0.28,0,45161000,-26878000,-17765000,518000,27882000,17261000,21.57,23.28,19.86,0.115,0.0254,8.98,2.35,26.23,8.37,1.7687,4.8218,0.1413,0.1183,0.14,0.76,None
2001-06-30,33934114,36728481,1.082347,2321909000,None,1627587000,None,336281000,358041000,0,0,1582076000,80691000,11657000,6826000,0.2,0.2,0,32747000,-14831000,-12314000,5602000,27364000,12774000,21.3,22.91,19.69,0.0915,0.0244,9.16,2.27,25.33,8.37,1.8683,4.7046,0.1448,0.1141,0.14,0.54,None
2001-03-31,33750275,36529503,1.082347,2314114000,None,1608013000,None,342529000,363572000,0,0,1559390000,77763000,11250000,6419000,0.19,0.19,0.53,21563000,-16255000,-19819000,-14511000,21762000,14481000,18.8,20.28,17.32,0.0805,0.0247,9.38,1.89,22.36,8.37,1.8306,4.5526,0.148,0.118,0.14,0.19,None
2000-12-31,33630270,36399616,1.082347,2337242000,None,1607134000,None,362272000,367836000,0,0,1550935000,91596000,21894000,16881000,0.49,0.29,1.54,35219000,-32780000,-1965000,474000,36273000,24826000,18.11,19.17,17.04,0.0704,0.0244,9.95,1.14,7.78,7.88,1.8226,4.2811,0.155,0.1186,0.14,0.29,None
2000-09-30,34174850,36989041,1.082347,2312987000,None,1575437000,None,588705000,148845000,0,0,1518110000,76939000,11817000,7169000,0.21,0.21,0,37339000,-16986000,-19508000,845000,35799000,16227000,20.79,22.87,18.71,0.1737,0.0525,15.92,1.28,8.76,6.45,0.6469,2.5787,0.2545,0.3351,0.13,0.57,None
2000-06-30,34164810,36978174,1.082347,2310156000,None,1559702000,None,598930000,151524000,0,0,1513360000,76254000,12244000,7595000,0.22,0.22,0,23280000,60502000,-79584000,4198000,34954000,8120000,20.52,22.17,18.88,0.1794,0.0524,16.2,1.25,8.48,6.45,0.6351,2.5268,0.2593,0.3346,0.13,0.41,None
2000-03-31,34147910,36959882,1.082347,2382249000,None,1619277000,None,608928000,154044000,0,0,1563017000,75303000,10974000,6326000,0.19,0.19,0.51,25382000,-9038000,-26043000,-9699000,30756000,7187000,19.84,22.12,17.55,0.1845,0.052,16.48,1.18,7.98,6.45,0.6269,2.5668,0.2556,0.3344,0.13,0.49,None
1999-12-31,34107497,36916141,1.082347,2404293000,None,1626408000,None,620286000,157599000,0,0,1561127000,84676000,88422000,83865000,2.47,1.9,1.48,42606000,-18782000,-6694000,17130000,40455000,175584000,18.68,20.9,16.46,0.1921,0.0529,16.8,1.24,16.57,5.98,0.604,2.5168,0.258,0.3386,0.13,-3.6,None
1999-09-30,34070480,36876076,1.082347,2486237000,None,1773204000,None,555524000,157509000,0,0,1717702000,83244000,13865000,9125000,0.26,0.26,0,38069000,-36262000,-3092000,-1285000,23325000,15687000,22.23,24.6,19.86,0.072,0.0244,15.06,1.45,21.87,4.61,1.5784,3.092,0.2234,0.1239,0.14,0.61,None
1999-06-30,34031501,36833887,1.082347,2466670000,None,1743269000,None,562783000,160618000,0,0,1693246000,80675000,13406000,8986000,0.27,0.27,0,36622000,-87915000,52024000,731000,24610000,13245000,22.72,25,20.44,0.0641,0.023,15.28,1.47,19.36,4.61,1.7765,3.0087,0.2282,0.1129,0.14,0.63,None
1999-03-31,33985872,36784501,1.082347,2401653000,None,1668700000,None,570168000,162785000,0,0,1614997000,78849000,13318000,8897000,0.26,0.26,0.485,22279000,-104726000,81183000,-1264000,23879000,19821000,22.7,24.66,20.73,0.0651,0.0225,15.5,1.44,19.5,4.61,1.7552,2.8325,0.2374,0.1216,0.14,0.07,None
1998-12-31,33944863,36740115,1.082347,2322056000,None,1579119000,None,577413000,165524000,0,0,1507118000,86200000,18408000,13759000,0.43,0.43,1.41,2350000,-105319000,111210000,8241000,25143000,117088000,24.22,26.27,22.17,0.0693,0.0214,15.72,1.55,23.62,4.17,1.7577,2.6101,0.2487,0.1241,0.14,-3.12,None
1998-09-30,32501963,35178397,1.082347,2204301000,None,1492700000,None,548502000,163099000,0,0,1403985000,75079000,8771000,4579000,0.14,0.14,0,31599000,-261970000,150907000,-79464000,16902000,305685000,23.85,27.14,20.56,0.0686,0.0178,15.59,1.51,24.82,2.86,0.9525,2.5597,0.2488,0.1108,0.14,-7.79,None
1998-06-30,32468963,35142679,1.082347,1957382000,None,1239443000,None,556259000,161680000,0,0,1188791000,61407000,9425000,9425000,0.24,0.44,0,24459000,-125834000,179015000,77640000,96366000,94442000,25.78,27.49,24.08,0.0773,0.0158,15.83,2.42,33.22,2.86,1.4907,2.1371,0.2842,0.1079,0.15,-1.99,None
1998-03-31,30584469,33103003,1.082347,1738029000,None,1253528000,None,352959000,131542000,0,0,1199882000,61175000,7471000,7471000,0.25,0.25,0.46,26768000,-268024000,234828000,-6428000,18726000,10448000,26.5,28.06,24.95,0.0894,0.0155,10.66,3.83,33.74,2.86,2.205,3.3995,0.2031,0.0981,0.16,0.49,None
1997-12-31,28898881,31278612,1.082347,1505002000,None,1188244000,None,216295000,100463000,0,0,1122959000,61529000,7253000,7253000,0.28,None,0.46,23821000,-52933000,41446000,12334000,25154000,55507000,25.09,27.31,22.87,0.0981,0.0163,6.92,3.2,33.53,2.44,2.1555,5.1918,0.1437,0.0997,0.16,-1.01,None
1997-09-30,25962155,28100056,1.082347,1366282000,None,1043179000,None,220107000,102996000,0,0,988936000,57032000,1869000,1869000,0.07,None,0.44,17473000,-93527000,80491000,4437000,12820000,97459000,26.24,27.43,25.06,0.0883,None,7.83,3.22,29.28,2.01,2.2407,4.493,0.1611,0.0999,0.16,-2.85,None
1997-06-30,25938605,28074567,1.082347,1269800000,None,932853000,None,229197000,107750000,0,0,891851000,52351000,6173000,6173000,0.24,None,0.44,13451000,-8905000,-5791000,-1245000,8383000,4550000,25.29,27.6,22.98,0.1092,None,8.16,3.03,None,1.61,1.9301,3.8912,0.1805,0.1252,0.16,0.32,None
1997-03-31,25889500,28021418,1.082347,1273913000,None,930267000,None,233563000,110083000,0,0,881606000,50302000,6751000,6751000,0.26,None,0.44,23731000,-59641000,29895000,-6015000,9628000,57741000,25.41,27.37,23.44,None,None,8.34,2.98,None,1.2,None,3.7746,0.1833,None,None,-1.21,None
1996-12-31,25743497,27863392,1.082347,1187753000,None,837762000,None,237749000,112242000,0,0,789239000,43924000,5538000,5538000,0.24,None,0.44,36843000,-216551000,192720000,13012000,15643000,213074000,22.12,24.14,20.1,None,None,8.53,4.08,None,0.79,None,3.3196,0.2002,None,None,-6.32,None
1996-09-30,24993266,27051382,1.082347,837732000,None,601605000,None,146725000,89402000,0,0,576398000,38065000,4660000,4660000,0.23,None,0.42,16494000,-5184000,-12791000,-1481000,2631000,888000,19.8,21.13,18.48,None,None,5.42,2.85,None,0.39,None,3.9284,0.1751,None,None,0.58,None
1996-06-30,19996000,21642607,1.082347,838984000,None,597052000,None,150265000,91667000,0,0,571970000,None,None,None,None,None,0,None,None,None,None,4112000,0,18.59,19.63,17.55,None,None,6.94,None,None,0,None,3.8064,0.1791,None,None,None,None
