"Quarter end","Shares","Shares split adjusted","Split factor","Assets","Current Assets","Liabilities","Current Liabilities","Shareholders equity","Non-controlling interest","Preferred equity","Goodwill & intangibles","Long-term debt","Revenue","Earnings","Earnings available for common stockholders","EPS basic","EPS diluted","Dividend per share","Cash from operating activities","Cash from investing activities","Cash from financing activities","Cash change during period","Cash at end of period","Capital expenditures","Price","Price high","Price low","ROE","ROA","Book value of equity per share","P/B ratio","P/E ratio","Cumulative dividends per share","Dividend payout ratio","Long-term debt to equity ratio","Equity to assets ratio","Net margin","Asset turnover","Free cash flow per share","Current ratio"
2019-06-30,372584521,372584521,1,22988911000,None,11889887000,None,10820011000,279013000,0,1438784000,10489849000,398570000,210529000,210529000,0.58,0.58,0.7925,393099000,-439903000,44895000,-1935000,138296000,239088000,65.47,73.74,57.2,0.048,0.022,29.04,2.31,51.55,40.78,2.2891,0.9695,0.4707,0.1559,0.14,0.41,None
2019-03-31,358388956,358388956,1,22668097000,None,12255698000,None,10149663000,262736000,0,1455298000,10904222000,942874000,125785000,125785000,0.35,0.35,0.7925,336120000,-67824000,-259763000,8767000,140231000,67153000,60.93,65.34,56.52,0.0439,0.0201,28.32,2.13,53.45,39.99,2.4804,1.0743,0.4478,0.1215,0.17,0.75,None
2018-12-31,356647224,356647224,1,22584555000,None,12124820000,None,10215857000,243878000,0,1668155000,10733699000,923263000,60878000,60878000,0.17,0.18,0.79,363845000,-340449000,-40117000,-17083000,131464000,366919000,58.75,65.7,51.8,0.0388,0.0179,28.64,2,28.52,39.2,2.7604,1.0507,0.4523,0.1089,0.16,-0.01,None
2018-09-30,356467761,356467761,1,22597953000,None,11941642000,None,10452839000,203472000,0,1683982000,10478455000,936538000,101972000,101972000,0.29,0.28,0.79,307286000,-60961000,-255829000,-9556000,148547000,110205000,56.85,60.42,53.28,0.0693,0.032,29.32,1.91,16.29,38.41,1.5222,1.0025,0.4626,0.199,0.16,0.55,None
2018-06-30,356439019,356439019,1,22699134000,None,11871748000,None,10616948000,210438000,0,1694553000,10402897000,942304000,166519000,166519000,0.47,0.46,0.79,402317000,555353000,-962743000,-5479000,158103000,-32861000,52.02,57.48,46.55,0.1166,0.0535,29.79,1.73,15.08,37.62,0.8966,0.9798,0.4677,0.34,0.16,1.22,None
2018-03-31,356312328,356312328,1,23493510000,None,12556911000,None,10740815000,195784000,0,1731551000,11039812000,943705000,80098000,78703000,0.22,0.22,0.79,308019000,170553000,-503248000,-24671000,163582000,-69414000,54.14,60.49,47.8,0.1158,0.0523,30.14,1.77,14.32,36.83,0.9042,1.0278,0.4572,0.3404,0.15,1.06,None
2017-12-31,356198053,356198053,1,23954541000,None,12863866000,None,10866226000,224449000,0,1747074000,11276062000,895288000,393805000,392554000,1.11,1.1,0.79,355941000,-266466000,-93073000,-3708000,81355000,250648000,62.62,65.39,59.84,0.128,0.057,30.51,2.08,19.21,36.04,0.8198,1.0377,0.4536,0.3795,0.15,0.3,None
2017-09-30,356163849,356163849,1,23739795000,None,12769738000,None,10731340000,238717000,0,1764059000,11424145000,899928000,615191000,613958000,1.72,1.71,0.78,348983000,441312000,-805871000,-18290000,85063000,-290753000,67.39,69.98,64.8,0.1116,0.0497,30.13,2.31,34.21,35.25,0.9421,1.0646,0.452,0.3296,0.15,1.8,None
2017-06-30,356150173,356150173,1,23855758000,None,13231452000,None,10374058000,250248000,0,1786012000,11907997000,895490000,152968000,151831000,0.43,0.42,0.78,401525000,-117298000,-275458000,12069000,103353000,5419000,67.28,71.93,62.63,0.0678,0.0301,29.13,2.29,34.15,34.47,1.5337,1.1479,0.4349,0.2008,0.15,1.11,None
2017-03-31,354873863,354873863,1,23919331000,None,13264072000,None,10414606000,240653000,0,1807720000,11943733000,883443000,199148000,198127000,0.56,0.55,0.775,335731000,-1034065000,503075000,-195423000,91284000,309130000,62.38,65.41,59.36,0.068,0.0303,29.35,2.11,33.54,33.69,1.5222,1.1468,0.4354,0.201,0.15,0.07,None
2016-12-31,354623008,354623008,1,23166600000,None,12437119000,None,10460240000,269241000,0,1810079000,11127326000,875713000,208832000,207637000,0.59,0.58,0.77,366187000,260143000,-428493000,197428000,286707000,-138071000,63.52,69.19,57.86,0.0645,0.0287,29.5,2.14,38.5,32.92,1.594,1.0638,0.4515,0.1885,0.15,1.42,None
2016-09-30,354109643,354109643,1,23426264000,None,12646541000,None,10488539000,291184000,0,1853048000,11252327000,867116000,150184000,149452000,0.43,0.42,0.73,344795000,-1258219000,945667000,31957000,89279000,1440229000,71.94,76.56,67.33,0.0576,0.0252,29.62,2.61,55.77,32.15,1.7784,1.0728,0.4477,0.1661,0.15,-3.09,None
2016-06-30,351350059,351350059,1,22093472000,None,12126010000,None,9689715000,277747000,0,1684809000,10901131000,848404000,143440000,143162000,0.42,0.42,0.73,383584000,-69816000,-307872000,5621000,57322000,69599000,66.25,72.82,59.69,0.0457,0.0198,27.58,2.33,50.19,31.42,2.2554,1.125,0.4386,0.1369,0.14,0.89,None
2016-03-31,338132079,338132079,1,22261292000,None,12399024000,None,9614195000,248073000,0,1728668000,11247730000,852289000,149034000,148980000,0.44,0.44,0.73,272891000,-166751000,-107580000,-1322000,51701000,17897000,55.83,63.22,48.43,0.0448,0.0196,28.43,1.96,44.66,30.69,2.2356,1.1699,0.4319,0.1372,0.14,0.75,None
2015-12-31,336070352,336070352,1,22261918000,None,12439962000,None,9564327000,257629000,0,1083233000,11206996000,841274000,125060000,124728000,0.37,0.37,0.73,369722000,-169127000,-212520000,-12208000,53023000,71916000,54.03,58.38,49.68,0.0405,0.018,28.46,1.87,43.57,29.96,2.4231,1.1717,0.4296,0.1271,0.14,0.89,None
2015-09-30,332982775,332982775,1,22413977000,None,12545471000,None,9609435000,259071000,0,1088253000,11268560000,669778000,23005000,22852000,0.07,0.06,0.73,304321000,-1257818000,958532000,4699000,65231000,1226847000,60.59,68.52,52.66,0.0397,0.0174,28.86,1.83,39.34,29.23,2.5693,1.1727,0.4287,0.1232,0.14,-2.77,None
2015-06-30,332502301,332502301,1,24275162000,None,12982012000,None,11027483000,265667000,0,1919317000,11507861000,891322000,150350000,149821000,0.45,0.45,0.79,373555000,-88217000,-345435000,-59693000,60532000,125942000,69.36,76.9,61.82,0.0495,0.0216,33.17,2.08,44.46,28.5,2.0496,1.0436,0.4543,0.1449,0.15,0.74,None
2015-03-31,330882196,330882196,1,24439871000,None,13069661000,None,11039890000,330320000,0,1871543000,11603925000,884024000,120807000,120442000,0.37,0.37,0.79,344169000,-908530000,629545000,64877000,120225000,960836000,75.03,80.95,69.12,0.0515,0.0221,33.37,2.86,46.89,27.71,1.9921,1.0511,0.4517,0.1476,0.15,-1.86,None
2014-12-31,330809789,330809789,1,21226171000,None,12299758000,None,8680184000,246229000,0,980009000,10888092000,803987000,107645000,107190000,0.37,0.36,0.79,334873000,-818870000,476036000,-9247000,55348000,345582000,68.46,74.44,62.48,0.055,0.0235,26.24,2.36,42.52,26.92,1.8887,1.2544,0.4089,0.1547,0.15,-0.03,None
2014-09-30,294318374,294318374,1,20651165000,None,11864912000,None,8548796000,237457000,0,997054000,10469106000,779035000,109701000,109132000,0.37,0.36,0.72,324270000,-850737000,500079000,-22040000,64595000,899775000,63.37,66.04,60.7,0.0549,0.0239,29.05,2.15,38.41,26.13,1.7863,1.2246,0.414,0.159,0.15,-1.96,None
2014-06-30,294336401,294336401,1,19790786000,None,10890835000,None,8655110000,244841000,0,998303000,9602439000,751254000,138566000,138398000,0.47,0.47,0.72,311281000,-167083000,-116401000,26844000,86635000,103327000,64.84,68.4,61.29,0.0554,0.0246,29.41,2.19,41.3,25.41,1.722,1.1095,0.4373,0.1658,0.15,0.71,None
2014-03-31,294335008,294335008,1,19702768000,None,10732731000,None,8731667000,238370000,0,1018471000,9481051000,741470000,121274000,121047000,0.41,0.41,0.725,284421000,-218350000,-101657000,-35025000,59791000,195798000,60.23,63.67,56.79,0.0523,0.0237,29.67,2.01,39.11,24.69,1.7773,1.0858,0.4432,0.1613,0.15,0.3,None
2013-12-31,294335008,294335008,1,19731494000,None,10671023000,None,8824281000,236190000,0,1040609000,9364992000,728406000,108659000,108440000,0.37,0.37,0.73,359326000,-104659000,-214499000,40144000,94816000,123850000,61.3,67.33,55.26,0.051,0.0236,29.98,2.03,41.99,23.96,1.7746,1.0613,0.4472,0.1614,0.15,0.8,None
2013-09-30,294080886,294080886,1,19879358000,None,10743029000,None,8885092000,251237000,0,1067074000,9413318000,711175000,118599000,118296000,0.4,0.4,0.67,327741000,-1034511000,698991000,-7749000,54672000,1114841000,65.51,72.16,58.86,0.0483,0.0226,30.21,2.15,45.49,23.23,1.7873,1.0595,0.447,0.1574,0.14,-2.68,None
2013-06-30,293228456,293228456,1,18796582000,None,9605838000,None,8925582000,265162000,0,457266000,8420073000,685604000,114533000,114580000,0.4,0.39,0.67,277383000,-203063000,-69549000,4731000,62421000,253767000,73.66,82.93,64.38,0.0469,0.0227,30.44,2.42,56.66,22.56,1.7818,0.9434,0.4749,0.1593,0.14,0.08,None
2013-03-31,293165686,293165686,1,18706921000,None,9525808000,None,8915348000,265765000,0,457598000,8295908000,684868000,113098000,112193000,0.38,0.38,0.67,230305000,59473000,-299947000,-10218000,57690000,86308000,68.94,73.2,64.68,0.0419,0.0207,30.41,2.23,56.05,21.89,1.9351,0.9305,0.4766,0.148,0.14,0.49,None
2012-12-31,291943762,291943762,1,18980000000,None,9716082000,None,9019128000,244790000,0,981704000,8413646000,659306000,86126000,86267000,0.29,0.29,0.62,283497000,-955783000,681662000,9378000,67908000,-421400000,63.5,65.71,61.3,0.0392,0.0199,30.89,2.01,39.44,21.22,2.0027,0.9329,0.4752,0.146,0.14,2.41,None
2012-09-30,295554765,295554765,1,18440899000,None,8865259000,None,9357664000,217976000,0,492523000,7494774000,638422000,111821000,111882000,0.38,0.38,0.62,248511000,-238855000,-3969000,5727000,58530000,237226000,64.84,68.15,61.52,0.0503,0.0263,31.66,2.03,41.04,20.6,1.5168,0.8009,0.5074,0.1959,0.13,0.04,None
2012-06-30,295375054,295375054,1,18222261000,None,8583020000,None,9418611000,220630000,0,528094000,7204727000,613877000,73736000,74025000,0.26,0.25,0.62,215847000,-934739000,718508000,-421000,52803000,941984000,58.53,63.12,53.94,0.0495,0.0262,31.89,1.84,40.65,19.98,1.4297,0.7649,0.5169,0.1982,0.13,-2.46,None
2012-03-31,289028929,289028929,1,17188959000,None,7820460000,None,9186735000,181764000,0,463957000,6430364000,573694000,90092000,90626000,0.31,0.31,0.62,244961000,-40312000,-197287000,7417000,53224000,32946000,56.14,59.05,53.24,0.0512,0.0264,31.78,1.75,39.26,19.36,1.667,0.7,0.5345,0.1958,0.13,0.73,None
2011-12-31,288915189,288915189,1,17271910000,None,7813129000,None,9274957000,183824000,0,464562000,6429116000,563913000,191716000,191716000,0.67,0.67,0.57,329296000,-154515000,-186508000,-11675000,45807000,227434000,51.47,56.73,46.21,0.0579,0.0292,32.1,1.6,41.18,18.74,1.623,0.6932,0.537,0.2058,0.14,0.35,None
2011-09-30,287921317,287921317,1,17205770000,None,7782684000,None,9245762000,177324000,0,304649000,6313141000,565957000,102885000,102885000,0.35,0.35,0.45,257601000,-98318000,-128305000,30780000,57482000,97917000,49.5,55.75,43.25,0.0548,0.026,32.11,3.64,38.98,18.17,2.0587,0.6828,0.5374,0.1696,0.15,0.55,None
2011-06-30,287919941,287919941,1,9634033000,None,5714457000,None,3916718000,2858000,0,74099000,5007080000,364660000,19676000,19676000,0.11,0.11,0.7,55531000,-776287000,705551000,-15197000,26702000,275737000,53.97,57.08,50.87,0.072,0.0304,13.6,3.33,35.51,17.72,2.2856,1.2784,0.4066,0.175,0.17,-0.76,None
2011-03-31,163121427,163121427,1,5694098000,None,3047651000,None,2643404000,3043000,0,0,2571368000,270461000,48984000,48984000,0.31,0.3,0.575,130769000,31681000,-142456000,20087000,41899000,7963000,54.22,57.45,50.98,0.0985,0.0427,16.21,3.7,34.76,17.02,1.4425,0.9727,0.4642,0.2319,0.18,0.75,None
2010-12-31,162920524,162920524,1,5758021000,None,3367816000,None,2386726000,3479000,0,121236000,2900044000,267994000,77583000,77583000,0.49,0.49,0.54,101503000,-33444000,-80133000,-11978000,21812000,-116516000,52.37,56.2,48.53,0.102,0.0435,14.65,3.43,37.14,16.44,1.3811,1.2151,0.4145,0.2421,0.18,1.34,None
2010-09-30,157096269,157096269,1,5800817000,None,3384631000,None,2401482000,14704000,0,0,2895547000,263350000,57898000,57898000,0.37,0.37,0.53,138402000,-247039000,114516000,5996000,33790000,219839000,49.83,53.89,45.77,0.0915,0.0396,15.29,3.24,36.64,15.9,1.4907,1.2057,0.414,0.2254,0.18,-0.52,None
2010-06-30,157080577,157080577,1,5462117000,None,3030703000,None,2416408000,15006000,0,0,2580849000,243978000,58067000,58067000,0.37,0.36,0.54,92156000,8568000,-204764000,-104935000,27794000,-8437000,46.73,50.33,43.14,0.0875,0.0385,15.38,3,29.76,15.37,1.5311,1.0681,0.4424,0.2235,0.17,0.64,None
2010-03-31,156853254,156853254,1,5633825000,None,3170205000,None,2445633000,17987000,0,0,2698171000,241545000,52619000,52619000,0.34,0.34,0.535,115561000,-30005000,-61071000,25332000,132729000,15401000,44.8,49.24,40.36,0.0987,0.0436,15.59,2.85,25.6,14.83,1.3252,1.1033,0.4341,0.2579,0.17,0.64,None
2009-12-31,156706398,156706398,1,5616245000,None,3132185000,None,2465511000,18549000,0,0,2670101000,238836000,54081000,54081000,0.35,0.34,0.51,98904000,-67930000,5529000,36508000,107397000,66620000,40.55,44.91,36.19,0.1106,0.0477,15.73,2.56,22.16,14.3,1.2035,1.083,0.439,0.2839,0.17,0.21,None
2009-09-30,156605778,156605778,1,5587310000,None,3084998000,None,2484903000,17409000,0,0,2615142000,235830000,49805000,49805000,0.32,0.32,0.51,128055000,-6131000,-97824000,24366000,70889000,6338000,33.82,40.23,27.41,0.1162,0.0481,15.87,2.12,17.17,13.79,1.1588,1.0524,0.4447,0.2926,0.16,0.78,None
2009-06-30,156539439,156539439,1,5570861000,None,3058395000,None,2494643000,17823000,0,0,2616304000,230577000,87640000,87640000,0.57,0.57,0.51,83000000,-5078000,-127460000,-49283000,46523000,11129000,27.03,32.4,21.66,0.1267,0.0502,15.94,1.95,14.15,13.28,1.0757,1.0488,0.4478,0.3078,0.16,0.46,None
2009-03-31,156509547,156509547,1,5593846000,None,3408174000,None,2167808000,17864000,0,0,2942401000,230851000,74969000,74228000,0.52,0.52,0.5125,112142000,77393000,-270425000,-81006000,95806000,-83116000,26.31,33.49,19.13,0.1265,0.047,13.85,1.76,16.24,12.77,1.1091,1.3573,0.3875,0.289,0.16,1.25,None
2008-12-31,143404798,143404798,1,5769984000,None,3602379000,None,2148468000,19137000,0,0,3147694000,225935000,58475000,58475000,0.41,0.42,0.51,67699000,26888000,-34700000,60889000,176812000,-35105000,33.45,49.6,17.31,0.1091,0.0394,14.98,2.19,23.56,12.26,1.275,1.4651,0.3724,0.2434,0.16,0.72,None
2008-09-30,143293231,143293231,1,5814848000,None,3598360000,None,2187587000,28901000,0,0,3135350000,238554000,64695000,64695000,0.46,0.46,0.5125,125294000,-68349000,29778000,86655000,115923000,49265000,45.42,52,38.84,0.099,0.0344,15.27,3.17,38.82,11.75,1.4287,1.4332,0.3762,0.2112,0.16,0.53,None
2008-06-30,138477589,138477589,1,5717061000,None,3704208000,None,1981896000,30957000,0,0,3251418000,233513000,71066000,71066000,0.51,0.51,0.5125,66556000,-87937000,-859000,-22079000,29268000,-55086000,45.86,50.39,41.32,0.0842,0.0282,14.31,3.21,21.43,11.23,1.6927,1.6406,0.3467,0.1742,0.16,0.88,None
2008-03-31,138472925,138472925,1,5651788000,None,3641098000,None,1978374000,32316000,0,0,3157111000,231764000,32052000,32052000,0.24,0.23,0.5125,104626000,-6858000,-74466000,23013000,51347000,6903000,43.55,48.09,39,0.1404,0.0474,14.29,3.3,18.69,10.72,1.0002,1.5958,0.35,0.2995,0.16,0.71,None
2007-12-31,138311810,138311810,1,5716628000,None,3861520000,None,1823654000,31454000,0,0,3360499000,229927000,29401000,29401000,0.21,0.22,0.48,51837000,-58005000,-3443000,-239000,28334000,-116304000,43.43,47.49,39.37,0.1772,0.0555,13.19,3.14,17.44,10.21,0.8793,1.8427,0.319,0.3591,0.15,1.22,None
2007-09-30,133490108,133490108,1,5661620000,None,3790862000,None,1843977000,26781000,0,0,3267705000,226294000,28014000,28014000,0.21,0.21,0.475,182134000,-74452000,-98298000,-1565000,28573000,84077000,37.28,43.19,31.38,0.2244,0.0657,13.81,2.65,14.39,9.73,0.7618,1.7721,0.3257,0.4355,0.15,0.73,None
2007-06-30,133392112,133392112,1,5671453000,None,3765726000,None,1879105000,26622000,0,0,3284642000,193722000,179797000,174598000,1.49,1.48,0.475,77658000,-1015655000,971553000,33556000,30138000,1199202000,40.02,45.14,34.9,0.2971,0.0793,14.09,6,28.79,9.26,0.6747,1.748,0.3313,0.5364,0.15,-8.41,None
2007-03-31,106348666,106348666,1,3286167000,None,2577253000,None,708914000,0,0,0,2370418000,121848000,45106000,45106000,0.43,0.42,0.475,88181000,-25264000,-64163000,-1246000,0,30351000,44.44,47.97,40.91,0.2174,0.0491,6.67,6.65,35.55,8.78,1.1889,3.3437,0.2157,0.3258,0.15,0.54,None
2006-12-31,106269462,106269462,1,3253800000,None,2543924000,None,709876000,0,0,0,2329053000,120562000,40797000,40797000,0.39,0.38,0.4,60621000,-269504000,208194000,-689000,1246000,426367000,39.45,42.4,36.5,0.1975,0.0462,6.68,6.38,29.89,8.31,1.2612,3.2809,0.2182,0.3068,0.15,-3.44,None
2006-09-30,104132600,104132600,1,2808415000,None,2164740000,None,643675000,0,0,0,2007128000,109667000,32241000,32241000,0.31,0.31,0.395,73003000,-157071000,84071000,3000,1935000,101000,36.79,40.07,33.51,0.2105,0.0512,6.18,5.89,28.52,7.91,1.1652,3.1182,0.2292,0.34,0.15,0.7,None
2006-06-30,104014124,104014124,1,2660972000,None,2010976000,None,649996000,0,0,0,1882909000,100306000,29258000,29258000,0.28,0.28,0.395,36087000,-10884000,-24737000,466000,1932000,15857000,32.57,34.48,30.66,0.2043,0.0506,6.25,5.14,24.86,7.51,1.1662,2.8968,0.2443,0.3427,0.15,0.19,None
2006-03-31,103887150,103887150,1,2661604000,None,2002837000,None,658767000,0,0,0,1854551000,97814000,29134000,29134000,0.28,0.28,0.395,69156000,-44515000,-24816000,-175000,1466000,48354000,32.1,34.66,29.54,0.2006,0.0499,6.34,4.99,23.78,7.12,1.1551,2.8152,0.2475,0.3603,0.14,0.2,None
2005-12-31,103810735,103810735,1,2639118000,None,1971799000,None,667319000,0,0,0,1802564000,97696000,47221000,47221000,0.44,0.45,0.36,52202000,3224000,-59549000,-4123000,1641000,8175000,30.98,32.71,29.25,0.2437,0.0574,6.43,4.89,21.37,6.72,1.0886,2.7012,0.2529,0.3922,0.15,0.42,None
2005-09-30,103237586,103237586,1,2658130000,None,2004019000,None,654111000,0,0,0,1811319000,96135000,28721000,28721000,0.28,0.28,0.36,71380000,-93421000,27003000,4962000,5764000,98181000,30.63,32.39,28.87,0.3179,0.0686,6.34,4.82,20.84,6.36,1.0144,2.7691,0.2461,0.4386,0.16,-0.26,None
2005-06-30,102966809,102966809,1,2625455000,None,1970295000,None,655160000,0,0,0,1832684000,75154000,27068000,27068000,0.31,0.3,0.36,42117000,-467850000,424756000,-977000,802000,450641000,28.36,31.62,25.1,0.4553,0.0842,6.36,14.47,19.29,6,0.9651,2.7973,0.2495,0.4833,0.17,-3.97,None
2005-03-31,84853663,84853663,1,1174198000,None,1007468000,None,166730000,0,0,0,877642000,64003000,27573000,27573000,0.33,0.32,0.36,58065000,-56994000,-2657000,-1586000,1779000,31139000,26.05,27.68,24.43,0.8535,0.1121,1.96,13.78,18.22,5.64,0.8983,5.2639,0.142,0.5077,0.22,0.32,None
2004-12-31,84789533,84789533,1,1126935000,None,966711000,None,160224000,0,0,0,843178000,61204000,46674000,46674000,0.56,0.55,0.32,25403000,-18622000,-7221000,-440000,3365000,21995000,26.94,29.48,24.4,0.9058,0.1125,1.89,17.49,14.72,5.28,0.9031,5.2625,0.1422,0.5104,0.22,0.04,None
2004-09-30,84429935,84429935,1,1091345000,None,961172000,None,130173000,0,0,0,853774000,61608000,25297000,25297000,0.3,0.3,0.325,54030000,-34310000,-24795000,-5075000,3805000,34445000,25.45,27.84,23.06,None,0.1519,1.54,16.53,13.19,4.96,0.6876,6.5588,0.1193,0.6871,0.22,0.23,None
2004-06-30,84148322,84148322,1,1073003000,None,943375000,None,129628000,0,0,0,851675000,59767000,25654000,25654000,0.31,0.3,0.325,30840000,-69281000,45598000,7157000,8880000,69691000,24.27,27.98,20.56,None,0.1726,1.54,17.85,13.26,4.63,0.6196,6.5701,0.1208,0.7245,0.24,-0.46,None
2004-03-31,83891281,83891281,1,1007319000,None,893426000,None,113893000,0,0,0,782362000,54277000,23275000,23275000,0.28,0.28,0.325,39685000,-176482000,56416000,-80381000,1723000,176700000,24.71,27.55,21.88,None,0.1752,1.36,35.81,12.23,4.31,0.6182,6.8693,0.1131,0.7122,0.25,-1.63,None
2003-12-31,81554635,81554635,1,812850000,None,756535000,None,56315000,0,0,0,640562000,44616000,77124000,77124000,0.96,0.95,0.27,29518000,78109000,-35618000,72009000,82104000,-78005000,20.02,22.98,17.05,None,0.1993,0.69,None,16.68,3.98,0.5274,11.3746,0.0693,0.7939,0.25,1.32,None
2003-09-30,80105652,80105652,1,774400000,None,798105000,None,-23705000,0,0,0,679362000,59779000,32212000,32212000,0.41,0.4,0.2675,33832000,19673000,-52583000,922000,10095000,-2042000,16.58,18.33,14.83,None,0.1136,-0.3,None,15.94,3.71,0.8707,None,None,0.4527,0.25,0.45,None
2003-06-30,79388947,79388947,1,800602000,None,847806000,None,-47204000,0,0,0,720160000,50185000,16129000,16129000,0.2,0.2,0.2675,38170000,61925000,-94005000,6090000,9173000,-58900000,13.5,15.33,11.67,None,0.0932,-0.59,None,11.07,3.45,0.9743,None,None,0.4011,0.23,1.22,None
2003-03-31,79056109,79056109,1,878094000,None,920860000,None,-42766000,0,0,0,750442000,50423000,37288000,37288000,0.47,0.47,0.2675,35846000,-6000,-35212000,628000,3083000,41000,11.66,12.24,11.08,None,0.1028,-0.54,None,12.54,3.18,0.8092,None,None,0.4506,0.23,0.45,None
2002-12-31,79032489,79032489,1,895780000,None,949407000,None,-53627000,0,0,0,707709000,49640000,9444000,9444000,0.14,0.13,0.24,19698000,-68923000,47559000,-1666000,2455000,53072000,11.91,13.76,10.06,None,0.0745,-0.68,None,10.54,2.91,1.0398,None,None,0.334,0.22,-0.42,None
2002-09-30,69664028,69664028,1,857243000,None,982868000,None,-125625000,0,0,0,785924000,49079000,17093000,17093000,0.25,0.24,0.2375,40224000,1560000,-40999000,785000,4121000,101000,12.01,13.46,10.55,None,0.0885,-1.8,None,11.77,2.67,0.8172,None,None,0.3773,0.23,0.58,None
2002-06-30,69080925,69080925,1,880869000,None,976244000,None,-95375000,0,0,0,807663000,51246000,26468000,26468000,0.38,0.38,0.2375,32285000,32622000,-70852000,-5945000,3336000,-27011000,13.09,13.6,12.59,None,0.0773,-1.38,None,17.22,2.43,0.8888,None,None,0.3423,0.23,0.86,None
2002-03-31,69065838,69065838,1,891632000,None,985898000,None,-94266000,0,0,0,831544000,46739000,12701000,12701000,0.18,0.18,0.2375,24178000,601000,-34094000,-9315000,9281000,-1474000,12.18,13,11.35,None,0.057,-1.36,None,16.68,2.2,1.1746,None,None,0.2587,0.22,0.37,None
2001-12-31,69062380,69062380,1,941859000,None,1032933000,None,-91074000,0,0,0,848368000,62305000,22725000,22725000,0.33,0.33,0.22,18569000,2477000,-26277000,-5231000,18596000,897000,11.78,12.8,10.75,None,0.054,-1.32,None,None,1.96,1.2936,None,None,0.2472,0.22,0.26,None
2001-09-30,68840027,68840027,1,962782000,None,1044412000,None,-81630000,0,0,0,850016000,47296000,9157000,9157000,0.13,0.13,0.22,17871000,573000,-18001000,443000,23827000,-619000,11.5,12.85,10.14,None,-0.0597,-1.19,None,None,1.74,None,None,None,None,0.22,0.27,None
2001-06-30,68833436,68833436,1,901133000,None,1011502000,None,-110369000,0,0,0,850420000,47356000,8105000,8105000,0.12,0.12,0.22,20355000,265000,-52334000,-31714000,23384000,74000,9.76,11.02,8.5,None,-0.0596,-1.6,None,None,1.52,None,None,None,None,0.23,0.29,None
2001-03-31,68719007,68719007,1,938689000,None,1044596000,None,-105907000,0,0,0,851385000,47624000,10579000,10579000,0.16,0.15,0.29,23098000,-555000,-54846000,-32303000,55098000,95000,7.09,8.62,5.56,None,-0.0582,-1.54,None,None,1.3,None,None,None,None,0.23,0.33,None
2000-12-31,68698807,68698807,1,981145000,None,1098659000,None,-117514000,0,0,0,886385000,62369000,-84278000,-84278000,-1.24,-1.24,0,23103000,5134000,-36974000,-8737000,87401000,-5170000,5.03,5.75,4.31,None,-0.0647,-1.71,None,41.92,1.01,None,None,None,None,0.24,0.41,None
2000-09-30,68418096,68418096,1,1005951000,None,1019635000,None,-13684000,0,0,0,923368000,60879000,8581000,8581000,0.13,0.13,0.62,22700000,225000,-42435000,-19510000,96138000,0,4.53,5.81,3.25,None,0.0076,-0.2,15.62,25.17,1.01,5.4175,None,None,0.0327,0.23,0.33,None
2000-06-30,68414940,68414940,1,1034266000,None,1014415000,None,19851000,0,0,0,923368000,59974000,7512000,7512000,0.11,0.11,0,-6001000,0,1000,-6000000,115648000,0,3.69,4.25,3.13,0.8277,0.0117,0.29,20.5,9.97,0.39,0,46.5149,0.0192,0.0516,0.23,-0.09,None
2000-03-31,68419305,68419305,1,1024288000,None,1012279000,None,12009000,0,0,0,923368000,59100000,2733000,2733000,0.04,0.04,0,45536000,0,-63482000,-17946000,121648000,0,3.47,4.25,2.69,None,0.0239,0.18,28.92,5.51,0.39,0,76.8897,0.0117,0.1058,0.23,0.67,None
1999-12-31,67954423,67954423,1,1071199000,None,1062854000,None,8345000,0,0,0,974247000,59392000,-10996000,-10996000,-0.16,-0.16,0,23437000,121000,-3816000,19742000,139594000,0,4.54,5.38,3.69,None,None,0.12,16.21,None,0.39,0.6231,116.7462,0.0078,0.1824,0.23,0.34,None
1999-09-30,67959263,67959263,1,1051997000,None,1032877000,None,19120000,0,0,0,975128000,59311000,13027000,13027000,0.19,0.19,0,28457000,601000,20724000,49782000,119852000,-255000,4.44,5.5,3.38,None,None,0.28,49.33,None,0.39,None,51.0004,0.0182,None,None,0.42,None
1999-06-30,67960498,67960498,1,1018177000,None,1012300000,None,5877000,0,0,0,976009000,57909000,20166000,20166000,0.3,0.3,0,12678000,-229000,-876000,11573000,70070000,178000,4.63,6.06,3.19,None,None,0.09,None,None,0.39,None,166.0727,0.0058,None,None,0.18,None
1999-03-31,67962424,67962424,1,999498000,None,1014006000,None,-14508000,0,0,0,976889000,56633000,20338000,20338000,0.3,0.3,0.39,39008000,-122000,19273000,58159000,58497000,122000,9.19,13.75,4.63,None,None,-0.21,None,None,0.39,None,None,None,None,None,0.57,None
1998-12-31,67895781,67895781,1,959706000,None,968715000,None,-9009000,0,0,0,931127000,None,None,None,None,None,0,34217000,-7315000,-28937000,-2035000,338000,7178000,11.32,13.13,9.5,None,None,-0.13,None,None,0,None,None,None,None,None,0.4,None
1998-09-30,67848837,67848837,1,960003000,None,984175000,None,-24172000,0,0,0,961549000,56168000,12877000,12877000,0.19,0.19,0,None,None,None,None,2373000,0,12.5,15,10,None,None,-0.36,None,None,0,None,None,None,None,None,None,None
