"Quarter end","Shares","Shares split adjusted","Split factor","Assets","Current Assets","Liabilities","Current Liabilities","Shareholders equity","Non-controlling interest","Preferred equity","Goodwill & intangibles","Long-term debt","Revenue","Earnings","Earnings available for common stockholders","EPS basic","EPS diluted","Dividend per share","Cash from operating activities","Cash from investing activities","Cash from financing activities","Cash change during period","Cash at end of period","Capital expenditures","Price","Price high","Price low","ROE","ROA","Book value of equity per share","P/B ratio","P/E ratio","Cumulative dividends per share","Dividend payout ratio","Long-term debt to equity ratio","Equity to assets ratio","Net margin","Asset turnover","Free cash flow per share","Current ratio"
2019-06-30,209578918,209578918,1,7793560000,2093558000,6109479000,2387427000,1675120000,8961000,0,3063823000,2888043000,1767217000,312840000,312840000,1.54,1.48,0.722,349368000,-94763000,-357585000,-100002000,365963000,83377000,126.19,139.34,113.05,0.851,0.1562,7.99,18.61,23.54,30.65,0.4958,1.7241,0.2149,0.1551,1.01,1.27,0.8769
2019-03-31,208799510,208799510,1,7857376000,2216929000,6434016000,2398185000,1414737000,8623000,0,3071434000,3236317000,2016488000,304358000,304358000,1.49,1.45,0.722,329960000,-111623000,-341145000,-122033000,465965000,92739000,107.87,114.94,100.8,0.8879,0.147,6.78,16.08,19.4,29.93,0.521,2.2876,0.1801,0.1444,1.02,1.14,0.9244
2018-12-31,208519794,208519794,1,7703020000,2239181000,6295754000,2418566000,1398721000,8545000,0,3079395000,3254280000,1987902000,336791000,336791000,2.14,1.58,0.72,707132000,-530655000,-412908000,-235789000,587998000,84280000,104.72,110.3,99.15,0.9309,0.1556,6.71,17.78,21.82,29.21,0.5318,2.3266,0.1816,0.1391,1.03,2.99,0.9258
2018-09-30,209807788,209807788,1,7836189000,2794046000,6586917000,2758826000,1234902000,14370000,0,2685152000,3253879000,2079593000,263713000,263713000,1.29,1.25,0.722,289979000,92041000,-24143000,356435000,823787000,74766000,98.64,106.76,90.52,0.8895,0.1453,5.89,19.65,20.42,28.49,0.6089,2.6349,0.1576,0.1198,1.1,1.03,1.0128
2018-07-01,209312712,209312712,1,7405653000,2365105000,6341836000,2514257000,1049944000,13873000,0,2691278000,3249689000,1751615000,226855000,226855000,1.11,1.08,0.656,250825000,-82521000,-172746000,-9082000,467352000,59775000,95.08,101.07,89.1,0.9196,0.159,5.02,20.45,20.23,27.77,0.6381,3.0951,0.1418,0.1123,1.19,0.91,0.9407
2018-04-01,209266949,209266949,1,7332798000,2270496000,6343143000,3705507000,972128000,17527000,0,2678122000,2059934000,1971959000,350203000,256122000,1.71,1.65,0.656,352057000,-981759000,725905000,96255000,476434000,60021000,104.92,114.63,95.21,0.9436,0.1686,4.65,24.12,28.9,27.11,0.6487,2.119,0.1326,0.1106,1.27,1.4,0.6127
2017-12-31,210483774,210483774,1,5553726000,2001910000,4622161000,2076543000,915338000,16227000,0,1190217000,2061023000,1939636000,181133000,181133000,1.34,0.82,0.66,623616000,-141522000,-378049000,105123000,380179000,102901000,109.17,115.82,102.52,0.7907,0.1428,4.35,27.92,32.59,26.46,0.7977,2.2517,0.1648,0.0901,1.37,2.47,0.9641
2017-10-01,210695396,210695396,1,5655477000,2214454000,4816501000,2337670000,823270000,15706000,0,1197803000,2054132000,2033121000,273303000,200480000,1.32,1.28,0.656,290165000,-80905000,-150579000,60994000,275056000,63343000,107.23,110.69,103.77,0.7438,0.1313,3.91,26.61,34.26,25.8,0.8696,2.4951,0.1456,0.0812,1.38,1.08,0.9473
2017-07-02,212446809,212446809,1,5380228000,1911529000,4510246000,1742205000,855305000,14677000,0,1196339000,2349756000,1662991000,203501000,203501000,0.98,0.95,0.618,101272000,-65553000,-58266000,-20969000,214062000,51086000,111.25,116.49,106,0.7598,0.1218,4.03,28.53,38.9,25.14,0.8219,2.7473,0.159,0.0851,1.36,0.24,1.0972
2017-04-02,212786698,212786698,1,5342385000,1873861000,4496932000,1710917000,830078000,15375000,0,1196598000,2350941000,1879678000,125044000,91766000,0.6,0.58,0.618,234462000,-40684000,-256874000,-61936000,235031000,32736000,105.75,109.9,101.61,0.7186,0.1105,3.9,28.58,31.66,24.52,0.8912,2.8322,0.1554,0.0777,1.34,0.95,1.0952
2016-12-31,212414672,212414672,1,5524333000,1816778000,4696646000,1909443000,785856000,41831000,0,1305081000,2347455000,1970244000,116853000,116853000,0.57,0.54,0.62,560936000,-109492000,-484205000,-36366000,296967000,100632000,99.53,104.44,94.63,0.8888,0.1295,3.7,23.59,26.4,23.9,0.7104,2.9871,0.1423,0.0968,1.34,2.17,0.9515
2016-10-02,212229426,212229426,1,5845413000,2130517000,4903341000,2017035000,895445000,46627000,0,1326424000,2362466000,2003454000,227403000,227403000,1.09,1.06,0.618,75441000,-81373000,90363000,83148000,333333000,62741000,104.31,114.16,94.45,0.946,0.148,4.22,30.59,30.59,23.28,0.619,2.6383,0.1532,0.1107,1.34,0.06,1.0563
2016-07-03,213189504,213189504,1,5567384000,1807599000,4792723000,2671446000,727950000,46711000,0,1339613000,1571179000,1637671000,145956000,145956000,0.7,0.68,0.583,89983000,-355412000,230634000,-35773000,250185000,62947000,102.86,117.79,87.92,0.8635,0.1362,3.41,26.37,45.51,22.67,0.673,2.1584,0.1308,0.1014,1.34,0.13,0.6766
2016-04-03,213372883,213372883,1,5305840000,1772918000,4426487000,2336972000,831439000,47914000,0,1065963000,1571388000,1828812000,229832000,229832000,1.09,1.06,0.583,257115000,-49177000,-271235000,-60571000,285958000,39505000,88.11,93.79,82.42,0.515,0.0917,3.9,19.11,38.31,22.08,0.9914,1.89,0.1567,0.0684,1.34,1.02,0.7586
2015-12-31,216519701,216519701,1,5344371000,1848598000,4296909000,2217912000,997997000,49465000,0,1063557000,1557091000,1909222000,213384000,213384000,1,0.97,0.58,626592000,-145841000,-467771000,12980000,346529000,118896000,90.32,97.07,83.58,0.4768,0.0925,4.61,22.03,39.96,21.5,0.9485,1.5602,0.1867,0.0694,1.33,2.34,0.8335
2015-10-04,216793284,216793284,1,5630620000,2209330000,4693494000,2235241000,888613000,48513000,0,1078431000,1830186000,1960779000,154771000,154771000,0.73,0.7,0.583,106916000,6175000,-71837000,41254000,343913000,85366000,89.72,94.31,85.13,0.4219,0.0894,4.1,17.12,34.64,20.92,0.9564,2.0596,0.1578,0.0671,1.33,0.1,0.9884
2015-07-05,219384779,219384779,1,5449330000,2007447000,4211062000,2018272000,1150259000,88009000,0,1113902000,1547399000,1578825000,-99941000,-99941000,-0.47,-0.47,0.535,224546000,-88524000,-139053000,-3031000,302659000,88822000,94.8,101.74,87.86,0.4218,0.1004,5.24,16.4,24.88,20.34,0.8265,1.3453,0.2111,0.0763,1.32,0.62,0.9946
2015-04-05,219045549,219045549,1,5757462000,2108099000,4412946000,2175130000,1266065000,78451000,0,1341527000,1560265000,1937800000,244737000,244737000,1.14,1.1,0.535,256402000,-249065000,-76501000,-69164000,305690000,62521000,104.65,110.78,98.52,0.5777,0.1493,5.78,15.88,27.76,19.8,0.5508,1.2324,0.2199,0.1121,1.33,0.89,0.9692
2014-12-31,220828040,220828040,1,5629516000,2247047000,4109986000,1935647000,1455062000,64468000,0,1087796000,1548963000,2010027000,202508000,202508000,0.95,0.93,0.54,450788000,-170206000,-382816000,-102234000,374854000,137566000,98.87,106.64,91.09,0.5509,0.1529,6.59,14.14,26.51,19.27,0.5349,1.0645,0.2585,0.1141,1.34,1.42,1.1609
2014-09-28,220869509,220869509,1,5916553000,2532572000,4308693000,2192219000,1543954000,63906000,0,1110021000,1559770000,1961578000,223741000,223741000,1.07,1.03,0.535,215501000,-456565000,155551000,-85513000,477088000,82990000,92.54,96.93,88.15,0.5273,0.1518,6.99,13.28,24.81,18.73,0.542,1.0102,0.261,0.1127,1.35,0.6,1.1553
2014-06-29,221828656,221828656,1,5184969000,2261809000,3576409000,1261565000,1545267000,63293000,0,767205000,1794830000,1578350000,168168000,168168000,0.78,0.75,0.485,-31825000,-166766000,-244904000,-443495000,562601000,69550000,100.06,104.11,96.02,0.5511,0.1596,6.97,13.88,27.19,18.19,0.5245,1.1615,0.298,0.1157,1.38,-0.46,1.7929
2014-03-30,222699340,222699340,1,5428846000,2544974000,3759783000,1444445000,1605469000,63594000,0,761825000,1793500000,1871813000,252495000,252495000,1.11,1.06,0.485,203757000,-69036000,-247133000,-112412000,1006096000,79071000,101.81,108.07,95.54,0.5872,0.1617,7.21,14.2,28.2,17.71,0.5133,1.1171,0.2957,0.1156,1.4,0.56,1.7619
2013-12-31,223805223,223805223,1,5357488000,2487334000,3741436000,1408022000,1604834000,11218000,0,771805000,1795142000,1956253000,186075000,186075000,0.96,0.89,0.52,564691000,-122409000,-25102000,417180000,1118508000,122409000,95.97,100.9,91.04,0.6365,0.1643,7.17,16.02,28.39,17.22,0.4919,1.1186,0.2995,0.1148,1.43,1.98,1.7665
2013-09-29,223595706,223595706,1,5077919000,2375694000,3727344000,1260768000,1338959000,11616000,0,781273000,1796263000,1853886000,232985000,232985000,1.07,1.03,0.485,274268000,-69689000,-71611000,132968000,701328000,69689000,93.43,97.69,89.17,0.6838,0.1619,5.99,18.76,29.95,16.7,0.4862,1.3415,0.2637,0.113,1.43,0.91,1.8843
2013-06-30,223192313,223192313,1,4696868000,1998887000,3575141000,1084206000,1111822000,9905000,0,781401000,1794493000,1508514000,159504000,159504000,0.73,0.7,0.42,56266000,-66191000,-151811000,-161736000,568360000,50191000,88.25,91.25,85.25,0.6884,0.153,4.98,17.94,29.32,16.22,0.4913,1.614,0.2367,0.1065,1.44,0.03,1.8436
2013-03-31,223730186,223730186,1,4845630000,2180021000,3733066000,1492067000,1100434000,12130000,0,795806000,1539800000,1827426000,241906000,241906000,1,0.99,0.38,293180000,-93291000,-198065000,1824000,730096000,93291000,80.52,87.53,73.51,0.6734,0.1482,4.92,17.39,27.86,15.8,0.497,1.3993,0.2271,0.1045,1.42,0.89,1.4611
2012-12-31,224087596,224087596,1,4754839000,2113485000,3706466000,1471110000,1036749000,11624000,0,802716000,1530967000,1751035000,149879000,149879000,0.68,0.66,0.42,488920000,-70927000,-155956000,262037000,728272000,57427000,71.75,74.64,68.85,0.6705,0.1409,4.63,16.31,45.7,15.42,0.5295,1.4767,0.218,0.0995,1.42,1.93,1.4367
2012-09-30,223201871,223201871,1,4737782000,2135955000,3740820000,1552954000,981262000,15700000,0,815077000,1515757000,1746709000,176716000,176716000,0.8,0.77,0.38,291749000,-65855000,-349441000,-123547000,466235000,65855000,71.63,73.16,70.09,0.3867,0.0788,4.4,15.24,24.53,15,0.9158,1.5447,0.2071,0.0562,1.4,1.01,1.3754
2012-07-01,226341501,226341501,1,4667972000,2093573000,3582001000,1446972000,1064327000,21644000,0,808492000,1498669000,1414444000,135685000,135685000,0.62,0.59,0.38,38356000,-72004000,56091000,22443000,589782000,56004000,65.92,72.03,59.81,0.7275,0.1512,4.7,17.12,22.81,14.62,0.4833,1.4081,0.228,0.1062,1.42,-0.08,1.4469
2012-04-01,223654520,223654520,1,4599457000,2012445000,3713864000,1323809000,860330000,25263000,0,820660000,1748630000,1732064000,198651000,198651000,0.91,0.87,0.38,275802000,-264583000,-137566000,-126347000,567339000,91727000,60.72,61.94,59.49,0.7316,0.153,3.85,16.15,22.32,14.24,0.4761,2.0325,0.1871,0.1068,1.43,0.82,1.5202
2011-12-31,225520177,225520177,1,4412199000,2046558000,3539551000,1173775000,849022000,23626000,0,628658000,1748500000,1567145000,-148001000,-148001000,-0.66,-0.66,0.34,323638000,-81919000,159628000,401347000,693686000,81919000,58.79,62.26,55.32,0.6866,0.1472,3.76,14.27,14.81,13.86,0.4938,2.0594,0.1924,0.1034,1.42,1.07,1.7436
2011-10-02,225119789,225119789,1,4130506000,1814015000,3175829000,1181427000,927672000,27005000,0,630960000,1498862000,1624249000,486829000,486829000,2.2,2.12,0.345,-29463000,-65566000,-402929000,-497958000,292339000,65566000,57.39,60.96,53.83,0.9818,0.2153,4.12,12.9,21.82,13.52,0.3361,1.6157,0.2246,0.1522,1.41,-0.42,1.5354
2011-07-03,227434488,227434488,1,4312753000,1992076000,3267059000,1221813000,1012260000,33434000,0,649781000,1541388000,1325171000,130019000,130019000,0.59,0.56,0.345,127314000,-98339000,9056000,38031000,790297000,98339000,55.98,58.2,53.77,0.67,0.145,4.45,14.43,24.66,13.17,0.4982,1.5227,0.2347,0.1023,1.42,0.13,1.6304
2011-04-03,225504857,225504857,1,4235155000,1954521000,3326171000,1290932000,875417000,33567000,0,649731000,1540924000,1564223000,160115000,160115000,0.72,0.7,0.345,159378000,-87181000,-204573000,-132376000,752266000,81431000,50.64,55.05,46.24,0.633,0.1305,3.88,12.76,22.91,12.83,0.5665,1.7602,0.2067,0.0897,1.46,0.35,1.514
2010-12-31,227301799,227301799,1,4272732000,2005217000,3335131000,1298845000,902316000,35285000,0,647214000,1541825000,1482809000,135513000,135513000,0.61,0.59,0.32,513224000,-77676000,204147000,639695000,884642000,77676000,48.7,51.75,45.66,0.6415,0.1317,3.97,13.42,22.55,12.48,0.5707,1.7087,0.2112,0.0899,1.47,1.92,1.5438
2010-10-03,227466092,227466092,1,3886943000,1664812000,3024006000,1270090000,826749000,36188000,0,645977000,1250546000,1547115000,180169000,180169000,0.81,0.78,0.32,123351000,-47511000,-79963000,-4123000,244947000,47511000,48.49,51.67,45.31,0.6688,0.1347,3.63,15.79,23.2,12.16,0.5719,1.5126,0.2127,0.0895,1.5,0.33,1.3108
2010-07-04,227119489,227119489,1,3619987000,1414988000,2887485000,876009000,697368000,35134000,0,640478000,1501335000,1233242000,46723000,46723000,0.21,0.2,0.32,83662000,-38722000,-99656000,-54716000,249070000,38722000,47.45,52.1,42.79,0.6981,0.1308,3.07,14.34,21.57,11.84,0.583,2.1529,0.1926,0.0873,1.5,0.2,1.6153
2010-04-04,227234687,227234687,1,3698687000,1413032000,2909622000,902295000,752217000,36848000,0,703039000,1502183000,1407843000,147394000,147394000,0.66,0.64,0.32,181186000,-35377000,-95628000,50181000,303786000,35377000,39.67,43.58,35.76,0.8161,0.1387,3.31,12.55,20.99,11.52,0.5447,1.997,0.2034,0.0928,1.49,0.64,1.566
2009-12-31,227998276,227998276,1,3675031000,1385434000,2914692000,910628000,720459000,39880000,0,697100000,1502730000,1407336000,126779000,126779000,0.57,0.54,0.3,430201000,-33132000,-262717000,134352000,253605000,33132000,38.33,41.62,35.05,0.8367,0.1207,3.16,14.63,24.57,11.2,0.6224,2.0858,0.196,0.0823,1.47,1.74,1.5214
2009-10-04,227720060,227720060,1,3773107000,1462637000,3135590000,1108329000,597070000,40447000,0,692508000,1503435000,1484118000,162023000,162023000,0.73,0.71,0.2975,189367000,-31219000,-67663000,90485000,119253000,31219000,39.02,42.25,35.78,0.9307,0.1087,2.62,21.21,28.07,10.9,0.6926,2.518,0.1582,0.0743,1.46,0.69,1.3197
2009-07-05,227166830,227166830,1,3493422000,1178924000,3036242000,1001939000,417756000,39424000,0,688937000,1504475000,1171183000,71298000,71298000,0.32,0.31,0.2975,169005000,-33404000,-177769000,-42168000,28768000,33404000,35.77,37.83,33.7,0.8332,0.094,1.84,23.23,28.39,10.61,0.7658,3.6013,0.1196,0.0671,1.4,0.6,1.1766
2009-04-05,227026652,227026652,1,3506544000,1206770000,3119926000,1103346000,349105000,37513000,0,678583000,1505281000,1236031000,75894000,75894000,0.34,0.33,0.298,277176000,-52571000,-190772000,33833000,70936000,37351000,34.25,38.23,30.27,0.6863,0.0828,1.54,24.46,28.31,10.31,0.8365,4.3118,0.0996,0.0622,1.33,1.06,1.0937
2008-12-31,226993240,226993240,1,3634719000,1344945000,3284775000,1270212000,318199000,31745000,0,665449000,1505954000,1377380000,82155000,82155000,0.37,0.21,0.3,270970000,-66226000,-303273000,-98529000,37103000,66226000,36.33,40.55,32.1,0.5846,0.0768,1.4,13.46,29.3,10.01,0.8705,4.7327,0.0875,0.0607,1.27,0.9,1.0588
2008-09-28,227123858,227123858,1,4431379000,1650655000,3779250000,1563492000,613884000,38245000,0,733820000,1510831000,1489609000,124538000,124538000,0.56,0.54,0.298,-71481000,-64267000,225953000,90205000,135632000,64267000,38.31,44.32,32.31,0.4716,0.0674,2.7,14.29,39.49,9.71,0.9563,2.4611,0.1385,0.0556,1.21,-0.6,1.0557
2008-06-29,227021000,227021000,1,4078692000,1279017000,3428724000,1205105000,607623000,42345000,0,747211000,1514029000,1105437000,41467000,41467000,0.19,0.18,0.298,62044000,-43207000,-126285000,-107448000,45427000,43207000,36.61,40.75,32.47,0.3807,0.0527,2.68,14.08,45.76,9.41,1.2224,2.4917,0.149,0.0443,1.19,0.08,1.0613
2008-03-30,227042627,227042627,1,4067017000,1262603000,3431891000,1200990000,591191000,43935000,0,750785000,1528691000,1160342000,63245000,63245000,0.29,0.28,0.298,258028000,-24504000,-209847000,23677000,152875000,26464000,36.5,39.45,33.54,0.3206,0.0432,2.6,13.98,39.67,9.11,1.4413,2.5858,0.1454,0.0371,1.16,1.02,1.0513
2007-12-31,227314176,227314176,1,4247113000,1426574000,3623593000,1618770000,592922000,30598000,0,740575000,1279965000,1342222000,54343000,54343000,0.24,0.24,0.3,463552000,-79593000,-296334000,87625000,129198000,76162000,42.81,47.41,38.21,0.3686,0.0505,2.61,17.99,32.68,8.82,1.2101,2.1587,0.1396,0.0433,1.17,1.7,0.8813
2007-09-30,227049657,227049657,1,4455577000,1658765000,3899944000,1840638000,539349000,16284000,0,751153000,1271658000,1399469000,62784000,62784000,0.28,0.27,0.298,21779000,-64607000,45579000,2751000,41573000,44566000,47.66,51.29,44.03,0.5231,0.0748,2.38,18.99,26.33,8.52,0.802,2.3578,0.1211,0.0638,1.17,-0.1,0.9012
2007-07-01,228058384,228058384,1,4267236000,1425640000,3679557000,1615959000,571301000,16378000,0,743398000,1272504000,1051916000,3554000,3554000,0.02,0.01,0.27,-10015000,-118399000,106753000,-21661000,38822000,41410000,53.28,56.75,49.81,0.6456,0.1028,2.51,19.59,24.11,8.22,0.5684,2.2274,0.1339,0.088,1.17,-0.23,0.8822
2007-04-01,228570894,228570894,1,4004533000,1280245000,3383832000,1365076000,620701000,0,0,642099000,1248137000,1153109000,93473000,93473000,0.42,0.4,0.27,303520000,-41754000,-298424000,-36658000,60483000,41754000,53.03,56.37,49.7,0.7123,0.1248,2.72,17.92,22.96,7.95,0.459,2.0109,0.155,0.1071,1.17,1.15,0.9379
2006-12-31,230758373,230758373,1,4157565000,1417812000,3474142000,1453538000,683423000,0,0,642269000,1248128000,1346074000,155988000,155988000,0.69,0.63,0.27,496840000,-85575000,-361759000,49506000,97141000,68575000,51.28,53.6,48.96,0.6784,0.1296,2.96,14.32,22.3,7.68,0.4298,1.8263,0.1644,0.1131,1.15,1.86,0.9754
2006-10-01,231839111,231839111,1,4559462000,1700447000,3729143000,1656808000,830319000,0,0,629777000,1255162000,1413361000,183665000,183665000,0.81,0.77,0.27,59002000,-42600000,7748000,24150000,47635000,42600000,53.89,57.3,50.48,0.6178,0.1291,3.58,14.85,26.81,7.41,0.4193,1.5117,0.1821,0.1134,1.14,0.07,1.0263
2006-07-02,234169134,234169134,1,4312260000,1445049000,3461439000,1898338000,850821000,0,0,629387000,752654000,1052067000,98440000,98440000,0.43,0.41,0.245,1361000,-49079000,27263000,-20455000,23485000,49079000,52.92,57.65,48.2,0.5289,0.1146,3.63,13.47,26.59,7.14,0.4665,0.8846,0.1973,0.1013,1.13,-0.2,0.7612
2006-04-02,236803299,236803299,1,4226532000,1359139000,3294749000,1735968000,931783000,0,0,629046000,752781000,1132728000,120968000,120968000,0.52,0.5,0.245,165990000,-38258000,-150975000,-23243000,43940000,38258000,53.03,55.44,50.62,0.504,0.1163,3.93,12.42,27.06,6.89,0.4604,0.8079,0.2205,0.1024,1.14,0.54,0.7829
2005-12-31,238949667,238949667,1,4295236000,1408940000,3274160000,1518223000,1021076000,0,0,629964000,942755000,1352873000,158187000,158187000,0.67,0.62,0.24,448753000,-42835000,-376633000,29285000,67183000,45548000,56.36,60.23,52.49,0.4963,0.119,4.27,14.23,28.18,6.65,0.4543,0.9233,0.2377,0.102,1.17,1.69,0.928
2005-10-02,241458881,241458881,1,4510443000,1606203000,3554510000,1750779000,955933000,0,0,639605000,943104000,1368240000,119475000,119475000,0.5,0.48,0.245,-22780000,-95204000,131170000,13186000,37898000,48130000,59.83,64.8,54.85,0.4999,0.1256,3.96,14.25,27.44,6.41,0.437,0.9866,0.2119,0.1064,1.18,-0.29,0.9174
2005-07-03,244752345,244752345,1,4031733000,1333784000,3003768000,1551746000,1027965000,0,0,591288000,690060000,988447000,97361000,97361000,0.41,0.39,0.22,-137990000,-68389000,213031000,6652000,24712000,68389000,63.39,67.37,59.4,0.5482,0.1437,4.2,15.97,26.97,6.16,0.3909,0.6713,0.255,0.1191,1.21,-0.84,0.8595
2005-04-03,244310025,244310025,1,3748774000,1120065000,2778052000,1341145000,970722000,0,0,588196000,690312000,1126414000,118221000,118221000,0.49,0.47,0.22,173779000,-32238000,-178318000,-36777000,18060000,32238000,58.94,64.72,53.15,0.5579,0.1612,3.97,13.3,25.74,5.94,0.3536,0.7111,0.2589,0.1325,1.22,0.58,0.8352
2004-12-31,245814427,245814427,1,3797531000,1182441000,2708229000,1285382000,1089302000,0,0,589180000,690602000,1267963000,170286000,170286000,0.72,0.66,0.22,434033000,-207065000,-259520000,-32552000,54837000,40206000,51.36,56.75,45.98,0.5067,0.1593,4.43,13.45,23.67,5.72,0.3559,0.634,0.2868,0.1334,1.19,1.6,0.9199
2004-10-03,246083414,246083414,1,3786723000,1350174000,2846214000,1162270000,940509000,0,0,415984000,968956000,1254508000,166229000,166229000,0.68,0.66,0.22,217867000,-40757000,-109196000,67914000,87389000,40757000,47.48,49.94,45.03,0.4659,0.1547,3.82,9.29,23.1,5.5,0.3656,1.0302,0.2484,0.1303,1.19,0.72,1.1617
2004-07-04,257553790,257553790,1,3607829000,1175421000,2292546000,639369000,1315283000,0,0,413137000,969561000,893688000,147217000,147217000,0.58,0.56,0.1975,-91686000,-49394000,-74817000,-215897000,19475000,49394000,43.52,46.5,40.55,0.4222,0.1499,5.11,8.55,24.66,5.28,0.3758,0.7372,0.3646,0.1269,1.18,-0.55,1.8384
2004-04-04,129685114,259370228,2,3640963000,1184440000,2321100000,594312000,1319863000,0,0,426923000,971418000,1013089000,107147000,107147000,0.82,0.82,0.395,237236000,-65529000,-51128000,120579000,235372000,65529000,40.59,43.9,37.28,0.3713,0.1318,5.09,8.22,23.6,5.09,0.4196,0.736,0.3625,0.1104,1.19,0.66,1.993
2003-12-31,129606677,259213354,2,3582540000,1131569000,2302674000,585810000,1279866000,0,0,427471000,968499000,1179255000,144938000,144938000,1.09,1.08,0.39,504217000,-93111000,-326158000,84948000,114793000,93111000,37.84,39.33,36.34,0.3713,0.1321,4.94,8.02,23.07,4.89,0.4104,0.7567,0.3573,0.1097,1.2,1.59,1.9316
2003-09-28,130117341,260234682,2,3657779000,1244450000,2428879000,754931000,1228900000,0,0,425329000,966289000,1191019000,143604000,143604000,1.1,1.09,0.395,-36837000,-36952000,84936000,11147000,29845000,57001000,35.78,37.1,34.47,0.3529,0.1289,4.72,7.76,23.23,4.69,0.4086,0.7863,0.336,0.1068,1.21,-0.36,1.6484
2003-06-29,130608471,261216942,2,3298340000,1079072000,2094514000,521566000,1203826000,0,0,426135000,850738000,849115000,71484000,71484000,0.55,0.54,0.328,-12062000,-46908000,-66408000,-125378000,18698000,46908000,33.82,36.41,31.23,0.3273,0.1248,4.61,7.29,22.55,4.5,0.4125,0.7067,0.365,0.1028,1.21,-0.23,2.0689
2003-03-30,131192003,262384006,2,3312552000,1095174000,2096235000,529570000,1216317000,0,0,421635000,851329000,953162000,97558000,97558000,0.73,0.73,0.328,137625000,-40034000,-251258000,-153667000,144076000,40034000,32.42,34.5,30.35,0.3155,0.1224,4.64,6.27,22.36,4.33,0.4174,0.6999,0.3672,0.1014,1.21,0.37,2.068
2002-12-31,132554585,265109170,2,3480551000,1263618000,2108848000,546846000,1371703000,0,0,418351000,851800000,1156028000,130320000,130320000,0.95,0.92,0.33,452542000,-92064000,-182595000,177883000,297743000,63157000,32.3,33.99,30.61,0.305,0.1192,5.17,6.42,39.15,4.17,0.4241,0.621,0.3941,0.0979,1.22,1.47,2.3107
2002-09-29,136142662,272285324,2,3446037000,1458969000,2075937000,613985000,1370100000,0,0,418057000,868491000,1152321000,123065000,123065000,0.9,0.89,0.328,22075000,-16724000,-70281000,-64930000,119860000,27433000,33.98,39.74,28.23,0.1802,0.0686,5.03,7.18,41.44,4,0.7381,0.6339,0.3976,0.0539,1.27,-0.02,2.3762
2002-06-30,136630292,273260584,2,3288649000,1256542000,1996111000,526230000,1292538000,0,0,422437000,868485000,823462000,63148000,63148000,0.46,0.46,0.303,29902000,-23686000,-41452000,-35236000,184790000,34280000,33.57,36.07,31.07,0.183,0.0671,4.73,7.28,43.04,3.84,0.7298,0.6719,0.393,0.0515,1.3,-0.02,2.3878
2002-03-31,136492939,272985878,2,3324544000,1245676000,2065628000,575008000,1258916000,0,0,428989000,876979000,988506000,87045000,87045000,0.64,0.63,0.303,120824000,-98000,-34847000,85879000,220026000,19702000,34.6,36.24,32.96,0.1788,0.0633,4.61,8.26,46.13,3.69,0.7503,0.6966,0.3787,0.0482,1.31,0.37,2.1664
2001-12-31,136989713,273979426,2,3247430000,1167541000,2100226000,606444000,1147204000,0,0,429128000,876972000,1273917000,-44951000,-44951000,-0.33,-0.33,0.3,415703000,-55837000,-274887000,84979000,134147000,49339000,32.26,34.31,30.2,0.1731,0.061,4.19,7.04,24.16,3.54,0.7648,0.7644,0.3533,0.0455,1.34,1.34,1.9252
2001-09-30,135615864,271231728,2,3611339000,1468215000,2369729000,860556000,1241610000,0,0,438875000,876981000,1304184000,120762000,120762000,0.89,0.88,0.303,102461000,19684000,-94048000,28097000,49168000,38940000,31.29,33.23,29.35,0.3057,0.1068,4.58,7.28,24.35,3.39,0.4225,0.7063,0.3438,0.0822,1.3,0.23,1.7061
2001-07-01,135687116,271374232,2,3427499000,1245315000,2259592000,754900000,1167907000,0,0,466938000,877415000,898859000,52439000,52439000,0.38,0.38,0.28,-62640000,-65756000,123213000,-5183000,21071000,48514000,32.03,34.79,29.27,0.3036,0.1034,4.3,7.12,25.83,3.23,0.43,0.7513,0.3407,0.0812,1.27,-0.41,1.6496
2001-04-01,136645391,273290782,2,3301403000,1120302000,2070580000,573276000,1230823000,0,0,466758000,877510000,1080281000,78906000,78906000,0.58,0.57,0.28,250881000,-22078000,-234518000,-5715000,26254000,33157000,31.32,35.08,27.57,0.2998,0.1008,4.5,7.27,25.88,3.09,0.4385,0.7129,0.3728,0.0794,1.27,0.8,1.9542
2000-12-31,136281588,272563176,2,3447764000,1295348000,2272728000,766901000,1175036000,0,0,474448000,877654000,1194902000,115962000,115962000,0.86,0.84,0.28,404653000,-164580000,-252414000,-12341000,31969000,38188000,28.72,33.22,24.22,0.3031,0.0991,4.31,7.11,25.64,2.95,0.4409,0.7469,0.3408,0.0793,1.25,1.34,1.6891
2000-10-01,136116677,272233354,2,3547896000,1502328000,2448296000,938294000,1099600000,0,0,437439000,877803000,1196755000,107405000,107405000,0.78,0.78,0.28,-65835000,-35551000,110496000,9110000,44310000,39868000,24.06,27.34,20.78,0.2919,0.0944,4.04,6.2,23.13,2.81,0.4589,0.7983,0.3099,0.0766,1.23,-0.39,1.6011
2000-07-02,136726224,273452448,2,3280936000,1228948000,2220346000,704134000,1060590000,0,0,441668000,877942000,836204000,39996000,39996000,0.29,0.29,0.26,-19898000,-34134000,42674000,-11358000,35200000,33266000,25.2,27.91,22.5,0.278,0.0893,3.88,6.4,23.55,2.67,0.4823,0.8278,0.3233,0.0742,1.2,-0.19,1.7453
2000-04-02,137171879,274343758,2,3232453000,1168274000,2152698000,628451000,1079755000,0,0,446428000,878079000,993115000,71180000,71180000,0.51,0.51,0.26,93289000,-37548000,-127261000,-71520000,46558000,31697000,22.11,25.34,18.88,0.2892,0.0925,3.94,5.57,13.82,2.54,0.4598,0.8132,0.334,0.0763,1.21,0.22,1.859
1999-12-31,138242664,276485328,2,3346652000,1279980000,2248025000,712829000,1098627000,0,0,450165000,878213000,1105838000,98007000,98007000,0.69,0.66,0.26,270973000,-17276000,-178515000,75182000,118078000,27465000,24.98,27.09,22.88,0.4397,0.1402,3.97,6.7,15.33,2.41,0.3018,0.7994,0.3283,0.1159,1.21,0.88,1.7956
1999-10-03,138371256,276742512,2,3427731000,1354464000,2396334000,859053000,1031397000,0,0,453508000,878347000,1066695000,87578000,87578000,0.63,0.62,0.26,68106000,-39533000,-17426000,11147000,42896000,40281000,27.48,30.72,24.25,0.4572,0.1432,3.73,7.41,16.26,2.28,0.2891,0.8516,0.3009,0.115,1.24,0.1,1.5767
1999-07-04,139514996,279029992,2,3258912000,1181514000,2224391000,713718000,1034521000,0,0,457448000,878477000,853239000,50055000,50055000,0.36,0.35,0.24,-150611000,-34374000,161324000,-23661000,31749000,35507000,27.08,29.75,24.41,0.4841,0.1487,3.71,7.4,16.12,2.15,0.2741,0.8492,0.3174,0.1157,1.29,-0.67,1.6554
1999-04-04,139730731,279461462,2,3103462000,1025664000,2080117000,574185000,1023345000,0,0,460054000,879095000,945152000,224670000,224670000,1.58,1.57,0.24,139215000,413867000,-536696000,16386000,55410000,37589000,29.75,32.44,27.07,0.4971,0.1477,3.66,7.98,25.76,2.03,0.2712,0.859,0.3297,0.1144,1.29,0.36,1.7863
1998-12-31,139709807,279419614,2,3404098000,1133966000,2361797000,814824000,1042301000,0,0,530464000,879103000,1239903000,109957000,109957000,0.76,0.72,0.24,221945000,-53541000,-169543000,-1139000,39024000,56967000,34.14,37.91,30.38,0.3564,0.1016,3.73,10.1,28.45,1.91,0.3839,0.8434,0.3062,0.0769,1.32,0.59,1.3917
1998-10-04,143149635,286299270,2,3475149000,1212476000,2508109000,847225000,967040000,0,0,534074000,1029117000,1217237000,107533000,107533000,0.75,0.74,0.24,58216000,-52309000,625000,6532000,40163000,49234000,33.2,36.16,30.25,0.3817,0.1043,3.38,10.44,28.38,1.79,0.3712,1.0642,0.2783,0.0782,1.33,0.03,1.4311
1998-07-05,143115685,286231370,2,3286994000,1025637000,2375435000,721162000,911559000,0,0,541197000,1029121000,880399000,47965000,47965000,0.33,0.33,0.22,-10971000,-48720000,33705000,-25986000,33631000,48457000,35.89,38.19,33.59,0.395,0.1021,3.18,11.36,30.68,1.67,0.3701,1.129,0.2773,0.0778,1.31,-0.21,1.4222
1998-04-05,143143060,286286120,2,3256466000,999151000,2351405000,700374000,905061000,0,0,547240000,1029129000,1098076000,75433000,75433000,0.53,0.52,0.22,120515000,-40333000,-74802000,5380000,59617000,49529000,33.27,36.69,29.84,0.3669,0.1028,3.16,11.16,29.31,1.56,0.3645,1.1371,0.2779,0.0779,1.32,0.25,1.4266
1997-12-31,143091226,286182452,2,3291236000,1034814000,2438430000,795715000,852806000,0,0,551849000,1029136000,1242428000,116120000,116120000,0.81,None,0.22,338078000,-30535000,-324261000,-16718000,54237000,39118000,28.63,31.94,25.32,0.3344,0.101,2.98,10.56,29.07,1.45,0.3688,1.2068,0.2591,0.0782,1.29,1.04,1.3005
1997-09-28,142881147,285762294,2,3496874000,1242608000,2721618000,1083521000,775256000,0,0,553595000,1029147000,1151610000,100673000,100673000,0.68,None,0.22,11409000,-46420000,79527000,44516000,70955000,48456000,27.95,29.97,25.94,0.276,0.0904,2.71,7.09,29.42,1.34,0.412,1.3275,0.2217,0.0703,1.29,-0.13,1.1468
1997-06-29,152779727,305559454,2,3295212000,1058349000,2090816000,862210000,1204396000,0,0,557907000,629842000,905729000,50564000,50564000,0.33,None,0.2,-7680000,-23418000,-19747000,-50845000,26439000,47348000,26.76,29.32,24.19,0.2486,0.0922,3.94,6.88,29.17,1.23,0.4186,0.523,0.3655,0.0701,1.31,-0.18,1.2275
1997-03-30,152768607,305537214,2,3238290000,1021227000,2048953000,841333000,1189337000,0,0,574481000,629856000,1002469000,68894000,68894000,0.45,None,0.2,135051000,-51198000,-67991000,15862000,77284000,38017000,23.76,26.44,21.07,0.2458,0.0928,3.89,6.25,26.85,1.13,0.4227,0.5296,0.3673,0.0696,1.33,0.32,1.2138
1996-12-31,152785707,305571414,2,3184796000,986229000,2023775000,817274000,1161021000,0,0,565962000,655289000,1189115000,78654000,78654000,0.51,None,0.2,273995000,-364555000,92018000,1458000,61422000,50940000,23.81,25.88,21.75,0.2417,0.093,3.8,6.37,24.61,1.03,0.4273,0.5644,0.3646,0.0685,1.36,0.73,1.2067
1996-09-29,153558656,307117312,2,2966716000,1054176000,1816963000,930975000,1149753000,0,0,421485000,338752000,1072336000,94270000,94270000,0.61,None,0.2,60228000,-36494000,-11998000,11736000,59964000,38253000,21.69,25.88,17.5,0.2704,0.1055,3.74,6.06,23.64,0.93,0.3796,0.2946,0.3876,0.0766,1.38,0.07,1.1323
1996-06-30,76861278,307445112,4,2793616000,886862000,1693351000,802350000,1100265000,0,0,424443000,354173000,796343000,40847000,40847000,0.53,None,0.36,7457000,-19731000,566000,-11708000,48228000,34223000,18.45,19.47,17.44,0.2671,0.101,3.58,5.13,20.97,0.83,0.3858,0.3219,0.3938,0.0753,1.34,-0.09,1.1053
1996-03-31,77234358,308937432,4,2798839000,894943000,1687893000,801301000,1110946000,0,0,425961000,354184000,931514000,59415000,59415000,0.77,None,0.36,122063000,-17293000,-77180000,27590000,59936000,36017000,18.14,20.32,15.97,0.2399,0.0979,3.6,5.18,21.03,0.74,0.3976,0.3188,0.3969,0.0748,1.31,0.28,1.1169
1995-12-31,77334680,309338720,4,2830623000,922323000,1747664000,864355000,1082959000,0,0,428714000,357034000,1119851000,105836000,105836000,1.35,None,0.36,312476000,-29885000,-277519000,5072000,32346000,26363000,15.86,16.97,14.75,0.2238,0.0977,3.5,4.81,26.54,0.65,0.3973,0.3297,0.3826,0.0764,1.28,0.92,1.0671
1995-10-01,77414233,309656932,4,2988917000,1054267000,1966269000,1307434000,1022648000,0,0,447962000,154005000,981101000,82127000,82127000,1.02,None,0.36,71809000,-41880000,-34569000,-4640000,27274000,47694000,14.81,16.22,13.4,0.1489,0.0692,3.3,3.5,25.76,0.56,0.557,0.1506,0.3421,0.055,1.26,0.08,0.8064
1995-07-02,86475306,345901224,4,2845234000,918081000,1381287000,728281000,1463947000,0,0,449509000,154089000,722269000,33323000,33323000,0.38,None,0.325,27287000,-34344000,13952000,6895000,31914000,33607000,13.25,13.97,12.53,0.1369,0.0685,4.23,3.13,23.98,0.47,0.5616,0.1053,0.5145,0.055,1.25,-0.02,1.2606
1995-04-02,86710106,346840424,4,2882827000,939559000,1413803000,757426000,1469024000,0,0,450455000,157921000,867446000,60633000,60633000,0.7,None,0.325,83357000,-38297000,-46779000,-1719000,25019000,32962000,12.55,13.1,12,0.1326,None,4.24,3.02,23.68,0.39,0.5744,0.1075,0.5096,0.0534,1.22,0.15,1.2405
1994-12-31,86735197,346940788,4,2890981000,948666000,1449881000,796221000,1441100000,0,0,453582000,157227000,1079887000,24815000,24815000,0.29,None,0.32,268613000,-38408000,-238122000,-7917000,26738000,29495000,11.77,12.41,11.13,0.1284,None,4.15,2.79,None,0.31,0.5872,0.1091,0.4985,0.0511,1.23,0.69,1.1915
1994-10-02,86752797,347011188,4,3054533000,1067164000,1589926000,943936000,1464607000,0,0,470160000,158998000,966511000,81063000,81063000,0.93,None,0.325,55149000,-29877000,-6295000,18977000,34655000,29862000,11.14,12,10.28,None,None,4.22,2.74,None,0.23,None,0.1086,0.4795,None,None,0.07,1.1305
1994-07-03,86837997,347351988,4,2908546000,924953000,1497091000,865133000,1411455000,0,0,469416000,159043000,675983000,25325000,25325000,0.29,None,0.3,3937000,-34409000,15135000,-15337000,15678000,36331000,11.05,11.69,10.41,None,None,4.06,2.71,None,0.15,None,0.1127,0.4853,None,None,-0.09,1.0691
1994-04-03,87240597,348962388,4,2903990000,932346000,1483695000,856605000,1420295000,0,0,467010000,159123000,883890000,53016000,53016000,0.61,None,0.3,9607000,-42310000,47759000,15056000,31015000,43023000,12.41,13.38,11.44,None,None,4.07,3.07,None,0.07,None,0.112,0.4891,None,None,-0.1,1.0884
1993-12-31,87356597,349426388,4,2855091000,888996000,1442747000,813845000,1412344000,0,0,473408000,165757000,None,None,None,None,None,0,None,None,None,None,15959000,0,12.93,13.69,12.16,None,None,4.04,None,None,0,None,0.1174,0.4947,None,None,None,1.0923
