"Quarter end","Shares","Shares split adjusted","Split factor","Assets","Current Assets","Liabilities","Current Liabilities","Shareholders equity","Non-controlling interest","Preferred equity","Goodwill & intangibles","Long-term debt","Revenue","Earnings","Earnings available for common stockholders","EPS basic","EPS diluted","Dividend per share","Cash from operating activities","Cash from investing activities","Cash from financing activities","Cash change during period","Cash at end of period","Capital expenditures","Price","Price high","Price low","ROE","ROA","Book value of equity per share","P/B ratio","P/E ratio","Cumulative dividends per share","Dividend payout ratio","Long-term debt to equity ratio","Equity to assets ratio","Net margin","Asset turnover","Free cash flow per share","Current ratio"
2019-03-31,1904726061,1904726061,1,256809000000,33671000000,100691000000,29951000000,155045000000,1073000000,0,4507000000,26064000000,35200000000,2649000000,2649000000,1.4,1.39,1.19,5057000000,-2028000000,-3835000000,-786000000,9695000000,2820000000,117.01,126.92,107.1,0.0899,0.054,81.4,1.44,15.12,60.83,0.6275,0.1681,0.6037,0.0845,0.64,1.17,1.1242
2018-12-31,1900062760,1900062760,1,253863000000,34021000000,98221000000,27171000000,154554000000,1088000000,0,4518000000,23857000000,42352000000,3730000000,3730000000,1.97,1.95,1.12,9151000000,-4632000000,-4756000000,-260000000,10481000000,7780000000,113.91,127.6,100.22,0.0971,0.0579,81.34,1.42,15.33,59.64,0.5771,0.1544,0.6088,0.0891,0.65,0.72,1.2521
2018-09-30,1910774369,1910774369,1,256606000000,35583000000,101933000000,29183000000,153575000000,1098000000,0,4518000000,29989000000,43987000000,4047000000,4047000000,2.13,2.11,1.12,9569000000,-2227000000,-5276000000,2043000000,10741000000,5778000000,120.97,128.55,113.39,0.094,0.0554,80.37,1.52,19.05,58.52,0.5976,0.1953,0.5985,0.0879,0.63,1.98,1.2193
2018-06-30,1916147100,1916147100,1,257929000000,34256000000,104549000000,31862000000,152198000000,1182000000,0,4518000000,29919000000,42236000000,3409000000,3409000000,1.79,1.78,1.12,6855000000,-2542000000,-3054000000,1181000000,8698000000,5889000000,120.81,131.08,110.54,0.0811,0.0473,79.43,1.54,22.62,57.4,0.6937,0.1966,0.5901,0.0787,0.6,0.5,1.0751
2018-03-31,1910956734,1910956734,1,256442000000,31726000000,104876000000,30630000000,150356000000,1210000000,0,4531000000,31144000000,37764000000,3638000000,3638000000,1.92,1.9,1.12,5043000000,-2889000000,-613000000,1574000000,7517000000,5936000000,120.95,133.88,108.02,0.0687,0.0398,78.68,1.56,24.94,56.28,0.8178,0.2071,0.5863,0.0695,0.57,-0.47,1.0358
2017-12-31,1910253256,1910253256,1,253806000000,28560000000,104487000000,27737000000,148124000000,1195000000,0,4531000000,33571000000,37616000000,3111000000,3111000000,1.65,1.64,1.08,6230000000,-3239000000,-4822000000,-1828000000,4813000000,7159000000,119.38,126.2,112.57,0.0626,0.036,77.54,1.55,34.8,55.16,0.8926,0.2266,0.5836,0.0649,0.55,-0.49,1.0297
2017-09-30,1899373928,1899373928,1,255160000000,29398000000,107249000000,28223000000,146713000000,1198000000,0,4531000000,34075000000,36205000000,1952000000,1952000000,1.03,1.03,1.08,5370000000,-916000000,-2597000000,1879000000,6641000000,4103000000,110.44,118.33,102.55,0.0444,0.0253,77.24,1.43,35.86,54.08,1.26,0.2323,0.575,0.0479,0.53,0.67,1.0416
2017-06-30,1895002689,1895002689,1,254599000000,26626000000,107211000000,27956000000,146203000000,1185000000,0,4543000000,34082000000,34480000000,1450000000,1450000000,0.77,0.77,1.08,5036000000,-2807000000,-4451000000,-2221000000,4762000000,6120000000,106.61,110.67,102.55,0.0399,0.0226,77.15,1.38,69.68,53,1.3992,0.2331,0.5742,0.045,0.5,-0.57,0.9524
2017-03-31,1894556806,1894556806,1,259111000000,29568000000,111321000000,28426000000,146592000000,1198000000,0,4543000000,36959000000,33421000000,2682000000,2682000000,1.43,1.41,1.08,3879000000,-1239000000,-2684000000,-5000000,6983000000,4671000000,112.41,119,105.82,0.0199,0.0112,77.38,1.46,None,51.92,2.7935,0.2521,0.5657,0.0234,0.48,-0.42,1.0402
2016-12-31,1893102970,1893102970,1,260078000000,29619000000,113356000000,31785000000,145556000000,1166000000,0,4581000000,35286000000,31497000000,415000000,415000000,0.22,0.22,1.08,3863000000,-2923000000,-1251000000,-363000000,6988000000,7602000000,109.31,119,99.61,-0.0034,-0.0019,76.89,1.41,None,50.84,None,0.2424,0.5597,None,0.44,-1.98,0.9319
2016-09-30,1887769320,1887769320,1,259863000000,28873000000,111911000000,24744000000,146800000000,1152000000,0,4581000000,39528000000,30140000000,1283000000,1283000000,0.68,0.68,1.07,5311000000,-5263000000,-1465000000,-1413000000,7351000000,7306000000,102.56,107.58,97.53,-0.0101,-0.0057,77.76,1.31,None,49.76,None,0.2693,0.5649,None,0.43,-1.06,1.1669
2016-06-30,1886520448,1886520448,1,261478000000,32471000000,113153000000,24927000000,147163000000,1162000000,0,4581000000,39555000000,29282000000,-1470000000,-1470000000,-0.78,-0.78,1.07,2531000000,-3157000000,830000000,202000000,8764000000,7835000000,98.72,105,92.43,-0.0049,-0.0028,78.01,1.24,143.07,48.69,None,0.2688,0.5628,None,0.44,-2.81,1.3026
2016-03-31,1884702387,1884702387,1,263842000000,31713000000,112366000000,29162000000,150307000000,1169000000,0,4588000000,32709000000,23553000000,-725000000,-725000000,-0.39,-0.39,1.07,1141000000,-5509000000,1911000000,-2460000000,8562000000,10881000000,86.62,97.91,75.33,0.0085,0.0049,79.75,1.07,35.36,47.62,6.223,0.2176,0.5697,0.0102,0.48,-5.17,1.0875
2015-12-31,1883156295,1883156295,1,266103000000,35347000000,112217000000,26464000000,152716000000,1170000000,0,4588000000,33664000000,29247000000,-588000000,-588000000,-0.31,-0.31,1.07,4557000000,-7208000000,756000000,-1911000000,11022000000,14375000000,87.97,98.64,77.31,0.0297,0.0171,81.1,1.07,19.08,46.55,1.7559,0.2204,0.5739,0.0331,0.52,-5.21,1.3357
2015-09-30,1882036704,1882036704,1,268449000000,39819000000,112511000000,30144000000,154912000000,1026000000,0,4588000000,29296000000,34315000000,2037000000,2037000000,1.09,1.09,1.07,5360000000,-6279000000,1887000000,777000000,12933000000,13178000000,83.13,96.67,69.58,0.0557,0.0323,82.31,1.01,12.85,45.48,0.9312,0.1891,0.5771,0.0557,0.58,-4.15,1.321
2015-06-30,1881734623,1881734623,1,266455000000,40738000000,110564000000,28268000000,154669000000,1222000000,0,4588000000,29289000000,40357000000,571000000,571000000,0.3,0.3,1.07,7220000000,-3715000000,-3988000000,-519000000,12156000000,11255000000,104.21,112.2,96.22,0.0785,0.0457,82.19,1.26,11.39,44.41,0.6606,0.1894,0.5805,0.0695,0.66,-2.14,1.4411
2015-03-31,1880477711,1880477711,1,269604000000,41270000000,112603000000,29445000000,155803000000,1198000000,0,4588000000,30025000000,34558000000,2567000000,2567000000,1.38,1.37,1.07,2319000000,-6606000000,4160000000,-110000000,12675000000,14248000000,105.94,113,98.88,0.1115,0.0651,82.85,1.28,10.45,43.34,0.4671,0.1927,0.5779,0.0895,0.73,-6.34,1.4016
2014-12-31,1880180422,1880180422,1,266026000000,42232000000,109835000000,31926000000,155028000000,1163000000,0,4593000000,24028000000,46088000000,3471000000,3471000000,1.86,1.85,1.07,6497000000,-6742000000,-1148000000,-1430000000,12785000000,16435000000,110.16,120.17,100.15,0.1251,0.0732,82.45,1.33,10.14,42.27,0.4142,0.155,0.5828,0.0908,0.81,-5.29,1.3228
2014-09-30,1890424385,1890424385,1,265431000000,47083000000,108124000000,37088000000,156140000000,1167000000,0,4621000000,20044000000,54679000000,5593000000,5593000000,2.97,2.95,1.07,8680000000,-7373000000,-1019000000,256000000,14215000000,15615000000,126.88,135.1,118.66,0.1359,0.0797,82.6,1.57,12.11,41.2,0.3801,0.1284,0.5883,0.0932,0.85,-3.67,1.2695
2014-06-30,1898931825,1898931825,1,262045000000,48920000000,107298000000,36328000000,153581000000,1166000000,0,4621000000,20050000000,57938000000,5665000000,5665000000,3,2.98,1.07,7881000000,-7198000000,-2371000000,-1653000000,13959000000,16594000000,125.03,133.57,116.5,0.1341,0.0785,80.88,1.58,12.17,40.13,0.3873,0.1306,0.5861,0.0888,0.88,-4.59,1.3466
2014-03-31,1903650099,1903650099,1,258238000000,49749000000,106428000000,35652000000,150661000000,1149000000,0,4639000000,20046000000,53265000000,4512000000,4512000000,2.38,2.36,1,8417000000,-8580000000,-461000000,-633000000,15612000000,16885000000,117.29,125.32,109.27,0.1345,0.0787,79.14,1.5,10.58,39.06,0.3881,0.1331,0.5834,0.0877,0.9,-4.45,1.3954
2013-12-31,1909130328,1909130328,1,253753000000,50250000000,103326000000,33018000000,149113000000,1314000000,0,4639000000,20057000000,56158000000,4930000000,4930000000,2.6,2.57,1,10452000000,-9831000000,-1263000000,-769000000,16245000000,22893000000,120.05,125.65,114.44,0.1485,0.0872,78.11,1.59,9.82,38.06,0.3505,0.1345,0.5876,0.0936,0.93,-6.52,1.5219
2013-09-30,1923173013,1923173013,1,247838000000,53503000000,101765000000,33470000000,144779000000,1294000000,0,4640000000,18054000000,58503000000,4950000000,4950000000,2.58,2.57,1,10316000000,-9307000000,-4594000000,-3616000000,17014000000,18888000000,122.53,127.83,117.22,0.1683,0.0987,75.28,1.66,9.93,37.06,0.3096,0.1247,0.5842,0.1018,0.97,-4.46,1.5985
2013-06-30,1932023723,1932023723,1,244048000000,56104000000,99884000000,33413000000,142841000000,1323000000,0,4640000000,18051000000,57369000000,5365000000,5365000000,2.8,2.77,1,8520000000,-8012000000,2841000000,3256000000,20630000000,16627000000,120.76,127.4,114.12,0.1741,0.1022,73.93,1.67,9.13,36.06,0.2989,0.1264,0.5853,0.1033,0.99,-4.2,1.6791
2013-03-31,1938977775,1938977775,1,237410000000,54696000000,95924000000,34685000000,140134000000,1352000000,0,4640000000,12053000000,56818000000,6178000000,6178000000,3.2,3.18,0.9,5714000000,-8459000000,-805000000,-3565000000,17374000000,16271000000,115.15,121.56,108.74,0.1919,0.113,72.27,1.64,8.64,35.06,0.2712,0.086,0.5903,0.1088,1.04,-5.44,1.5769
2012-12-31,1942697787,1942697787,1,232982000000,55720000000,95150000000,34212000000,136524000000,1308000000,0,4640000000,12065000000,60552000000,7245000000,7245000000,3.73,3.7,0.9,12780000000,-10075000000,-3090000000,-374000000,20939000000,19891000000,109.52,118.38,100.66,0.1995,0.1171,70.28,1.61,8.98,34.16,0.2626,0.0884,0.586,0.1082,1.08,-3.66,1.6287
2012-09-30,1957181104,1957181104,1,226864000000,58465000000,92642000000,35669000000,132941000000,1281000000,0,4640000000,10164000000,58044000000,5253000000,5253000000,2.71,2.69,0.9,7730000000,-7242000000,-464000000,104000000,21313000000,14481000000,110.91,118.53,103.29,0.1887,0.1105,67.92,1.67,8.26,33.26,0.2796,0.0765,0.586,0.0997,1.11,-3.45,1.6391
2012-06-30,1962140000,1962140000,1,219379000000,56008000000,88090000000,32656000000,129997000000,1292000000,0,4641000000,9872000000,62608000000,7210000000,7210000000,3.68,3.66,0.9,9915000000,-5506000000,-1965000000,2338000000,21209000000,13258000000,102.26,108.79,95.73,0.214,0.1257,66.25,1.61,7.51,32.36,0.2448,0.0759,0.5926,0.1075,1.17,-1.7,1.7151
2012-03-31,1973178630,1973178630,1,214890000000,55222000000,88564000000,34257000000,125507000000,819000000,0,4641000000,8879000000,60705000000,6471000000,6471000000,3.3,3.27,0.81,8387000000,-1973000000,-3461000000,3007000000,18871000000,11126000000,107.18,112.28,102.08,0.2247,0.1308,63.61,1.75,7.98,31.46,0.2326,0.0707,0.5841,0.1069,1.22,-1.39,1.612
2011-12-31,1976966530,1976966530,1,209474000000,53234000000,87293000000,33600000000,121382000000,799000000,0,4642000000,9812000000,59985000000,5123000000,5123000000,2.6,2.57,0.81,9072000000,-5008000000,-2379000000,1635000000,15864000000,13694000000,98.34,110.01,86.68,0.2299,0.1328,61.4,1.62,7.28,30.65,0.2292,0.0808,0.5795,0.106,1.25,-2.34,1.5843
2011-09-30,1991484388,1991484388,1,204099000000,53025000000,82423000000,32338000000,120891000000,785000000,0,4654000000,9498000000,64432000000,7829000000,7829000000,3.94,3.92,0.78,11522000000,-6060000000,-4509000000,894000000,14229000000,11308000000,98.53,109.75,87.3,0.2397,0.1379,60.7,1.71,8.61,29.84,0.222,0.0786,0.5923,0.1093,1.26,0.11,1.6397
2011-06-30,2002983069,2002983069,1,201717000000,54006000000,85287000000,35220000000,115653000000,777000000,0,4654000000,9618000000,68948000000,7732000000,7732000000,3.88,3.85,0.78,10690000000,-8074000000,-2459000000,186000000,13335000000,15076000000,103.47,109.94,97,0.2125,0.1213,57.74,1.89,10.05,29.06,0.2566,0.0832,0.5733,0.0987,1.23,-2.19,1.5334
2011-03-31,2010270141,2010270141,1,194736000000,50851000000,83886000000,33313000000,110100000000,750000000,0,4655000000,9758000000,60341000000,6211000000,6211000000,3.11,3.09,0.72,9814000000,-8347000000,-2425000000,-911000000,13149000000,9044000000,99.89,109.65,90.12,0.1984,0.1136,54.77,1.91,10.54,28.28,0.2799,0.0886,0.5654,0.0953,1.19,0.38,1.5265
2010-12-31,2007449583,2007449583,1,184769000000,48841000000,78958000000,29012000000,105081000000,730000000,0,4617000000,11289000000,54027000000,5295000000,5295000000,2.65,2.64,0.72,8257000000,-4024000000,-1200000000,3065000000,14060000000,22950000000,86.4,92.39,80.41,0.1892,0.1083,52.35,1.7,10.31,27.56,0.3,0.1074,0.5687,0.0928,1.17,-7.32,1.6835
2010-09-30,2012428494,2012428494,1,177199000000,44483000000,74234000000,26850000000,102243000000,722000000,0,4618000000,10449000000,49718000000,3768000000,3768000000,1.89,1.87,0.72,7982000000,-5307000000,-1246000000,1599000000,10995000000,5431000000,74.51,82.19,66.83,0.1727,0.0985,50.81,1.5,8.84,26.84,0.335,0.1022,0.577,0.0842,1.17,1.27,1.6567
2010-06-30,2010593599,2010593599,1,171746000000,42394000000,71455000000,26013000000,99569000000,722000000,0,4618000000,10098000000,53004000000,5409000000,5409000000,2.71,2.7,0.72,7603000000,-4249000000,-1293000000,2020000000,9396000000,4363000000,75.6,83.41,67.8,0.1787,0.101,49.52,1.59,11.45,26.12,0.3288,0.1014,0.5797,0.0858,1.18,1.61,1.6297
2010-03-31,2008642168,2008642168,1,168932000000,40826000000,72880000000,27566000000,95349000000,703000000,0,4618000000,10083000000,48179000000,4552000000,4552000000,2.28,2.27,0.68,7517000000,-7335000000,-1431000000,-1340000000,7376000000,3728000000,75.32,81.09,69.55,0.1443,0.0803,47.47,1.65,14.35,25.4,0.4091,0.1057,0.5644,0.0719,1.12,1.89,1.481
2009-12-31,2008352638,2008352638,1,164621000000,37216000000,72060000000,26211000000,91914000000,647000000,0,4618000000,10130000000,48676000000,3070000000,3070000000,1.56,1.54,0.68,7020000000,-4649000000,-1270000000,1148000000,8716000000,4923000000,73.89,79.64,68.14,0.1172,0.0647,45.77,1.64,12.07,24.72,0.5091,0.1102,0.5583,0.0611,1.06,1.04,1.4199
2009-09-30,2006267842,2006267842,1,162561000000,35541000000,71339000000,25393000000,90646000000,576000000,0,4619000000,10302000000,46625000000,3831000000,3831000000,1.92,1.92,0.68,6665000000,-3522000000,-2836000000,332000000,7568000000,3469000000,67.02,72.64,61.4,0.1398,0.0764,45.18,1.53,8.33,24.04,0.4285,0.1137,0.5576,0.0732,1.04,1.59,1.3996
2009-06-30,2005512604,2005512604,1,161201000000,34716000000,72721000000,25364000000,87958000000,522000000,0,4619000000,11192000000,40205000000,1745000000,1745000000,0.88,0.87,0.65,3284000000,-3792000000,-1484000000,-1914000000,7236000000,4097000000,68.21,72.67,63.75,0.1881,0.1011,43.86,1.57,6.77,23.36,0.3195,0.1272,0.5456,0.0817,1.24,-0.41,1.3687
2009-03-31,2004671797,2004671797,1,159426000000,34074000000,71610000000,24893000000,87313000000,503000000,0,4619000000,11176000000,36130000000,1837000000,1837000000,0.92,0.92,0.65,2404000000,-4609000000,2044000000,-197000000,9150000000,4790000000,66.91,77.35,56.46,0.2407,0.1269,43.55,1.56,5.75,22.71,0.2554,0.128,0.5477,0.0847,1.5,-1.19,1.3688
2008-12-31,2004559279,2004559279,1,161165000000,36470000000,74517000000,32023000000,86179000000,469000000,0,4619000000,6083000000,45203000000,4895000000,4895000000,2.48,2.41,0.65,5208000000,-5712000000,-656000000,-1289000000,9347000000,5927000000,70.02,82.2,57.83,0.2866,0.1489,42.99,1.64,6.07,22.06,0.2156,0.0706,0.5347,0.0877,1.7,-0.36,1.1389
2008-09-30,2031790705,2031790705,1,165710000000,47347000000,78756000000,39425000000,86743000000,211000000,0,4600000000,6129000000,78867000000,7893000000,7893000000,3.88,3.85,0.65,9113000000,-3536000000,-3035000000,2456000000,10636000000,3277000000,88.29,99.08,77.5,0.2946,0.1517,42.69,2.21,9.36,21.41,0.2116,0.0707,0.5235,0.0827,1.84,2.87,1.2009
2008-06-30,2054471415,2054471415,1,163066000000,49709000000,80798000000,42487000000,82042000000,226000000,0,4629000000,5770000000,82989000000,5975000000,5975000000,2.91,2.9,0.65,7204000000,-4035000000,-3161000000,-28000000,8180000000,4519000000,94.91,103.09,86.74,0.2525,0.1306,39.93,2.49,10.49,20.76,0.2515,0.0703,0.5031,0.0743,1.76,1.31,1.17
2008-03-31,2068386674,2068386674,1,152847000000,41488000000,73641000000,35439000000,78989000000,217000000,0,4630000000,6014000000,65946000000,5168000000,5168000000,2.5,2.48,0.58,8107000000,-3798000000,-3548000000,846000000,8208000000,4452000000,86.06,94.61,77.51,0.2514,0.1318,38.19,2.32,9.84,20.11,0.2542,0.0761,0.5168,0.0802,1.64,1.77,1.1707
2007-12-31,2076680120,2076680120,1,148786000000,39377000000,71698000000,33798000000,76884000000,204000000,0,4637000000,6070000000,61410000000,4875000000,4875000000,2.36,2.3,0.58,7083000000,-5702000000,-1993000000,-588000000,7362000000,5297000000,89.33,94.86,83.79,0.2518,0.1326,37.02,2.52,10.91,19.53,0.2559,0.079,0.5167,0.0846,1.57,0.86,1.1651
2007-09-30,2111441921,2111441921,1,139554000000,37509000000,64610000000,29434000000,74735000000,209000000,0,4679000000,5147000000,55173000000,3718000000,3718000000,1.77,1.75,0.58,5705000000,-3733000000,-5259000000,-3266000000,7950000000,4424000000,87.8,94.84,80.76,0.2437,0.1284,35.4,2.53,10.06,18.95,0.2673,0.0689,0.5355,0.0849,1.51,0.61,1.2743
2007-06-30,2131709691,2131709691,1,139606000000,39823000000,65427000000,30489000000,73970000000,209000000,0,4681000000,5354000000,56094000000,5380000000,5380000000,2.52,2.52,0.58,6499000000,-2453000000,-4687000000,-584000000,11216000000,3697000000,79.53,84.24,74.83,0.2666,0.1393,34.7,2.4,9.72,18.37,0.2441,0.0724,0.5298,0.0915,1.52,1.31,1.3061
2007-03-31,2149237026,2149237026,1,136006000000,37997000000,64546000000,29502000000,71246000000,214000000,0,4691000000,6131000000,48227000000,4715000000,4715000000,2.2,2.18,0.52,5690000000,-2045000000,-2356000000,1307000000,11800000000,3260000000,70.69,74.95,66.43,0.2588,0.1338,33.15,2.22,9.06,17.79,0.2529,0.0861,0.5238,0.0877,1.53,1.13,1.2879
2006-12-31,2157780998,2157780998,1,132628000000,36304000000,63693000000,28409000000,68726000000,209000000,0,4623000000,7679000000,47746000000,3772000000,3772000000,1.77,1.74,0.52,5744000000,-3693000000,-2834000000,-733000000,10493000000,4146000000,69.45,75.97,62.94,0.2545,0.1304,31.85,2.18,8.79,17.27,0.2565,0.1117,0.5182,0.0816,1.6,0.74,1.2779
2006-09-30,2179982547,2179982547,1,134121000000,38424000000,64519000000,29042000000,69375000000,227000000,0,4659000000,8104000000,54212000000,5017000000,5017000000,2.3,2.29,0.52,6726000000,-3258000000,-2360000000,1146000000,11226000000,3441000000,64.36,67.85,60.88,0.2662,0.135,31.82,2.12,8.88,16.75,0.2442,0.1168,0.5173,0.081,1.67,1.51,1.323
2006-06-30,2197987726,2197987726,1,131183000000,36554000000,64277000000,26812000000,66675000000,231000000,0,4700000000,10300000000,53536000000,4353000000,4353000000,1.98,1.97,0.52,6083000000,-2800000000,-3963000000,-623000000,10080000000,3659000000,59.83,62.88,56.78,0.2536,0.1263,30.33,2.05,8.5,16.23,0.2581,0.1545,0.5083,0.0743,1.7,1.1,1.3633
2006-03-31,2216537259,2216537259,1,127731000000,35255000000,62890000000,24686000000,64628000000,213000000,0,4644000000,11921000000,54624000000,3996000000,3996000000,1.81,1.8,0.45,5770000000,-2468000000,-2691000000,660000000,10703000000,2567000000,58.14,62.21,54.08,0.2619,0.1292,29.16,2.07,8.92,15.71,0.256,0.1845,0.506,0.073,1.77,1.45,1.4281
2005-12-31,2226159801,2226159801,1,125833000000,34336000000,63157000000,25011000000,62476000000,200000000,0,4636000000,12131000000,53794000000,4144000000,4144000000,1.88,1.84,0.45,5947000000,-2961000000,-2730000000,235000000,10043000000,3173000000,60.1,64.45,55.75,0.2596,0.1266,28.06,2.25,9.51,15.26,0.2687,0.1942,0.4965,0.0711,1.78,1.25,1.3728
2005-09-30,2244983705,2244983705,1,124809000000,34978000000,64622000000,25527000000,59989000000,198000000,0,3591000000,12577000000,54456000000,3594000000,3594000000,1.65,1.64,0.45,5545000000,-6395000000,-1638000000,-2509000000,9808000000,2354000000,61.06,65.77,56.36,0.2681,0.1298,26.72,2.63,9.86,14.81,0.2709,0.2097,0.4806,0.0716,1.81,1.42,1.3702
2005-06-30,2083964951,2083964951,1,99040000000,33943000000,50505000000,20627000000,48382000000,153000000,0,0,10622000000,48343000000,3684000000,3684000000,1.77,1.76,0.45,4867000000,-1516000000,-1646000000,1630000000,12317000000,1864000000,54.92,59.34,50.51,0.285,0.1372,23.22,2.48,8.62,14.36,0.2666,0.2195,0.4885,0.075,1.83,1.44,1.6456
2005-03-31,2098220174,2098220174,1,95803000000,31159000000,49211000000,19674000000,46427000000,165000000,0,0,10422000000,41607000000,2677000000,2677000000,1.28,1.28,0.4,3746000000,-689000000,-1654000000,1396000000,10687000000,1310000000,56.31,62.08,50.55,0.3073,0.1459,22.13,2.63,8.95,13.91,0.2459,0.2245,0.4846,0.0823,1.77,1.16,1.5838
2004-12-31,2104440278,2104440278,1,93208000000,28503000000,47978000000,18795000000,45058000000,172000000,0,0,10456000000,42718000000,3440000000,3440000000,1.67,1.64,0.4,3541000000,-2381000000,-2049000000,-746000000,9291000000,1944000000,53.53,56.07,50.99,0.3204,0.149,21.41,2.66,9.78,13.51,0.2437,0.2321,0.4834,0.0858,1.74,0.76,1.5165
2004-09-30,2118612197,2118612197,1,91020000000,28820000000,48178000000,19562000000,42645000000,197000000,0,0,10818000000,40715000000,3201000000,3201000000,1.51,1.51,0.4,3218000000,278000000,-1813000000,1698000000,10037000000,1392000000,50.35,54.49,46.21,0.2954,0.1343,20.13,2.63,10.12,13.11,0.2742,0.2537,0.4685,0.0813,1.65,0.86,1.4733
2004-06-30,1065074416,2130148832,2,88563000000,26045000000,47537000000,18991000000,40834000000,192000000,0,0,10322000000,38301000000,4125000000,4125000000,3.88,3.88,0.73,4454000000,-415000000,-1484000000,2481000000,8339000000,1620000000,45.73,47.5,43.95,0.2778,0.1236,19.17,2.59,12.08,12.71,0.3001,0.2528,0.4611,0.078,1.58,1.33,1.3714
2004-03-31,1070053283,2140106566,2,85107000000,22845000000,46941000000,17847000000,37869000000,297000000,0,0,10880000000,33566000000,2562000000,2562000000,2.41,2.4,0.73,3477000000,-981000000,-878000000,1592000000,5858000000,1354000000,43.85,45.71,41.99,0.2207,0.0959,17.69,2.6,12.56,12.35,0.3926,0.2873,0.445,0.0633,1.51,0.99,1.28
2003-12-31,1069736866,2139473732,2,81470000000,19426000000,45175000000,16111000000,36027000000,268000000,0,0,10894000000,30465000000,1735000000,1735000000,1.66,1.65,0.73,2552000000,-1245000000,-1477000000,-117000000,4266000000,1714000000,39.53,43.49,35.57,0.2107,0.0891,16.84,2.42,12.79,11.98,0.4229,0.3024,0.4422,0.0594,1.5,0.39,1.2058
2003-09-30,1068958980,2137917960,2,81311000000,19153000000,46067000000,16261000000,34977000000,267000000,0,0,11411000000,30970000000,1975000000,1975000000,2.02,2.02,0.73,2658000000,-673000000,-680000000,1291000000,4383000000,1289000000,36.15,37.28,35.02,0.1931,0.0798,16.36,2.29,21.84,11.62,0.4726,0.3262,0.4302,0.0541,1.48,0.64,1.1778
2003-06-30,1068768509,2137537018,2,80586000000,18355000000,46485000000,16515000000,33784000000,317000000,0,0,11577000000,29361000000,1600000000,1600000000,1.51,1.5,0.7,3773000000,-1310000000,-3199000000,-712000000,3092000000,1321000000,34.59,38.11,31.06,0.1088,0.0446,15.81,2.27,31.45,11.25,0.8499,0.3427,0.4192,0.0312,1.43,1.15,1.1114
2003-03-31,1068334996,2136669992,2,81302000000,19519000000,48489000000,19400000000,32491000000,322000000,0,0,11179000000,30965000000,1920000000,1920000000,1.81,1.81,0.7,3332000000,-844000000,-1673000000,847000000,3804000000,1301000000,32.92,35.2,30.65,0.0721,0.0298,15.21,2.25,61.53,10.9,1.2854,0.3441,0.3996,0.0214,1.39,0.95,1.0061
2002-12-31,1068317395,2136634790,2,77359000000,17776000000,45755000000,19876000000,31301000000,303000000,0,0,10911000000,27058000000,904000000,904000000,0.85,0.85,0.7,3182000000,-2016000000,-979000000,190000000,2957000000,2039000000,35.21,37.72,32.7,0.0347,0.0146,14.65,2.36,None,10.55,2.6417,0.3486,0.4046,0.0114,1.28,0.53,0.8943
2002-09-30,1068156809,2136313618,2,76447000000,17775000000,44326000000,18684000000,31823000000,298000000,0,0,11337000000,25503000000,-904000000,-904000000,-0.85,-0.85,0.7,3079000000,-1914000000,-1059000000,115000000,2767000000,1977000000,38.64,44.47,32.82,-0.0173,-0.0074,14.9,2.47,104.43,10.2,None,0.3563,0.4163,None,1.82,0.52,0.9513
2002-06-30,1068073461,2136146922,2,77642000000,17704000000,43886000000,20042000000,33470000000,286000000,0,0,9698000000,25333000000,407000000,407000000,0.39,0.39,0.7,2607000000,-1671000000,-1818000000,-873000000,2652000000,1736000000,43.65,45.52,41.77,0.0483,0.0215,15.67,2.75,36.37,9.85,1.7778,0.2898,0.4311,0.0117,1.83,0.41,0.8833
2002-03-31,1067468322,2134936644,2,78670000000,18512000000,44547000000,22082000000,33831000000,292000000,0,0,8672000000,21155000000,725000000,725000000,0.68,0.68,0.7,1073000000,554000000,-213000000,1408000000,3525000000,1845000000,43.1,45.8,40.4,0.0856,0.0394,15.85,2.73,20.48,9.5,0.9654,0.2563,0.43,0.021,1.88,-0.36,0.8383
2001-12-31,1067200937,2134401874,2,77572000000,18327000000,43614000000,20654000000,33675000000,283000000,0,0,8989000000,69032000000,-804000000,-804000000,-2.15,-2.15,0.7,4622000000,-5597000000,-734000000,-1732000000,2117000000,6497000000,43.94,46.88,41,0.1313,0.0629,15.78,2.45,10.15,9.15,0.608,0.2669,0.4341,0.0309,2.03,-0.88,0.8873
2001-09-30,642482348,1284964696,2,44529000000,9937000000,21526000000,8144000000,23003000000,0,0,0,5065000000,11909000000,1168000000,1168000000,1.82,1.82,0.65,1980000000,-908000000,-543000000,522000000,3417000000,882000000,43.05,46.8,39.3,0.2586,0.1294,17.9,2.49,9.37,8.8,0.2988,0.2202,0.5166,0.1098,1.18,0.85,1.2202
2001-06-30,642457432,1284914864,2,44055000000,9657000000,21831000000,8834000000,22224000000,0,0,0,4635000000,13006000000,1324000000,1324000000,2.06,2.05,0.65,2352000000,-1019000000,-755000000,580000000,2895000000,998000000,45.77,49.24,42.3,0.2891,0.1402,17.3,2.76,10.34,8.48,0.2805,0.2086,0.5045,0.1132,1.24,1.05,1.0932
2001-03-31,641498989,1282997978,2,42817000000,9211000000,21567000000,8463000000,21250000000,0,0,0,4804000000,12298000000,1600000000,1600000000,2.49,2.49,0.65,2503000000,-2018000000,-63000000,419000000,2315000000,1336000000,42.97,46.73,39.22,0.2913,0.1374,16.56,2.77,10.81,8.15,0.2918,0.2261,0.4963,0.1089,1.26,0.91,1.0884
2000-12-31,641094523,1282189046,2,41264000000,8213000000,21339000000,7674000000,19925000000,0,0,0,5153000000,13654000000,1494000000,1494000000,2.31,2.3,0.65,2251000000,-361000000,-1338000000,554000000,1896000000,900000000,41.78,44.47,39.09,0.2744,0.1253,15.54,2.83,12.16,7.83,0.3244,0.2586,0.4829,0.0995,1.26,1.05,1.0702
2000-09-30,641816765,1283633530,2,41646000000,8671000000,22730000000,8260000000,18916000000,0,0,0,5359000000,13586000000,1531000000,1531000000,2.36,2.35,0.65,2664000000,-625000000,-1800000000,240000000,1342000000,970000000,42.3,46.16,38.44,0.2452,0.1091,14.74,2.95,15.67,7.5,0.3757,0.2833,0.4542,0.091,1.2,1.32,1.0498
2000-06-30,652667695,1305335390,2,41378000000,8566000000,22628000000,8396000000,18750000000,0,0,0,5366000000,13191000000,1116000000,1116000000,1.71,1.71,0.65,2451000000,-769000000,-1765000000,-83000000,1102000000,906000000,44.3,47.44,41.16,0.1978,0.0869,14.36,3.21,21,7.18,0.4714,0.2862,0.4531,0.0771,1.13,1.18,1.0202
2000-03-31,651969658,1303939316,2,41249000000,8517000000,23244000000,9083000000,18005000000,0,0,0,5400000000,11698000000,1044000000,1044000000,1.59,1.59,0.65,1296000000,-665000000,-790000000,-160000000,1185000000,881000000,41.05,47.13,34.97,0.1586,0.0694,13.81,3.03,26.23,6.85,0.5924,0.2999,0.4365,0.067,1.04,0.32,0.9377
1999-12-31,654870769,1309741538,2,40668000000,8297000000,22919000000,8889000000,17749000000,0,0,0,5485000000,10979000000,809000000,809000000,1.24,1.22,0.65,847000000,-286000000,82000000,642000000,1345000000,877000000,45.08,48.47,41.69,0.1193,0.0527,13.55,3.42,56.35,6.53,0.7855,0.309,0.4364,0.0566,0.93,-0.02,0.9334
1999-09-30,656265612,1312531224,2,40153000000,7335000000,22833000000,9841000000,17320000000,0,0,0,4857000000,10177000000,582000000,582000000,0.88,0.88,0.61,1644000000,-1447000000,-249000000,-49000000,703000000,1848000000,46.59,50.41,42.78,0.0618,0.0278,13.2,3.56,65.62,6.2,1.5054,0.2804,0.4314,0.0323,0.86,-0.16,0.7454
1999-06-30,655985275,1311970550,2,38402000000,7157000000,21256000000,9347000000,17146000000,0,0,0,4319000000,8741000000,350000000,350000000,0.54,0.53,0.61,1199000000,-571000000,-412000000,214000000,752000000,844000000,47.83,52.47,43.19,0.0546,0.0252,13.07,3.65,54.05,5.9,1.6965,0.2519,0.4465,0.031,0.81,0.27,0.7657
1999-03-31,655349740,1310699480,2,37766000000,6459000000,20576000000,7991000000,17190000000,0,0,0,4338000000,6689000000,329000000,329000000,0.5,0.5,0.61,791000000,-776000000,-47000000,-31000000,538000000,797000000,40.86,45.16,36.56,0.0672,0.0318,13.12,3.13,40.26,5.59,1.366,0.2524,0.4552,0.0395,0.8,-0,0.8083
1998-12-31,653334751,1306669502,2,36540000000,6297000000,19506000000,7166000000,17034000000,0,0,0,4393000000,7257000000,-199000000,-199000000,-0.31,-0.31,0.61,893000000,-1492000000,26000000,-583000000,569000000,1101000000,41.95,44.72,39.19,0.0768,0.0369,13.04,3.11,22.86,5.29,1.191,0.2579,0.4662,0.0438,0.84,-0.16,0.8787
1998-09-30,652444181,1304888362,2,36570000000,6839000000,18980000000,7664000000,17590000000,0,0,0,4309000000,7678000000,461000000,461000000,0.7,0.7,0.61,1502000000,-886000000,-652000000,-33000000,1152000000,1074000000,40.5,44.5,36.5,0.1375,0.067,13.48,3,19.85,4.98,0.6528,0.245,0.481,0.0719,0.93,0.33,0.8924
1998-06-30,654432458,1308864916,2,36176000000,6879000000,18502000000,7305000000,17674000000,0,0,0,4349000000,7969000000,577000000,577000000,0.88,0.88,0.61,1016000000,-916000000,-180000000,-80000000,1185000000,975000000,41.05,43.41,38.69,0.1538,0.075,13.5,3.07,18.41,4.68,0.5816,0.2461,0.4886,0.074,1.01,0.03,0.9417
1998-03-31,654049373,1308098746,2,35850000000,7064000000,18373000000,7230000000,17477000000,0,0,0,4362000000,7653000000,500000000,500000000,0.77,0.76,0.61,320000000,-565000000,498000000,250000000,1265000000,730000000,39.48,45.09,33.88,0.1707,0.0825,13.36,2.95,15.89,4.37,0.526,0.2496,0.4875,0.076,1.09,-0.31,0.977
1997-12-31,653402530,1306805060,2,35473000000,7006000000,18001000000,6946000000,17472000000,0,0,0,4431000000,10255000000,875000000,875000000,1.33,None,0.58,1034000000,-454000000,-565000000,24000000,1015000000,1230000000,40.09,44.44,35.75,0.1938,0.0925,13.37,3.09,18.43,4.07,0.4584,0.2536,0.4925,0.0776,1.19,-0.15,1.0086
1997-09-30,656752639,1313505278,2,35471000000,7241000000,18418000000,7325000000,17053000000,0,0,0,4464000000,10328000000,727000000,727000000,1.11,None,0.58,1176000000,-1053000000,-391000000,-289000000,991000000,1009000000,40.67,44.59,36.75,0.1741,0.0812,12.98,3.22,19.18,3.78,0.5154,0.2618,0.4808,0.0658,1.23,0.13,0.9885
1997-06-30,654696014,1309392028,2,34957000000,7425000000,18411000000,8270000000,16546000000,0,0,0,3553000000,10274000000,823000000,823000000,1.26,None,0.58,1343000000,-730000000,-720000000,-105000000,1280000000,948000000,34.76,38.63,30.88,0.1738,0.0793,12.64,2.81,16.09,3.49,0.5185,0.2147,0.4733,0.0631,1.26,0.3,0.8978
1997-03-31,653464995,1306929990,2,34917000000,7701000000,18774000000,8352000000,16143000000,0,0,0,3918000000,11093000000,831000000,831000000,1.27,None,0.54,1030000000,-326000000,-202000000,493000000,1385000000,712000000,34.03,36.31,31.75,0.1807,0.0809,12.35,2.85,17.06,3.2,0.4906,0.2427,0.4623,0.0632,1.28,0.24,0.9221
1996-12-31,653357949,1306715898,2,34854000000,7942000000,19231000000,8907000000,15623000000,0,0,0,3988000000,11511000000,464000000,464000000,0.71,None,0.54,2010000000,-1087000000,-1126000000,-199000000,892000000,1060000000,32.14,34.16,30.13,0.171,0.075,11.96,2.71,24.35,2.93,0.5208,0.2553,0.4482,0.0594,1.26,0.73,0.8917
1996-09-30,652422323,1304844646,2,35079000000,8249000000,19583000000,9243000000,15496000000,0,0,0,4023000000,11049000000,655000000,655000000,1,None,0.54,1020000000,-655000000,-325000000,39000000,1091000000,831000000,29.82,31.69,27.94,0.1155,0.0498,11.88,2.56,28.67,2.66,0.7718,0.2596,0.4417,0.0415,1.2,0.14,0.8925
1996-06-30,652748141,1305496282,2,34658000000,8298000000,19460000000,9168000000,15198000000,0,0,0,4042000000,10997000000,872000000,872000000,1.34,None,0.5,1664000000,-720000000,-871000000,72000000,1052000000,877000000,29.16,31.06,27.25,0.0911,0.0391,11.64,2.59,34.92,2.39,0.9653,0.266,0.4385,0.034,1.15,0.6,0.9051
1996-03-31,652647311,1305294622,2,34369000000,7920000000,19693000000,9329000000,14676000000,0,0,0,4274000000,10336000000,616000000,616000000,0.94,None,0.5,1103000000,-140000000,-600000000,359000000,980000000,656000000,27.47,29.44,25.5,0.0731,0.0313,11.24,2.5,38.42,2.14,1.1779,0.2912,0.427,0.0283,1.11,0.34,0.849
1995-12-31,652640311,1305280622,2,34330000000,7867000000,19975000000,9445000000,14355000000,0,0,0,4521000000,9157000000,-418000000,-418000000,-0.64,None,0.5,1344000000,-1279000000,-225000000,-162000000,621000000,1101000000,24.93,26.81,23.06,0.0623,0.0268,11,2.15,16.46,1.89,1.3501,0.3149,0.4181,0.0251,1.07,0.19,0.8329
1995-09-30,652234000,1304468000,2,34848000000,7587000000,19717000000,8798000000,15131000000,0,0,0,4472000000,9314000000,282000000,282000000,0.44,None,0.5,960000000,-673000000,-318000000,-41000000,783000000,844000000,24.25,25.19,23.31,0.1315,0.0568,11.6,2.07,14.97,1.64,0.6236,0.2956,0.4342,0.053,1.07,0.09,0.8624
1995-06-30,652052672,1304105344,2,35290000000,7971000000,19998000000,9140000000,15292000000,0,0,0,4451000000,9567000000,607000000,607000000,0.93,None,0.4625,1207000000,-620000000,-371000000,216000000,824000000,852000000,23.5,24.88,22.13,0.143,0.0608,11.73,2.05,17.41,1.39,0.5697,0.2911,0.4333,0.0566,1.08,0.27,0.8721
1995-03-31,651978238,1303956476,2,34344000000,7248000000,19418000000,8998000000,14926000000,0,0,0,4080000000,9044000000,459000000,459000000,0.7,None,0.4625,564000000,-232000000,-139000000,195000000,608000000,732000000,22.97,24.25,21.69,0.1216,None,11.45,2.05,17.67,1.16,0.6827,0.2733,0.4346,0.0482,1.05,-0.13,0.8055
1994-12-31,651937188,1303874376,2,34407000000,7591000000,19811000000,9392000000,14596000000,0,0,0,4128000000,9257000000,623000000,623000000,0.96,None,0.46,1296000000,-1421000000,-730000000,-862000000,413000000,1296000000,21.88,23.25,20.5,0.1182,None,11.19,1.99,None,0.92,0.7112,0.2828,0.4242,0.0472,1.03,0,0.8082
1994-09-30,651670433,1303340866,2,34994000000,8711000000,20677000000,10063000000,14317000000,0,0,0,4129000000,9509000000,425000000,425000000,0.65,None,0.4625,587000000,-529000000,16000000,72000000,1275000000,702000000,21.32,22.69,19.94,None,None,10.98,1.96,None,0.69,None,0.2884,0.4091,None,None,-0.09,0.8656
1994-06-30,651683110,1303366220,2,35376000000,8997000000,21188000000,11314000000,14188000000,0,0,0,3877000000,8824000000,257000000,257000000,0.39,None,0.4625,513000000,-672000000,166000000,2000000,1203000000,738000000,22.61,24.59,20.63,None,None,10.89,2.08,None,0.46,None,0.2733,0.4011,None,None,-0.17,0.7952
1994-03-31,651664236,1303328472,2,34518000000,8277000000,20338000000,10437000000,14180000000,0,0,0,3882000000,8264000000,388000000,388000000,0.6,None,0.4625,500000000,-597000000,-349000000,-443000000,1201000000,669000000,22.13,23.66,20.59,None,None,10.88,2.06,None,0.23,None,0.2738,0.4108,None,None,-0.13,0.793
1993-12-31,325825185,1303300740,4,34736000000,8682000000,20739000000,10606000000,13997000000,0,0,0,4082000000,None,None,None,None,None,0,None,None,None,None,1644000000,0,22.79,24.69,20.88,None,None,10.74,None,None,0,None,0.2916,0.403,None,None,None,0.8186
