"Quarter end","Shares","Shares split adjusted","Split factor","Assets","Current Assets","Liabilities","Current Liabilities","Shareholders equity","Non-controlling interest","Preferred equity","Goodwill & intangibles","Long-term debt","Revenue","Earnings","Earnings available for common stockholders","EPS basic","EPS diluted","Dividend per share","Cash from operating activities","Cash from investing activities","Cash from financing activities","Cash change during period","Cash at end of period","Capital expenditures","Price","Price high","Price low","ROE","ROA","Book value of equity per share","P/B ratio","P/E ratio","Cumulative dividends per share","Dividend payout ratio","Long-term debt to equity ratio","Equity to assets ratio","Net margin","Asset turnover","Free cash flow per share","Current ratio"
2019-06-29,3781339,3781339,1,46156100,21175900,59986500,12085000,-13830400,0,0,607500,37739700,17404200,7301900,7301900,1.94,1.79,0.25,9548000,-3991500,-5522100,34400,1166200,3991500,178.49,194.85,162.13,None,0.6436,-3.66,None,25.79,12.73,0.0827,None,None,0.4254,1.51,1.47,1.7522
2019-03-30,3761686,3761686,1,46831800,20976700,68326900,14109100,-21495100,0,0,607500,49733200,18331200,7272200,7272200,1.86,1.73,0.11,14166000,-1840100,-13770100,-1444200,1131800,1840100,171.83,190.97,152.7,None,0.6315,-5.71,None,24.98,12.48,0.0712,None,None,0.4188,1.51,3.28,1.4867
2018-12-29,3909186,3909186,1,46663100,24251300,51471600,12483300,-4808500,0,0,607500,28328400,17071800,7657800,7657800,1.96,1.45,0.15,7318400,4842600,-10827200,1333800,2576000,3106100,154.83,165.3,144.36,None,0.6221,-1.23,None,21.27,12.37,0.0722,None,None,0.4155,1.5,1.08,1.9427
2018-09-29,3901202,3901202,1,50494500,21771400,62203200,13125600,-11708700,0,0,607500,48978500,19118500,8364300,8364300,2.15,2.01,0.15,9225500,-2033000,-7288200,-95700,1242200,7498300,164.1,187.1,141.1,None,0.6165,-3,None,24.86,12.22,0.0668,None,None,0.4113,1.5,0.44,1.6587
2018-06-30,3868526,3868526,1,48817000,20801900,69574800,12874900,-20757800,0,0,607500,45623000,18159800,7143000,7143000,1.85,1.73,0.15,8094200,-1869700,-6792200,-567700,1337900,6826900,141,153.7,128.3,None,0.5721,-5.37,None,22.89,12.07,0.0672,None,None,0.3833,1.49,0.33,1.6157
2018-03-31,3849506,3849506,1,47724800,19828600,76361900,12065700,-28637100,0,0,607500,52632000,18161000,6960400,6960400,1.81,1.69,0.11,10298900,-486000,-9070500,742400,1905600,6367000,133.88,144.1,123.65,None,0.5487,-7.44,None,23.53,11.92,0.0663,None,None,0.3715,1.48,1.02,1.6434
2017-12-30,3849506,3849506,1,48404800,21365200,79083000,9453400,-30678200,0,0,607500,64241000,17804700,7656500,7656500,2.01,1.85,0.11,5919400,-903000,-5003900,12500,1073200,6168700,130.3,139.05,121.55,None,0.5171,-7.97,None,24.82,11.81,0.0702,None,None,0.3522,1.47,-0.06,2.2601
2017-09-30,3821528,3821528,1,47178400,21773700,86568100,9266100,-39389700,0,0,607500,71550100,17567900,5719000,5719000,1.42,1.33,0.11,5842200,582200,-6435600,-11200,1060700,5730600,130.8,136.9,124.7,None,0.4853,-10.31,118.91,24.54,11.7,0.0745,None,None,0.3329,1.46,0.03,2.3498
2017-07-01,4215528,4215528,1,47038400,21281800,42407000,7584300,4631400,0,0,607500,29031500,16749500,5773200,5773200,1.37,1.29,0.11,4662400,641300,-5955200,-651500,1071900,6051700,124.88,137.75,112,None,0.5029,1.1,None,23.61,11.59,0.0729,6.2684,0.0985,0.3425,1.47,-0.33,2.806
2017-04-01,4169769,4169769,1,47396000,20801800,49677700,8357200,-2281700,0,0,607500,35629000,17623800,5416400,5416400,1.3,1.22,0.1,8733700,-235300,-8027900,470500,1723400,7524800,118.7,127.5,109.9,None,0.5062,-0.55,None,23.14,11.48,0.0718,None,None,0.3392,1.49,0.29,2.4891
2016-12-31,4169769,4169769,1,48581600,22793800,56433600,7357800,-7852000,0,0,607500,43326500,17365900,6166200,6166200,1.49,1.41,0.1,5726000,-4543800,-1050200,132000,1252900,9800700,117.81,133.08,102.55,None,0.4975,-1.88,None,23.42,11.38,0.0688,None,None,0.3337,1.49,-0.98,3.0979
2016-09-24,4122037,4122037,1,43495700,20970200,59213300,7425100,-15717600,0,0,607500,45624000,16734300,6094200,6094200,1.48,1.41,0.1,6780100,-586600,-6131400,62100,1120900,5861900,100.81,109.49,92.12,None,0.4892,-3.81,None,20.79,11.28,0.0644,None,None,0.3281,1.49,0.22,2.8242
2016-06-25,4109760,4109760,1,42817800,20796900,64744600,7169300,-21926800,0,0,607500,51421500,16299800,5394300,5394300,1.31,1.25,0.1,2549400,1303600,-4007200,-154200,1058800,5862700,96.63,102,91.26,None,0.4636,-5.34,None,21.01,11.18,0.0609,None,None,0.3202,1.45,-0.81,2.9008
2016-03-26,4110805,4110805,1,43755500,21942900,71013500,9946200,-27258000,0,0,607500,54919000,16180300,4562900,4562900,1.11,1.06,0.07,10606800,606100,-11006600,206300,1213000,4754400,94.57,101.41,87.73,None,0.4433,-6.63,None,20.08,11.08,0.0568,None,None,0.3144,1.41,1.42,2.2062
2015-12-26,4108930,4108930,1,47406300,24431300,78080100,7510900,-30673800,0,0,607500,64316500,16947500,5654400,5654400,1.37,1.31,0.07,4135900,867000,-5056900,-54000,1006700,3688500,93.3,103.91,82.69,None,0.4625,-7.47,None,20.78,11.01,0.0535,None,None,0.3139,1.47,0.11,3.2528
2015-09-26,4128031,4128031,1,46774600,22534200,82786400,11398300,-36011800,0,0,607500,68603200,15999500,5339600,5339600,1.29,1.23,0.07,5363600,-1734600,-3689100,-60100,1060700,7133300,101.48,108.28,94.68,None,0.4443,-8.72,None,23.33,10.94,0.0541,None,None,0.3168,1.4,-0.43,1.977
2015-06-27,4128031,4128031,1,45289800,23335100,86767700,11855400,-41477900,0,0,677500,72000300,15476700,4751400,4751400,1.04,1,0.07,1052500,3860800,-5952800,-1039500,1120800,3579100,94.75,105.09,84.42,None,0.4429,-10.05,17.04,22.72,10.87,0.0539,None,None,0.319,1.39,-0.61,1.9683
2015-03-28,4999594,4999594,1,49073800,23403200,21259100,17766500,27814700,0,0,677500,0,21024100,6054300,6054300,1.21,1.17,0.06,11747500,1506300,-13183200,70600,2160300,7925800,84.05,89.08,79.02,None,0.422,5.56,19.46,21.77,10.8,0.0558,0,0.5668,0.3188,1.32,0.76,1.3173
2014-12-27,4999594,4999594,1,54727800,28441100,33118300,28997200,21609500,0,0,677500,25800,16182800,5610800,5610800,1.13,1.09,0.06,2557300,-725400,-1757400,74500,2089700,6182000,79.11,85.9,72.31,None,0.3965,4.32,24.88,21.73,10.74,1.3339,0.0012,0.3949,0.328,1.21,-0.72,0.9808
2014-09-27,4997512,4997512,1,49941300,24624200,34069400,31334300,15871900,0,0,677500,94300,16404400,5623000,5623000,1.12,1.09,0.06,7829800,-180900,-7778400,-129500,2015200,6324000,69.74,75.4,64.08,0.8978,0.3795,3.18,24.13,19.65,10.68,1.4035,0.0059,0.3178,0.324,1.17,0.3,0.7859
2014-06-28,5048465,5048465,1,50715400,26316600,36117200,32801800,14598200,0,0,677500,149600,14038900,4280800,4280800,0.84,0.82,0.06,598700,-3726600,2860800,-267100,2144700,8865600,71.37,78.54,64.19,0.7304,0.3734,2.89,22.51,20.05,10.62,1.4291,0.0102,0.2878,0.3267,1.14,-1.64,0.8023
2014-03-29,5121458,5121458,1,47028900,22104300,30808500,26448200,16220400,0,0,677500,204300,14552600,4551900,4551900,0.88,0.86,5.05,6997200,-2417100,-12810900,-8230800,2411800,6628200,83.84,93.68,74,0.6533,0.3881,3.17,11.33,24.09,10.56,1.4221,0.0126,0.3449,0.3277,1.18,0.07,0.8358
2013-12-28,5153155,5153155,1,53036100,30675000,14891400,10507500,38144700,0,0,677500,277400,13767400,4585700,4585700,0.9,0.87,0.05,4611200,-2178300,-38300,2394600,10642600,5978600,81.95,94.2,69.7,0.606,0.3886,7.4,12.65,27.87,5.51,0.053,0.0073,0.7192,0.3271,1.19,-0.27,2.9193
2013-09-28,5135961,5135961,1,49245200,27219300,15964500,10328200,33280700,0,0,677500,382700,14791900,5251500,5251500,1.03,1,0.05,7361100,27100,-1181500,6206700,8248000,4801900,69.48,75.91,63.06,0.6154,0.3458,6.48,12.96,25.17,5.46,0.059,0.0115,0.6758,0.2797,1.24,0.5,2.6354
2013-06-29,5044484,5044484,1,43715700,20828300,16701300,11336100,27014400,0,0,677500,445200,14023500,4336900,4336900,0.86,0.83,0.05,2953600,-1645100,-1458700,-150200,2041300,5615900,60.14,65.3,54.98,0.6869,0.335,5.36,13.73,23.31,5.41,0.0591,0.0165,0.618,0.2616,1.28,-0.53,1.8373
2013-03-30,5000585,5000585,1,41676600,18585800,19776300,14715400,21900300,0,0,677500,180700,13148400,4057500,4057500,0.81,0.78,0.04,6723000,-196800,-6568100,-41900,2191500,4727100,60.14,64.72,55.57,0.7509,0.3156,4.38,16.75,24.35,5.36,0.0594,0.0083,0.5255,0.2531,1.25,0.4,1.263
2012-12-29,4999647,4999647,1,43538800,18934700,25610800,20513200,17928000,0,0,677500,177900,13118200,1758000,1758000,0.35,0.33,0.04,3500100,-2456100,-1059800,-15800,2233400,6527200,55.69,61.56,49.81,0.8096,0.3073,3.59,16.24,18.94,5.32,2.0198,0.0099,0.4118,0.2491,1.23,-0.61,0.923
2012-09-29,4986539,4986539,1,43142000,15355300,26056600,20462900,17085400,0,0,677500,658600,14799100,4259500,4259500,0.85,0.82,0.04,6381600,-2210600,-3959100,211900,2249200,6471900,55.17,60.94,49.4,0.7578,0.356,3.43,18.64,19.85,5.28,1.6977,0.0385,0.396,0.2952,1.21,-0.02,0.7504
2012-06-30,5026698,5026698,1,42465300,16307000,27579800,22043300,14885500,0,0,677500,542900,12192400,3404400,3404400,0.67,0.65,0.04,3758000,-2712700,-1101400,-56100,2037300,6620300,53.91,60.4,47.43,0.6184,0.3387,2.96,19.53,19.39,5.24,1.7845,0.0365,0.3505,0.2975,1.14,-0.57,0.7398
2012-03-31,5075954,5075954,1,39285800,15347600,25261600,20298500,14024200,0,0,677500,0,11833400,3516000,3516000,0.7,0.67,5.03,4532600,1229600,-12688900,-6926700,2093400,4361700,63.42,71.49,55.35,0.5474,0.3439,2.76,9.16,23.58,5.2,1.7815,0,0.357,0.2801,1.23,0.03,0.7561
2011-12-31,5075954,5075954,1,47745700,23674000,12637000,7779000,35108700,0,0,677500,0,13231800,4185000,4185000,0.84,0.8,0.03,5161500,-315600,277700,5123600,9020100,4829600,50.91,58.75,43.07,0.4833,0.3292,6.92,8.35,20.45,0.17,0.039,0,0.7353,0.2746,1.2,0.07,3.0433
2011-09-24,4972081,4972081,1,42779400,19145000,12425900,9265100,30353500,0,0,677500,2400,11773500,3483500,3483500,0.7,0.66,0.03,4151200,-937000,-353700,2860500,3896500,4656300,43.97,49,38.93,0.4984,0.3147,6.1,8.07,18.79,0.14,0.0382,0.0001,0.7095,0.2682,1.17,-0.1,2.0664
2011-06-25,4971456,4971456,1,39838700,15288200,12744700,9460600,27094000,0,0,677500,9300,15224800,3400200,3400200,0.68,0.65,0.03,3570300,-813900,-4088000,-1331600,1036000,11028100,41.42,47.85,35,0.5218,0.292,5.45,8.56,19.36,0.11,0.0367,0.0003,0.6801,0.2559,1.14,-1.5,1.616
2011-03-26,4983165,4983165,1,40876700,17062900,16775000,11403000,24101700,0,0,677500,0,11104900,3026300,3026300,0.61,0.58,0.02,7704800,-186300,-7408000,110500,2367600,32400,36.78,43,30.56,0.5352,0.2466,4.84,7.96,18.58,0.08,0.0358,0,0.5896,0.2631,0.94,1.54,1.4964
2010-12-25,4977238,4977238,1,42122000,18879300,19109000,15284200,23013000,0,0,677500,0,10474400,3119200,3119200,0.61,0.6,0.02,4629300,2027200,-6568800,87700,2257100,232300,33.28,35.18,31.38,0.5396,0.2094,4.62,8.51,19.93,0.06,0.029,0,0.5463,0.2507,0.84,0.88,1.2352
2010-09-25,5011862,5011862,1,44749800,23850700,25170300,22032500,19579500,0,0,677500,0,11007300,2690000,2690000,0.54,0.51,0.02,1166100,984600,-10617100,-8466400,2169400,27300,32.31,35.5,29.13,0.5034,0.1636,3.91,9.62,21.68,0.04,0.0231,0,0.4375,0.2162,0.76,0.23,1.0825
2010-06-26,5011862,5011862,1,53476200,30259900,36659200,19756200,16817000,0,0,677500,13446600,9879100,2338700,2338700,0.47,0.45,0.02,2645300,592200,-5711000,-2473500,10635800,71200,28.23,34.86,21.61,0.4714,0.136,3.36,8.23,22.4,0.02,0.0129,0.7996,0.3145,0.1993,0.68,0.51,1.5317
2010-03-27,5008748,5008748,1,56999900,33456100,39835200,20268600,17164700,0,0,677500,15739600,9842800,2181100,2181100,0.43,0.42,0,3959500,1755700,-2096700,3618500,13109300,77800,20.97,22.46,19.48,0.4098,0.112,3.43,7.01,19.06,0,0,0.917,0.3011,0.1746,0.64,0.77,1.6506
2009-12-26,5122233,5122233,1,56804500,32612000,41475800,20056300,15328700,0,0,677500,17357600,9383100,1460500,1460500,0.28,0.29,0,2563600,525600,-5140700,-2051500,9490800,31900,21.44,23,19.87,0.3775,0.0973,2.99,6.78,48.73,0,0,1.1324,0.2699,0.1568,0.62,0.49,1.626
2009-09-26,5231953,5231953,1,60910300,33486500,44373100,19406400,16537200,0,0,677500,20261200,9824800,1779500,1779500,0.34,0.33,0,3821700,1764400,-2746100,2840000,11542300,22100,18.98,21.95,16.02,0.1526,0.0382,3.16,6.46,54.23,0,0,1.2252,0.2715,0.0631,0.61,0.73,1.7255
2009-06-27,5297374,5297374,1,61661500,30012600,46112900,18935700,15548600,0,0,677500,22422500,8838100,1195300,1195300,0.22,0.22,0,4475400,468000,-1246700,3696700,8702300,42300,13.32,17.14,9.5,0.1233,0.031,2.94,4.88,44.4,0,0,1.4421,0.2522,0.0524,0.59,0.84,1.585
2009-03-28,5340989,5340989,1,61124600,26866400,46560400,18904700,14564200,0,0,677500,22753500,9250000,1413700,1413700,0.26,0.26,0,2813600,-358600,410600,2865600,5005600,691600,11.09,13.99,8.2,0.1058,0.0266,2.73,4.3,52.81,0,0,1.5623,0.2383,0.0451,0.59,0.4,1.4211
2008-12-27,5381669,5381669,1,58109800,24691500,44218600,18527300,13891200,0,0,677500,22065000,8700700,-2079200,-2079200,-0.37,-0.37,0,2583800,-1782400,-1562800,-761400,2140000,43600,14.38,18.49,10.28,0.0743,0.0188,2.58,4.62,20.84,0,0,1.5884,0.2391,0.0322,0.58,0.47,1.3327
2008-09-27,5454520,5454520,1,61673900,23687400,44685500,17669100,16988400,0,0,677500,23166200,9128200,1350800,1350800,0.24,0.24,0,3081200,-1210900,-1554100,316200,2901400,75000,16.54,19.49,13.6,0.2573,0.064,3.11,5.82,25.06,0,0,1.3636,0.2755,0.1113,0.58,0.55,1.3406
2008-06-28,5523383,5523383,1,62021600,23165900,46352400,15733600,15669200,0,0,625800,28279600,8717300,930500,930500,0.17,0.17,0,1860400,-3143100,2326800,1044100,2585200,15900,18.05,19.99,16.12,0.2624,0.0645,2.84,6.74,30.59,0,0,1.8048,0.2526,0.1103,0.58,0.33,1.4724
2008-03-29,5536773,5536773,1,60928400,19587200,46117400,17826200,14811000,0,0,625800,26148600,8877400,937300,937300,0.17,0.17,0,1458700,-1452400,281800,288100,1541100,100700,19.73,22.47,17,0.2486,0.0622,2.68,8.62,36.54,0,0,1.7655,0.2431,0.1024,0.61,0.25,1.0988
2007-12-29,5543823,5543823,1,56946800,15744600,44278100,17551100,12668700,0,0,625800,26171000,8023900,649200,649200,0.12,0.11,0,2317200,-8587500,6710400,440100,1253000,76000,21.05,23.11,19,0.2372,0.0626,2.29,8.56,36.93,0,0,2.0658,0.2225,0.0977,0.64,0.4,0.8971
2007-09-29,5419136,5419136,1,49664400,14619600,36357200,14682800,13307200,0,0,625800,21137400,7951800,1186200,1186200,0.22,0.21,0,1719400,-5160600,2703800,-737400,812900,71400,18.77,21.3,16.24,0.2362,0.0734,2.46,8.09,37.54,0,0,1.5884,0.2679,0.1071,0.69,0.3,0.9957
2007-06-30,5442778,5442778,1,45889100,14284400,33253400,19667300,12635700,0,0,625800,13081600,7562600,547200,547200,0.1,0.1,0,1429300,-3617200,2717600,529700,1550300,147900,17.97,19.7,16.24,0.2061,0.0716,2.32,7.71,35.24,0,0,1.0353,0.2754,0.0978,0.73,0.24,0.7263
2007-03-31,5467445,5467445,1,42145200,12621300,29408700,16224500,12736500,0,0,625800,12731600,7626900,662200,662200,0.12,0.12,0,788200,-4729900,3924500,-17200,1020600,107400,17.95,19.9,16,0.2101,0.081,2.33,6.23,31.49,0,0,0.9996,0.3022,0.106,0.76,0.12,0.7779
2006-12-30,5467445,5467445,1,37606100,11526700,21851100,9230100,15755000,0,0,625800,12138600,6888100,819400,819400,0.15,0.14,0,1747700,-2863400,851700,-264000,1037800,88600,21.18,24.27,18.09,0.2042,0.1036,2.88,8.24,50.43,0,0,0.7705,0.4189,0.125,0.83,0.3,1.2488
2006-09-30,5644542,5644542,1,34599300,10612400,20077700,7536900,14521600,0,0,607500,12046500,7239600,838200,838200,0.15,0.14,0,1611500,-2334000,681100,-41400,1301800,66800,24.3,27.13,21.46,0.1378,0.0837,2.57,10.08,57.86,0,0,0.8296,0.4197,0.0929,0.9,0.27,1.4081
2006-07-01,5632042,5632042,1,32362600,9195100,18815200,14581900,13547400,0,0,607500,3720000,6273300,650400,650400,0.11,0.11,0,237900,-4905100,4163400,-503800,1343200,111400,24.39,27.48,21.3,0.1298,0.0934,2.41,6.4,62.54,0,0,0.2746,0.4186,0.0996,0.94,0.02,0.6306
2006-04-01,6081042,6081042,1,27540700,7964900,4350700,3801700,23190000,0,0,607500,0,6969500,1113300,1113300,0.18,0.18,0,1495200,-2136100,-459800,-1100700,1847000,62200,22.05,24.09,20,0.111,0.0941,3.81,5.98,68.91,0,0,0,0.842,0.0951,0.99,0.24,2.0951
2005-12-31,6038037,6038037,1,26548700,8530500,4261800,3736600,22286900,0,0,607500,0,6795400,-68600,-68600,-0.01,-0.01,0,1046300,-3313600,134100,-2133200,2947700,90600,20.55,22.42,18.67,0.0936,0.0796,3.69,5.65,41.94,0,0,0,0.8395,0.079,1.01,0.16,2.283
2005-09-24,5972572,5972572,1,25817200,8728600,4047900,3482800,21769300,0,0,679900,0,6289100,926100,926100,0.15,0.14,0,1885700,-933300,-2597300,-1644900,5080900,-23300,19.25,22.56,15.95,0.1415,0.1215,3.64,4.94,38.5,0,0,0,0.8432,0.12,1.01,0.32,2.5062
2005-06-25,5972572,5972572,1,26893800,11054300,3599100,3283800,23294700,0,0,669500,0,6363800,542600,542600,0.09,0.08,0,776200,-575800,-115900,84500,6725800,29100,21.1,23.15,19.06,0.1477,0.1273,3.9,5.73,39.81,0,0,0,0.8662,0.1222,1.04,0.13,3.3663
2005-03-26,6084547,6084547,1,26214000,11614600,3821000,3542100,22393000,0,0,662100,0,7144700,699900,699900,0.12,0.11,0,1411600,-753800,0,657800,6641300,236800,22.75,27,18.5,0.1637,0.1409,3.68,6.3,36.11,0,0,0,0.8542,0.1278,1.1,0.19,3.279
2004-12-25,5964547,5964547,1,24772400,10961100,3214100,2974900,21558300,0,0,654600,0,6441800,980100,980100,0.17,0.16,0,941900,-3164900,27000,-2196000,5983500,26300,23.4,27.3,19.5,0.2075,0.1773,3.61,6.82,37.14,0,0,0,0.8703,0.1501,1.18,0.15,3.6845
2004-09-25,5964796,5964796,1,23894000,13040200,3459200,3253400,20434800,0,0,640400,0,6535900,1015300,1015300,0.17,0.15,0,1513400,-608000,106500,1011900,8179500,86900,22.24,24.99,19.5,0.2279,0.1912,3.43,6.89,34.22,0,0,0,0.8552,0.1464,1.31,0.24,4.0082
2004-06-26,5938906,5938906,1,22257000,11969500,3058400,2879300,19198600,0,0,624000,0,6660500,726300,726300,0.12,0.11,0,465800,-36300,914700,1344200,7167600,88100,25.38,27.49,23.26,0.2551,0.2094,3.23,8.35,38.45,0,0,0,0.8626,0.1423,1.47,0.06,4.1571
2004-03-27,5762806,5762806,1,21153800,10854900,3659500,3517100,17494300,0,0,613000,0,7563700,1360300,1360300,0.24,0.21,0,1786300,-542500,426300,1670100,5823400,9600,21.57,25.19,17.95,0.2858,0.2281,3.04,7.99,34.24,0,0,0,0.827,0.1397,1.63,0.31,3.0863
2003-12-27,5714096,5714096,1,19159400,10274600,3754200,3640300,15405200,0,0,600600,0,7460900,1030400,1030400,0.18,0.16,0,1286500,-177100,37000,1146400,4153300,-4900,18.57,19.87,17.26,0.2995,0.231,2.7,7.46,29.02,0,0,0,0.8041,0.1284,1.8,0.23,2.8225
2003-09-27,5666596,5666596,1,18051400,9303300,3958100,3859900,14093300,0,0,587300,0,7987800,1104100,1104100,0.2,0.17,0,1623000,-2937300,250100,-1064200,3006900,9700,13.74,13.87,13.61,0.3157,0.2377,2.49,6.16,21.47,0,0,0,0.7807,0.1256,1.89,0.28,2.4102
2003-06-28,5616596,5616596,1,16188500,10333000,3682400,3619600,12506100,0,0,578700,0,7414500,756400,756400,0.13,0.12,0,680900,1044300,75200,1800400,4071100,5700,11.25,14.49,8,0.3367,0.2429,2.23,5.46,17.58,0,0,0,0.7725,0.1234,1.97,0.12,2.8547
2003-03-29,5615586,5615586,1,16095400,9651900,4511500,4440800,11583900,0,0,558300,0,8380200,1122200,1122200,0.2,0.18,0,1503900,-2338200,-1625000,-2459300,2270700,36800,10.38,12.29,8.48,0.3626,0.2508,2.06,4.9,16.48,0,0,0,0.7197,0.1189,2.11,0.26,2.1735
2002-12-28,5607197,5607197,1,16184800,11661500,4284100,4193900,11900700,0,0,538700,0,7693800,970300,970300,0.17,0.17,0,1411000,700000,200000,2311000,4730000,65800,9.76,10.52,9,0.3943,0.2581,2.12,5.36,17.43,0,0,0,0.7353,0.1146,2.25,0.24,2.7806
2002-09-28,5717197,5717197,1,15880000,12627400,5446600,5310700,10433400,0,0,538700,0,8185300,1058700,1058700,0.19,0.17,0,1646400,-2165400,472100,-46900,375500,7600,10.16,11.01,9.3,0.4113,0.2489,1.82,6.55,16.93,0,0,0,0.657,0.1013,2.46,0.29,2.3777
2002-06-29,5717197,5717197,1,13642100,12362900,4809000,4557800,8833100,0,0,538700,69500,8334800,724000,724000,0.13,0.12,0,800700,-1530900,474600,-255600,422400,26600,10.81,12.1,9.52,0.4986,0.276,1.55,7.61,18.32,0,0,0.0079,0.6475,0.1041,2.65,0.14,2.7125
2002-03-30,5402197,5402197,1,13639300,12207500,5968200,5671200,7671100,0,0,538700,69500,9211200,1075900,1075900,0.2,0.17,0,1532600,-1801700,-105900,-375000,678000,30100,9.84,11.15,8.54,0.5645,0.2694,1.42,8,17.89,0,0,0.0091,0.5624,0.1013,2.66,0.28,2.1525
2001-12-29,5383354,5383354,1,12289000,10567700,5668600,5237300,6620400,0,0,486200,158000,8325000,592000,592000,0.11,0.1,0,571300,-2937200,-146900,-2512800,1053000,2700,9.35,11.2,7.5,0.5883,0.2337,1.23,8.27,16.4,0,0,0.0239,0.5387,0.0886,2.64,0.11,2.0178
2001-09-29,5383354,5383354,1,13219300,11231800,7124100,6647000,6095200,0,0,486200,158000,9134300,1250700,1250700,0.23,0.21,0,3457600,-20600,-4233600,-796600,3565800,20600,7.08,7.86,6.3,0.7077,0.2301,1.13,7.87,14.16,0,0,0.0259,0.4611,0.085,2.71,0.64,1.6898
2001-06-30,5392254,5392254,1,13727400,11755000,8882900,5383700,4844500,0,0,486200,3134400,8475300,642100,642100,0.12,0.11,0,1279100,6500,-750300,535300,4362400,-6500,5.59,6.8,4.38,0.7685,0.1859,0.9,7.17,93.17,0,0,0.647,0.3529,0.0676,2.75,0.24,2.1834
2001-03-31,5392254,5392254,1,15491500,13238100,11312000,7081600,4179500,0,0,486200,3819800,10152300,712700,712700,0.13,0.13,0,2129800,-32700,-275100,1822000,3827100,32700,4.81,5.5,4.13,0.1244,0.021,0.78,7.52,None,0,0,0.9139,0.2698,0.0075,2.8,0.39,1.8694
2000-12-30,5386433,5386433,1,14720800,12229300,11254000,6836600,3466800,0,0,524300,3961000,10914200,682900,682900,0.12,0.12,0,-474000,-59400,-168400,-701800,2005100,59400,5.47,7,3.94,-0.1456,-0.0186,0.64,15.19,None,0,None,1.1426,0.2355,None,2.52,-0.1,1.7888
2000-09-23,5386433,5386433,1,15806300,13257800,13845100,8517100,1961200,0,0,524300,4825800,11541500,739000,739000,0.14,0.14,0,3574300,3392400,-4434500,2532200,2706900,-3327000,4.29,4.69,3.88,-0.8328,-0.0834,0.36,18.65,None,0,None,2.4606,0.1241,None,2.33,1.28,1.5566
2000-06-24,5386433,5386433,1,18024500,12497700,16802400,16405800,1222100,0,0,524300,396600,12283800,-1797700,-1797700,-0.33,-0.33,0,4729600,-154500,-4400400,174700,174700,154500,6.63,8.75,4.5,None,-0.3759,0.23,12.05,None,0,None,0.3245,0.0678,None,2.16,0.85,0.7618
2000-03-25,5386433,5386433,1,26935900,19404400,23951700,17185300,2984200,0,0,524300,6766400,12807300,25100,25100,0,0,0,2316800,-220800,-2096000,0,0,220200,5.72,8.44,3,None,-0.2734,0.55,10.59,None,0,None,2.2674,0.1108,None,1.98,0.39,1.1291
1999-12-25,5381119,5381119,1,29641800,21972200,26752700,19224200,2889100,0,0,1814400,7528500,16084600,-851900,-851900,-0.16,-0.16,0,172900,387000,-559900,0,0,101500,4,5.13,2.88,None,-0.2578,0.54,5.56,None,0,None,2.6058,0.0975,None,2,0.01,1.1429
1999-09-25,5346119,5346119,1,32515400,24239800,28664100,19900100,3851300,0,0,1814400,8764000,16673600,-7440900,-7440900,-1.43,-1.43,0,2112600,-856600,-1287200,-31200,0,435300,6.5,8.5,4.5,-0.7928,-0.1881,0.72,3.19,17.57,0,None,2.2756,0.1184,None,2.05,0.31,1.2181
1999-06-26,5163128,5163128,1,33658700,19615200,23137300,14025900,10521400,0,0,5573500,9111400,15264800,-121300,-121300,-0.02,-0.02,0,886100,-1283000,-173200,-570100,31200,1164400,9.41,12.31,6.5,0.2037,0.0552,2.04,4.71,8.79,0,0,0.866,0.3126,0.0252,2.19,-0.05,1.3985
1999-03-27,5128128,5128128,1,37435500,24062000,27157800,17338800,10277700,0,0,5577800,9819000,18535400,-175200,-175200,-0.03,-0.03,0,-1793300,-1403600,1380200,-1816700,601300,1104500,12.78,13.31,12.25,0.4964,0.1638,2,6.39,10.56,0,0,0.9554,0.2745,0.0714,2.29,-0.57,1.3878
1998-12-26,5093355,5093355,1,43140900,30594500,32976000,29491400,10164900,0,0,5377300,3484600,24745700,836800,836800,0.16,0.16,0,-5134400,-964400,8516800,2418000,2418000,964400,11.63,13.75,9.5,0.4918,0.1847,2,6.43,10.38,0,0,0.3428,0.2356,0.0752,2.46,-1.2,1.0374
1998-09-26,5073492,5073492,1,33853600,22387500,24683500,20662700,9170100,0,0,5482100,4020800,22484000,1503100,1503100,0.27,0.26,0,1023700,-658600,-9874100,-9509000,0,658600,14.13,15.25,13,0.4127,0.1804,1.81,3.95,13.33,0,0,0.4385,0.2709,0.0693,2.6,0.07,1.0835
1998-06-27,6089470,6089470,1,41357800,30130300,19574900,16390800,21782900,0,0,5578200,3184100,23497800,4213000,4213000,0.7,0.68,0,4176400,812300,-500200,4488500,9509000,576200,13.44,13.88,13,0.3528,0.17,3.58,4.51,24.89,0,0,0.1462,0.5267,0.0672,2.53,0.59,1.8382
1998-03-28,5981853,5981853,1,38506500,26299200,20705700,17222400,17800800,0,0,6641400,3483300,25623400,690900,690900,0.12,0.11,0,3109200,-123900,-1052800,1932500,5020500,103700,12.63,13.25,12,0.1935,0.0948,2.98,4.31,24.29,0,0,0.1957,0.4623,0.0354,2.68,0.5,1.527
1997-12-27,5951134,5951134,1,37754600,25176200,20303900,16035700,17450700,0,0,6776500,4268200,26968400,423000,423000,0.07,None,0,999700,-2153500,-1142100,-2295900,3088000,-103300,14.07,16.25,11.88,0.1854,0.0955,2.93,4.82,None,0,0,0.2446,0.4622,0.0364,2.63,0.19,1.57
1997-09-27,6076114,6076114,1,37576600,24665300,19830400,15170500,17746200,0,0,6915900,4659900,22078500,1269000,1269000,0.2,None,0,2773600,-5041600,5975300,3707300,5383900,756900,13.84,17.25,10.44,None,None,2.92,5,None,0,None,0.2626,0.4723,None,None,0.33,1.6259
1997-06-28,6054070,6054070,1,28614700,20318600,11817300,11590700,16797400,0,0,2698800,226600,20679000,994000,994000,0.16,None,0,-256600,257600,-1668600,-1667600,1676600,-327100,10.82,11.13,10.5,None,None,2.77,3.76,None,0,None,0.0135,0.587,None,None,0.01,1.753
1997-03-29,6141915,6141915,1,31343400,22470900,13641300,13548600,17702100,0,0,2845600,92700,19109400,545200,545200,0.09,None,0,2572700,-40400,-576900,1955400,3344200,40400,10.75,12.75,8.75,None,None,2.88,3.8,None,0,None,0.0052,0.5648,None,None,0.41,1.6585
1996-12-28,6257044,6257044,1,29176500,19865500,11479000,11350000,17697500,0,0,3550500,129000,None,None,None,None,None,0,None,None,None,None,1388800,0,9.63,10.5,8.75,None,None,2.83,None,None,0,None,0.0073,0.6066,None,None,None,1.7503
1996-09-28,6250000,6250000,1,None,None,None,None,None,0,0,0,0,21571700,887800,887800,0.14,None,0,None,None,None,None,None,0,8.29,9.75,6.84,None,None,None,None,None,0,None,None,None,None,None,None,None
1996-06-29,6249194,6249194,1,32825900,22949700,16382200,16188000,16443700,0,0,3352100,194200,25008800,467500,467500,0.07,None,0,None,None,None,None,445500,0,8.29,9.75,6.84,None,None,2.63,None,None,0,None,0.0118,0.5009,None,None,None,1.4177
